{"id":"gen9nationaldex-1992151410","p1":"The power of ROCK","p2":"CuriousStraightGuy","format":"[Gen 9] National Dex","log":"|j|\u2606The power of ROCK\n|j|\u2606CuriousStraightGuy\n|t:|1700159284\n|gametype|singles\n|player|p1|The power of ROCK|roark|\n|player|p2|CuriousStraightGuy|may|\n|teamsize|p1|6\n|teamsize|p2|6\n|gen|9\n|tier|[Gen 9] National Dex\n|rule|HP Percentage Mod: HP is shown in percentages\n|rule|Endless Battle Clause: Forcing endless battles is banned\n|rule|OHKO Clause: OHKO moves are banned\n|rule|Evasion Clause: Evasion abilities, items, and moves are banned\n|rule|Evasion Abilities Clause: Evasion abilities are banned\n|rule|Evasion Items Clause: Evasion items are banned\n|rule|Evasion Moves Clause: Evasion moves are banned\n|rule|Species Clause: Limit one of each Pok\u00e9mon\n|rule|Sleep Clause Mod: Limit one foe put to sleep\n|clearpoke\n|poke|p1|Tyranitar, M|\n|poke|p1|Garganacl, F|\n|poke|p1|Aggron, F|\n|poke|p1|Cradily, M|\n|poke|p1|Glimmora, M|\n|poke|p1|Avalugg-Hisui, M|\n|poke|p2|Swampert, M|\n|poke|p2|Pelipper, F|\n|poke|p2|Magcargo, M|\n|poke|p2|Swellow, M|\n|poke|p2|Claydol|\n|poke|p2|Breloom, F|\n|teampreview\n|c|\u2606CuriousStraightGuy|wow\n|c|\u2606CuriousStraightGuy|rock team\n|c|\u2606The power of ROCK|Welcome to the ROCK gym\n|c|\u2606CuriousStraightGuy|i bought some contacts lenses, little di i know they feel out the bag under my copilot car seat. when i got home and noticed the lenses werent there, i went back to the store and told them \"wtf? no lenses?\" they gave me a new pair. Two days after i found the other pair under my car seat. now i have 4 pairs. should i return them?\n|c|\u2606The power of ROCK|nope still not reading that xD\n|\n|t:|1700159332\n|start\n|switch|p1a: Garganacl|Garganacl, F|100\/100\n|switch|p2a: Breloom|Breloom, F|100\/100\n|turn|1\n|inactive|Battle timer is ON: inactive players will automatically lose when time's up. (requested by CuriousStraightGuy)\n|\n|t:|1700159353\n|-terastallize|p1a: Garganacl|Ghost\n|move|p2a: Breloom|Bullet Seed|p1a: Garganacl\n|-damage|p1a: Garganacl|86\/100\n|-damage|p1a: Garganacl|72\/100\n|-hitcount|p1a: Garganacl|2\n|move|p1a: Garganacl|Iron Defense|p1a: Garganacl\n|-boost|p1a: Garganacl|def|2\n|\n|upkeep\n|turn|2\n|\n|t:|1700159359\n|move|p2a: Breloom|Spore|p1a: Garganacl\n|-immune|p1a: Garganacl|[from] ability: Purifying Salt\n|move|p1a: Garganacl|Salt Cure|p2a: Breloom\n|-resisted|p2a: Breloom\n|-damage|p2a: Breloom|90\/100\n|-start|p2a: Breloom|Salt Cure\n|\n|-damage|p2a: Breloom|78\/100|[from] Salt Cure\n|upkeep\n|turn|3\n|\n|t:|1700159362\n|switch|p2a: Swellow|Swellow, M|100\/100\n|move|p1a: Garganacl|Body Press|p2a: Swellow\n|-damage|p2a: Swellow|11\/100\n|\n|upkeep\n|turn|4\n|\n|t:|1700159365\n|-terastallize|p2a: Swellow|Normal\n|move|p2a: Swellow|Boomburst|p1a: Garganacl\n|-damage|p1a: Garganacl|8\/100\n|-enditem|p1a: Garganacl|Maranga Berry|[eat]\n|-boost|p1a: Garganacl|spd|1|[from] item: Maranga Berry\n|move|p1a: Garganacl|Recover|p1a: Garganacl\n|-heal|p1a: Garganacl|58\/100\n|\n|upkeep\n|turn|5\n|\n|t:|1700159372\n|move|p2a: Swellow|Boomburst|p1a: Garganacl\n|-damage|p1a: Garganacl|13\/100\n|move|p1a: Garganacl|Recover|p1a: Garganacl\n|-heal|p1a: Garganacl|63\/100\n|\n|upkeep\n|turn|6\n|\n|t:|1700159379\n|move|p2a: Swellow|Boomburst|p1a: Garganacl\n|-damage|p1a: Garganacl|16\/100\n|move|p1a: Garganacl|Recover|p1a: Garganacl\n|-heal|p1a: Garganacl|66\/100\n|\n|upkeep\n|turn|7\n|\n|t:|1700159383\n|switch|p1a: Tyranitar|Tyranitar, M|100\/100\n|-weather|Sandstorm|[from] ability: Sand Stream|[of] p1a: Tyranitar\n|move|p2a: Swellow|Boomburst|p1a: Tyranitar\n|-resisted|p1a: Tyranitar\n|-damage|p1a: Tyranitar|86\/100\n|\n|-weather|Sandstorm|[upkeep]\n|-damage|p2a: Swellow|5\/100|[from] Sandstorm\n|upkeep\n|turn|8\n|\n|t:|1700159389\n|move|p2a: Swellow|Boomburst|p1a: Tyranitar\n|-resisted|p1a: Tyranitar\n|-damage|p1a: Tyranitar|72\/100\n|move|p1a: Tyranitar|Pursuit|p2a: Swellow\n|-damage|p2a: Swellow|0 fnt\n|faint|p2a: Swellow\n|\n|-weather|Sandstorm|[upkeep]\n|upkeep\n|\n|t:|1700159392\n|switch|p2a: Pelipper|Pelipper, F|100\/100\n|-weather|RainDance|[from] ability: Drizzle|[of] p2a: Pelipper\n|turn|9\n|\n|t:|1700159404\n|switch|p1a: Cradily|Cradily, M|100\/100\n|move|p2a: Pelipper|Surf|p1a: Cradily\n|-ability|p1a: Cradily|Storm Drain|boost\n|-boost|p1a: Cradily|spa|1\n|\n|-weather|RainDance|[upkeep]\n|upkeep\n|turn|10\n|\n|t:|1700159408\n|move|p2a: Pelipper|U-turn|p1a: Cradily\n|-supereffective|p1a: Cradily\n|-damage|p1a: Cradily|89\/100\n|\n|t:|1700159413\n|switch|p2a: Breloom|Breloom, F|78\/100|[from] U-turn\n|move|p1a: Cradily|Infestation|p2a: Breloom\n|-crit|p2a: Breloom\n|-damage|p2a: Breloom|61\/100\n|-activate|p2a: Breloom|move: Infestation|[of] p1a: Cradily\n|\n|-weather|RainDance|[upkeep]\n|-damage|p2a: Breloom|45\/100|[from] move: Infestation|[partiallytrapped]\n|upkeep\n|turn|11\n|inactive|The power of ROCK has 270 seconds left.\n|\n|t:|1700159457\n|move|p2a: Breloom|Bullet Seed|p1a: Cradily\n|-damage|p1a: Cradily|77\/100\n|-damage|p1a: Cradily|63\/100\n|-hitcount|p1a: Cradily|2\n|move|p1a: Cradily|Infestation|p2a: Breloom\n|-damage|p2a: Breloom|34\/100\n|\n|-weather|RainDance|[upkeep]\n|-damage|p2a: Breloom|18\/100|[from] move: Infestation|[partiallytrapped]\n|upkeep\n|turn|12\n|\n|t:|1700159464\n|move|p2a: Breloom|Close Combat|p1a: Cradily\n|-supereffective|p1a: Cradily\n|-damage|p1a: Cradily|0 fnt\n|-unboost|p2a: Breloom|def|1\n|-unboost|p2a: Breloom|spd|1\n|faint|p1a: Cradily\n|\n|-weather|RainDance|[upkeep]\n|-end|p2a: Breloom|Infestation|[partiallytrapped]|[silent]\n|upkeep\n|inactive|The power of ROCK has 270 seconds left.\n|\n|t:|1700159475\n|switch|p1a: Glimmora|Glimmora, M|100\/100\n|turn|13\n|inactive|The power of ROCK has 270 seconds left.\n|\n|t:|1700159488\n|move|p1a: Glimmora|Mortal Spin|p2a: Breloom\n|-supereffective|p2a: Breloom\n|-damage|p2a: Breloom|0 fnt\n|faint|p2a: Breloom\n|\n|-weather|RainDance|[upkeep]\n|upkeep\n|\n|t:|1700159494\n|switch|p2a: Swampert|Swampert, M|100\/100\n|turn|14\n|inactive|The power of ROCK has 270 seconds left.\n|\n|t:|1700159505\n|detailschange|p2a: Swampert|Swampert-Mega, M\n|-mega|p2a: Swampert|Swampert|Swampertite\n|move|p2a: Swampert|Earthquake|p1a: Glimmora\n|-supereffective|p1a: Glimmora\n|-damage|p1a: Glimmora|0 fnt\n|-activate|p1a: Glimmora|ability: Toxic Debris\n|-sidestart|p2: CuriousStraightGuy|move: Toxic Spikes\n|faint|p1a: Glimmora\n|\n|-weather|RainDance|[upkeep]\n|upkeep\n|\n|t:|1700159510\n|switch|p1a: Aggron|Aggron, F|100\/100\n|turn|15\n|\n|t:|1700159518\n|detailschange|p1a: Aggron|Aggron-Mega, F\n|-mega|p1a: Aggron|Aggron|Aggronite\n|move|p2a: Swampert|Earthquake|p1a: Aggron\n|-supereffective|p1a: Aggron\n|-damage|p1a: Aggron|65\/100\n|move|p1a: Aggron|Iron Defense|p1a: Aggron\n|-boost|p1a: Aggron|def|2\n|\n|-weather|RainDance|[upkeep]\n|upkeep\n|turn|16\n|c|\u2606CuriousStraightGuy|thats not a rock pokemon\n|\n|t:|1700159534\n|switch|p2a: Claydol|Claydol|100\/100\n|move|p1a: Aggron|Body Press|p2a: Claydol\n|-resisted|p2a: Claydol\n|-damage|p2a: Claydol|64\/100\n|\n|-weather|none\n|-heal|p2a: Claydol|71\/100|[from] item: Leftovers\n|upkeep\n|turn|17\n|c|\u2606The power of ROCK|!dt aggron\n|raw|<div class=\"message\"><ul class=\"utilichart\"><li class=\"result\"><span class=\"col numcol\">RU<\/span> <span class=\"col iconcol\"><psicon pokemon=\"aggron\"\/><\/span> <span class=\"col pokemonnamecol\" style=\"white-space:nowrap\"><a href=\"https:\/\/dex.pokemonshowdown.com\/pokemon\/aggron\" target=\"_blank\">Aggron<\/a><\/span> <span class=\"col typecol\"><img src=\"https:\/\/play.pokemonshowdown.com\/sprites\/types\/Steel.png\" alt=\"Steel\" height=\"14\" width=\"32\"><img src=\"https:\/\/play.pokemonshowdown.com\/sprites\/types\/Rock.png\" alt=\"Rock\" height=\"14\" width=\"32\"><\/span> <span style=\"float:left;min-height:26px\"><span class=\"col twoabilitycol\">Sturdy<br \/>Rock Head<\/span><span class=\"col abilitycol\"><em>Heavy Metal<\/em><\/span><\/span><span style=\"float:left;min-height:26px\"><span class=\"col statcol\"><em>HP<\/em><br \/>70<\/span> <span class=\"col statcol\"><em>Atk<\/em><br \/>110<\/span> <span class=\"col statcol\"><em>Def<\/em><br \/>180<\/span> <span class=\"col statcol\"><em>SpA<\/em><br \/>60<\/span> <span class=\"col statcol\"><em>SpD<\/em><br \/>60<\/span> <span class=\"col statcol\"><em>Spe<\/em><br \/>50<\/span> <span class=\"col bstcol\"><em>BST<br \/>530<\/em><\/span> <\/span><\/li><li style=\"clear:both\"><\/li><\/ul><\/div>\n|raw|<font size=\"1\"><font color=\"#686868\">Dex#:<\/font> 306&nbsp;|&ThickSpace;<font color=\"#686868\">Gen:<\/font> 3&nbsp;|&ThickSpace;<font color=\"#686868\">Height:<\/font> 2.1 m&nbsp;|&ThickSpace;<font color=\"#686868\">Weight:<\/font> 360 kg <em>(120 BP)<\/em>&nbsp;|&ThickSpace;<font color=\"#686868\">Dex Colour:<\/font> Gray&nbsp;|&ThickSpace;<font color=\"#686868\">Egg Group(s):<\/font> Monster&nbsp;|&ThickSpace;<font color=\"#686868\">Pre-Evolution:<\/font> Lairon&nbsp;|&ThickSpace;<font color=\"#686868\">Does Not Evolve<\/font><\/font>\n\n|c|\u2606The power of ROCK|lies\n|c|\u2606CuriousStraightGuy|!dt mega aggron\n|raw|<div class=\"message\"><ul class=\"utilichart\"><li class=\"result\"><span class=\"col numcol\">RU<\/span> <span class=\"col iconcol\"><psicon pokemon=\"aggronmega\"\/><\/span> <span class=\"col pokemonnamecol\" style=\"white-space:nowrap\"><a href=\"https:\/\/dex.pokemonshowdown.com\/pokemon\/aggronmega\" target=\"_blank\">Aggron-Mega<\/a><\/span> <span class=\"col typecol\"><img src=\"https:\/\/play.pokemonshowdown.com\/sprites\/types\/Steel.png\" alt=\"Steel\" height=\"14\" width=\"32\"><\/span> <span style=\"float:left;min-height:26px\"><span class=\"col abilitycol\">Filter<\/span><span class=\"col abilitycol\"><\/span><\/span><span style=\"float:left;min-height:26px\"><span class=\"col statcol\"><em>HP<\/em><br \/>70<\/span> <span class=\"col statcol\"><em>Atk<\/em><br \/>140<\/span> <span class=\"col statcol\"><em>Def<\/em><br \/>230<\/span> <span class=\"col statcol\"><em>SpA<\/em><br \/>60<\/span> <span class=\"col statcol\"><em>SpD<\/em><br \/>80<\/span> <span class=\"col statcol\"><em>Spe<\/em><br \/>50<\/span> <span class=\"col bstcol\"><em>BST<br \/>630<\/em><\/span> <\/span><\/li><li style=\"clear:both\"><\/li><\/ul><\/div>\n|raw|<font size=\"1\"><font color=\"#686868\">Dex#:<\/font> 306&nbsp;|&ThickSpace;<font color=\"#686868\">Gen:<\/font> 6&nbsp;|&ThickSpace;<font color=\"#686868\">Height:<\/font> 2.2 m&nbsp;|&ThickSpace;<font color=\"#686868\">Weight:<\/font> 395 kg <em>(120 BP)<\/em>&nbsp;|&ThickSpace;<font color=\"#686868\">Dex Colour:<\/font> Gray&nbsp;|&ThickSpace;<font color=\"#686868\">Egg Group(s):<\/font> Monster&nbsp;|&ThickSpace;<font color=\"#686868\">Does Not Evolve<\/font><\/font>\n\n|c|\u2606CuriousStraightGuy|its steel only\n|\n|t:|1700159548\n|switch|p1a: Garganacl|Garganacl, F, tera:Ghost|66\/100\n|move|p2a: Claydol|Rapid Spin|p1a: Garganacl\n|-immune|p1a: Garganacl\n|\n|-heal|p2a: Claydol|77\/100|[from] item: Leftovers\n|upkeep\n|turn|18\n|c|\u2606The power of ROCK|nope nuh uh\n|c|\u2606The power of ROCK|aggron starts as a ROCK type\n|c|\u2606CuriousStraightGuy|no\n|inactive|CuriousStraightGuy has 270 seconds left.\n|c|\u2606CuriousStraightGuy|im going to forfeit im not going to be subject to these lies and unoriginal and mediocre team of yours\n|c|\u2606CuriousStraightGuy|bye\n|-message|CuriousStraightGuy forfeited.\n|\n|win|The power of ROCK\n|c|\u2606The power of ROCK|ooof xD\n|c|\u2606CuriousStraightGuy|educate yourself on rock pokemon please\n|c|\u2606The power of ROCK|oof  ; -;\n|c|\u2606CuriousStraightGuy|This was disrespectful near damn reportable\n","uploadtime":1700159597,"views":11,"p1id":"thepowerofrock","p2id":"curiousstraightguy","formatid":"gen9nationaldex","rating":0,"private":0,"password":""}