{"id":"gen9nationaldex-1998981163","p1":"toad23","p2":"Grrimm32","format":"[Gen 9] National Dex","log":"|html|<div class=\"broadcast-blue\"><strong>[Gen 9] National Dex is currently suspecting Sneasler! For information on how to participate check out the <a href=\"https:\/\/www.smogon.com\/forums\/threads\/sv-national-dex-suspect-8-just-dance.3731534\/\">suspect thread<\/a>.<\/strong><\/div>\n|j|\u2606toad23\n|j|\u2606Grrimm32\n|t:|1701020382\n|gametype|singles\n|player|p1|toad23|gentleman-gen4|1174\n|player|p2|Grrimm32|alec-anime|1281\n|teamsize|p1|6\n|teamsize|p2|6\n|gen|9\n|tier|[Gen 9] National Dex\n|rated|\n|rule|HP Percentage Mod: HP is shown in percentages\n|rule|Endless Battle Clause: Forcing endless battles is banned\n|rule|OHKO Clause: OHKO moves are banned\n|rule|Evasion Clause: Evasion abilities, items, and moves are banned\n|rule|Evasion Abilities Clause: Evasion abilities are banned\n|rule|Evasion Items Clause: Evasion items are banned\n|rule|Evasion Moves Clause: Evasion moves are banned\n|rule|Species Clause: Limit one of each Pok\u00e9mon\n|rule|Sleep Clause Mod: Limit one foe put to sleep\n|clearpoke\n|poke|p1|Cloyster, M|\n|poke|p1|Togekiss, M|\n|poke|p1|Garchomp, M|\n|poke|p1|Scizor, F|\n|poke|p1|Gengar, M|\n|poke|p1|Blaziken, F|\n|poke|p2|Clawitzer, F|\n|poke|p2|Blaziken, M|\n|poke|p2|Mawile, F|\n|poke|p2|Celesteela|\n|poke|p2|Great Tusk|\n|poke|p2|Ribombee, F|\n|teampreview\n|inactive|Battle timer is ON: inactive players will automatically lose when time's up. (requested by toad23)\n|\n|t:|1701020390\n|start\n|switch|p1a: Gengar|Gengar, M|100\/100\n|switch|p2a: Sticky Fingers|Ribombee, F, shiny|100\/100\n|turn|1\n|\n|t:|1701020397\n|move|p1a: Gengar|Sludge Bomb|p2a: Sticky Fingers\n|-supereffective|p2a: Sticky Fingers\n|-enditem|p2a: Sticky Fingers|Focus Sash\n|-damage|p2a: Sticky Fingers|1\/100\n|move|p2a: Sticky Fingers|Sticky Web|p1a: Gengar\n|-sidestart|p1: toad23|move: Sticky Web\n|\n|upkeep\n|turn|2\n|\n|t:|1701020404\n|move|p1a: Gengar|Sludge Bomb|p2a: Sticky Fingers\n|-supereffective|p2a: Sticky Fingers\n|-damage|p2a: Sticky Fingers|0 fnt\n|faint|p2a: Sticky Fingers\n|\n|upkeep\n|\n|t:|1701020408\n|switch|p2a: Love Deluxe|Mawile, F|100\/100\n|-ability|p2a: Love Deluxe|Intimidate|boost\n|-unboost|p1a: Gengar|atk|1\n|turn|3\n|\n|t:|1701020415\n|detailschange|p2a: Love Deluxe|Mawile-Mega, F\n|-mega|p2a: Love Deluxe|Mawile|Mawilite\n|move|p1a: Gengar|Sludge Bomb|p2a: Love Deluxe\n|-immune|p2a: Love Deluxe\n|move|p2a: Love Deluxe|Swords Dance|p2a: Love Deluxe\n|-boost|p2a: Love Deluxe|atk|2\n|\n|upkeep\n|turn|4\n|-message|toad23 forfeited.\n|\n|win|Grrimm32\n|raw|toad23's rating: 1174 &rarr; <strong>1156<\/strong><br \/>(-18 for losing)\n|raw|Grrimm32's rating: 1281 &rarr; <strong>1299<\/strong><br \/>(+18 for winning)\n|l|\u2606toad23\n","uploadtime":1701020426,"views":11,"p1id":"toad23","p2id":"grrimm32","formatid":"gen9nationaldex","rating":1156,"private":0,"password":""}