{"id":"gen9nationaldex-1993043928","p1":"zany394","p2":"nosejugar957","format":"[Gen 9] National Dex","log":"|j|\u2606zany394\n|j|\u2606nosejugar957\n|t:|1700258573\n|gametype|singles\n|player|p1|zany394|169|1115\n|player|p2|nosejugar957|red|1185\n|teamsize|p1|6\n|teamsize|p2|6\n|gen|9\n|tier|[Gen 9] National Dex\n|rated|\n|rule|HP Percentage Mod: HP is shown in percentages\n|rule|Endless Battle Clause: Forcing endless battles is banned\n|rule|OHKO Clause: OHKO moves are banned\n|rule|Evasion Clause: Evasion abilities, items, and moves are banned\n|rule|Evasion Abilities Clause: Evasion abilities are banned\n|rule|Evasion Items Clause: Evasion items are banned\n|rule|Evasion Moves Clause: Evasion moves are banned\n|rule|Species Clause: Limit one of each Pok\u00e9mon\n|rule|Sleep Clause Mod: Limit one foe put to sleep\n|clearpoke\n|poke|p1|Charizard, M|\n|poke|p1|Mimikyu, F|\n|poke|p1|Grimmsnarl, M|\n|poke|p1|Ogerpon-Wellspring, F|\n|poke|p1|Ferrothorn, F|\n|poke|p1|Glimmora, M|\n|poke|p2|Aegislash, F|\n|poke|p2|Sneasler, F|\n|poke|p2|Tapu Koko|\n|poke|p2|Gliscor, F|\n|poke|p2|Iron Valiant|\n|poke|p2|Ferrothorn, F|\n|teampreview\n|\n|t:|1700258588\n|start\n|switch|p1a: Glimmora|Glimmora, M|100\/100\n|switch|p2a: Ferrothorn|Ferrothorn, F|100\/100\n|turn|1\n|\n|t:|1700258603\n|move|p1a: Glimmora|Mortal Spin|p2a: Ferrothorn\n|-immune|p2a: Ferrothorn\n|move|p2a: Ferrothorn|Substitute|p2a: Ferrothorn\n|-start|p2a: Ferrothorn|Substitute\n|-damage|p2a: Ferrothorn|76\/100\n|\n|upkeep\n|turn|2\n|\n|t:|1700258615\n|move|p1a: Glimmora|Earth Power|p2a: Ferrothorn\n|-activate|p2a: Ferrothorn|move: Substitute|[damage]\n|move|p2a: Ferrothorn|Spikes|p1a: Glimmora\n|-sidestart|p1: zany394|Spikes\n|\n|upkeep\n|turn|3\n|\n|t:|1700258632\n|move|p2a: Ferrothorn|Protect|p2a: Ferrothorn\n|-singleturn|p2a: Ferrothorn|Protect\n|move|p1a: Glimmora|Earth Power|p2a: Ferrothorn\n|-activate|p2a: Ferrothorn|move: Protect\n|\n|upkeep\n|turn|4\n|\n|t:|1700258642\n|switch|p2a: Gliscor|Gliscor, F|100\/100\n|move|p1a: Glimmora|Earth Power|p2a: Gliscor\n|-immune|p2a: Gliscor\n|\n|-status|p2a: Gliscor|tox|[from] item: Toxic Orb\n|upkeep\n|turn|5\n|\n|t:|1700258650\n|move|p1a: Glimmora|Mortal Spin|p2a: Gliscor\n|-resisted|p2a: Gliscor\n|-damage|p2a: Gliscor|98\/100 tox\n|-sideend|p1: zany394|Spikes|[from] move: Mortal Spin|[of] p1a: Glimmora\n|move|p2a: Gliscor|Stealth Rock|p1a: Glimmora\n|-sidestart|p1: zany394|move: Stealth Rock\n|\n|-heal|p2a: Gliscor|100\/100 tox|[from] ability: Poison Heal\n|upkeep\n|turn|6\n|\n|t:|1700258662\n|switch|p2a: Ferrothorn|Ferrothorn, F|76\/100\n|move|p1a: Glimmora|Memento|p2a: Ferrothorn\n|-unboost|p2a: Ferrothorn|atk|2\n|-unboost|p2a: Ferrothorn|spa|2\n|faint|p1a: Glimmora\n|\n|upkeep\n|\n|t:|1700258665\n|switch|p1a: Charizard|Charizard, M|100\/100\n|-damage|p1a: Charizard|51\/100|[from] Stealth Rock\n|turn|7\n|-message|zany394 forfeited.\n|\n|win|nosejugar957\n|raw|zany394's rating: 1115 &rarr; <strong>1095<\/strong><br \/>(-20 for losing)\n|raw|nosejugar957's rating: 1185 &rarr; <strong>1205<\/strong><br \/>(+20 for winning)\n|l|\u2606zany394\n","uploadtime":1700258681,"views":12,"p1id":"zany394","p2id":"nosejugar957","formatid":"gen9nationaldex","rating":1095,"private":0,"password":""}