{"id":"gen9nationaldex-1996146076","p1":"Felipegamerbr48","p2":"Yugi Ogami","format":"[Gen 9] National Dex","log":"|html|<div class=\"broadcast-blue\"><strong>[Gen 9] National Dex is currently suspecting Sneasler! For information on how to participate check out the <a href=\"https:\/\/www.smogon.com\/forums\/threads\/sv-national-dex-suspect-8-just-dance.3731534\/\">suspect thread<\/a>.<\/strong><\/div>\n|j|\u2606Felipegamerbr48\n|j|\u2606Yugi Ogami\n|t:|1700651046\n|gametype|singles\n|player|p1|Felipegamerbr48|hugh|1149\n|player|p2|Yugi Ogami|nurse|1049\n|teamsize|p1|6\n|teamsize|p2|6\n|gen|9\n|tier|[Gen 9] National Dex\n|rated|\n|rule|HP Percentage Mod: HP is shown in percentages\n|rule|Endless Battle Clause: Forcing endless battles is banned\n|rule|OHKO Clause: OHKO moves are banned\n|rule|Evasion Clause: Evasion abilities, items, and moves are banned\n|rule|Evasion Abilities Clause: Evasion abilities are banned\n|rule|Evasion Items Clause: Evasion items are banned\n|rule|Evasion Moves Clause: Evasion moves are banned\n|rule|Species Clause: Limit one of each Pok\u00e9mon\n|rule|Sleep Clause Mod: Limit one foe put to sleep\n|clearpoke\n|poke|p1|Cinderace, F|\n|poke|p1|Lopunny, M|\n|poke|p1|Greninja-*, M|\n|poke|p1|Garchomp, F|\n|poke|p1|Kilowattrel, M|\n|poke|p1|Rillaboom, F|\n|poke|p2|Misdreavus, F|\n|poke|p2|Bibarel, M|\n|poke|p2|Emboar, F|\n|poke|p2|Sylveon, M|\n|poke|p2|Kleavor, F|\n|poke|p2|Necrozma|\n|teampreview\n|inactive|Battle timer is ON: inactive players will automatically lose when time's up. (requested by Felipegamerbr48)\n|\n|t:|1700651065\n|start\n|switch|p1a: Greninja|Greninja, M|100\/100\n|switch|p2a: Kleavor|Kleavor, F|100\/100\n|turn|1\n|\n|t:|1700651074\n|move|p1a: Greninja|Scald|p2a: Kleavor\n|-supereffective|p2a: Kleavor\n|-damage|p2a: Kleavor|8\/100\n|move|p2a: Kleavor|Stone Axe|p1a: Greninja|[miss]\n|-miss|p2a: Kleavor|p1a: Greninja\n|\n|upkeep\n|turn|2\n|-message|Yugi Ogami forfeited.\n|\n|win|Felipegamerbr48\n|raw|Felipegamerbr48's rating: 1149 &rarr; <strong>1167<\/strong><br \/>(+18 for winning)\n|raw|Yugi Ogami's rating: 1049 &rarr; <strong>1037<\/strong><br \/>(-12 for losing)\n|l|\u2606Yugi Ogami\n","uploadtime":1700651085,"views":0,"p1id":"felipegamerbr48","p2id":"yugiogami","formatid":"gen9nationaldex","rating":1037,"private":0,"password":""}