{"id":"gen9nationaldex-1993527336","p1":"AceHaki","p2":"Dark Umbreon 08","format":"[Gen 9] National Dex","log":"|j|\u2606AceHaki\n|j|\u2606Dark Umbreon 08\n|t:|1700328227\n|gametype|singles\n|player|p1|AceHaki|102|1099\n|player|p2|Dark Umbreon 08|lass-gen4dp|1027\n|teamsize|p1|6\n|teamsize|p2|1\n|gen|9\n|tier|[Gen 9] National Dex\n|rated|\n|rule|HP Percentage Mod: HP is shown in percentages\n|rule|Endless Battle Clause: Forcing endless battles is banned\n|rule|OHKO Clause: OHKO moves are banned\n|rule|Evasion Clause: Evasion abilities, items, and moves are banned\n|rule|Evasion Abilities Clause: Evasion abilities are banned\n|rule|Evasion Items Clause: Evasion items are banned\n|rule|Evasion Moves Clause: Evasion moves are banned\n|rule|Species Clause: Limit one of each Pok\u00e9mon\n|rule|Sleep Clause Mod: Limit one foe put to sleep\n|clearpoke\n|poke|p1|Gengar, F|\n|poke|p1|Greninja-*, M|\n|poke|p1|Corviknight, M|\n|poke|p1|Nidoking, M|\n|poke|p1|Incineroar, M|\n|poke|p1|Sneasler, M|\n|poke|p2|Sneasler, F|\n|teampreview\n|inactive|Battle timer is ON: inactive players will automatically lose when time's up. (requested by Dark Umbreon 08)\n|\n|t:|1700328232\n|start\n|switch|p1a: Mochi|Incineroar, M|100\/100\n|switch|p2a: Sneasler|Sneasler, F|100\/100\n|-ability|p1a: Mochi|Intimidate|boost\n|-unboost|p2a: Sneasler|atk|1\n|turn|1\n|\n|t:|1700328235\n|move|p2a: Sneasler|Endure|p2a: Sneasler\n|-singleturn|p2a: Sneasler|move: Endure\n|move|p1a: Mochi|Fake Out|p2a: Sneasler\n|-damage|p2a: Sneasler|77\/100\n|\n|upkeep\n|turn|2\n|\n|t:|1700328241\n|move|p2a: Sneasler|Endure||[still]\n|-fail|p2a: Sneasler\n|-zpower|p1a: Mochi\n|move|p1a: Mochi|Malicious Moonsault|p2a: Sneasler|[zeffect]\n|-resisted|p2a: Sneasler\n|-crit|p2a: Sneasler\n|-damage|p2a: Sneasler|0 fnt\n|faint|p2a: Sneasler\n|\n|win|AceHaki\n|raw|AceHaki's rating: 1099 &rarr; <strong>1118<\/strong><br \/>(+19 for winning)\n|raw|Dark Umbreon 08's rating: 1014 &rarr; <strong>1005<\/strong><br \/>(-9 for losing)\n|l|\u2606AceHaki\n|l|\u2606Dark Umbreon 08\n","uploadtime":1700328253,"views":6,"p1id":"acehaki","p2id":"darkumbreon08","formatid":"gen9nationaldex","rating":1005,"private":0,"password":""}