{"id":"gen9nationaldex-1998673555","p1":"Zackattack305","p2":"lookformirai","format":"[Gen 9] National Dex","log":"|html|<div class=\"broadcast-blue\"><strong>[Gen 9] National Dex is currently suspecting Sneasler! For information on how to participate check out the <a href=\"https:\/\/www.smogon.com\/forums\/threads\/sv-national-dex-suspect-8-just-dance.3731534\/\">suspect thread<\/a>.<\/strong><\/div>\n|j|\u2606Zackattack305\n|j|\u2606lookformirai\n|t:|1700970680\n|gametype|singles\n|player|p1|Zackattack305|gambler|1013\n|player|p2|lookformirai|iris|1007\n|teamsize|p1|6\n|teamsize|p2|1\n|gen|9\n|tier|[Gen 9] National Dex\n|rated|\n|rule|HP Percentage Mod: HP is shown in percentages\n|rule|Endless Battle Clause: Forcing endless battles is banned\n|rule|OHKO Clause: OHKO moves are banned\n|rule|Evasion Clause: Evasion abilities, items, and moves are banned\n|rule|Evasion Abilities Clause: Evasion abilities are banned\n|rule|Evasion Items Clause: Evasion items are banned\n|rule|Evasion Moves Clause: Evasion moves are banned\n|rule|Species Clause: Limit one of each Pok\u00e9mon\n|rule|Sleep Clause Mod: Limit one foe put to sleep\n|clearpoke\n|poke|p1|Garchomp, M|\n|poke|p1|Kyurem|\n|poke|p1|Dragalge, F|\n|poke|p1|Dracozolt|\n|poke|p1|Kingdra, M|\n|poke|p1|Tyrantrum, M|\n|poke|p2|Lucario, M|\n|teampreview\n|\n|t:|1700970685\n|start\n|switch|p1a: Jurassic|Tyrantrum, M, shiny|100\/100\n|switch|p2a: Lucario|Lucario, M|100\/100\n|turn|1\n|\n|t:|1700970691\n|move|p2a: Lucario|Swords Dance|p2a: Lucario\n|-boost|p2a: Lucario|atk|2\n|move|p1a: Jurassic|Sandstorm|p1a: Jurassic\n|-weather|Sandstorm\n|\n|-weather|Sandstorm|[upkeep]\n|upkeep\n|turn|2\n|\n|t:|1700970701\n|switch|p1a: Dr. Fuse|Dracozolt, shiny|100\/100\n|move|p2a: Lucario|Earthquake|p1a: Dr. Fuse\n|-supereffective|p1a: Dr. Fuse\n|-damage|p1a: Dr. Fuse|0 fnt\n|faint|p1a: Dr. Fuse\n|\n|-weather|Sandstorm|[upkeep]\n|upkeep\n|-message|Zackattack305 forfeited.\n|\n|win|lookformirai\n|raw|Zackattack305's rating: 1013 &rarr; <strong>1001<\/strong><br \/>(-12 for losing)\n|raw|lookformirai's rating: 1007 &rarr; <strong>1047<\/strong><br \/>(+40 for winning)\n|l|\u2606Zackattack305\n","uploadtime":1700970713,"views":1,"p1id":"zackattack305","p2id":"lookformirai","formatid":"gen9nationaldex","rating":1001,"private":0,"password":""}