{"id":"gen9nationaldex-1988395962","p1":"Dark Umbreon 08","p2":"Mantis God is Op","format":"[Gen 9] National Dex","log":"|j|\u2606Dark Umbreon 08\n|j|\u2606Mantis God is Op\n|t:|1699718216\n|gametype|singles\n|player|p1|Dark Umbreon 08|lass-gen4dp|1111\n|player|p2|Mantis God is Op|dagero|1199\n|teamsize|p1|6\n|teamsize|p2|6\n|gen|9\n|tier|[Gen 9] National Dex\n|rated|\n|rule|HP Percentage Mod: HP is shown in percentages\n|rule|Endless Battle Clause: Forcing endless battles is banned\n|rule|OHKO Clause: OHKO moves are banned\n|rule|Evasion Clause: Evasion abilities, items, and moves are banned\n|rule|Evasion Abilities Clause: Evasion abilities are banned\n|rule|Evasion Items Clause: Evasion items are banned\n|rule|Evasion Moves Clause: Evasion moves are banned\n|rule|Species Clause: Limit one of each Pok\u00e9mon\n|rule|Sleep Clause Mod: Limit one foe put to sleep\n|clearpoke\n|poke|p1|Xurkitree|\n|poke|p1|Blaziken, M|\n|poke|p1|Medicham, F|\n|poke|p1|Zamazenta-*|\n|poke|p1|Kartana|\n|poke|p1|Manaphy|\n|poke|p2|Samurott-Hisui, M|\n|poke|p2|Tapu Lele|\n|poke|p2|Scizor, M|\n|poke|p2|Cinderace, F|\n|poke|p2|Dragalge, M|\n|poke|p2|Rillaboom, M|\n|teampreview\n|inactive|Battle timer is ON: inactive players will automatically lose when time's up. (requested by Dark Umbreon 08)\n|c|\u2606Mantis God is Op|gl hf\n|\n|t:|1699718236\n|start\n|switch|p1a: Blaziken|Blaziken, M|100\/100\n|switch|p2a: Samurott|Samurott-Hisui, M|100\/100\n|turn|1\n|\n|t:|1699718242\n|-terastallize|p1a: Blaziken|Flying\n|move|p2a: Samurott|Razor Shell|p1a: Blaziken\n|-damage|p1a: Blaziken|24\/100\n|-unboost|p1a: Blaziken|def|1\n|move|p1a: Blaziken|Swagger|p2a: Samurott\n|-boost|p2a: Samurott|atk|2\n|-enditem|p1a: Blaziken|Mirror Herb\n|-boost|p1a: Blaziken|atk|2|[from] item: Mirror Herb\n|-start|p2a: Samurott|confusion\n|\n|-ability|p1a: Blaziken|Speed Boost|boost\n|-boost|p1a: Blaziken|spe|1\n|upkeep\n|turn|2\n|\n|t:|1699718251\n|-activate|p2a: Samurott|confusion\n|move|p2a: Samurott|Sucker Punch||[still]\n|-fail|p2a: Samurott\n|move|p1a: Blaziken|Focus Energy|p1a: Blaziken\n|-start|p1a: Blaziken|move: Focus Energy\n|\n|-ability|p1a: Blaziken|Speed Boost|boost\n|-boost|p1a: Blaziken|spe|1\n|upkeep\n|turn|3\n|\n|t:|1699718266\n|-end|p2a: Samurott|confusion\n|move|p2a: Samurott|Sucker Punch|p1a: Blaziken\n|-damage|p1a: Blaziken|0 fnt\n|faint|p1a: Blaziken\n|\n|upkeep\n|-message|Dark Umbreon 08 forfeited.\n|\n|win|Mantis God is Op\n|raw|Dark Umbreon 08's rating: 1093 &rarr; <strong>1076<\/strong><br \/>(-17 for losing)\n|raw|Mantis God is Op's rating: 1199 &rarr; <strong>1217<\/strong><br \/>(+18 for winning)\n|l|\u2606Dark Umbreon 08\n|c|\u2606Mantis God is Op|gg wp\n|c|\u2606Mantis God is Op|xd\n","uploadtime":1699718281,"views":4,"p1id":"darkumbreon08","p2id":"mantisgodisop","formatid":"gen9nationaldex","rating":1076,"private":0,"password":""}