{"id":"gen9nationaldex-1995547166","p1":"yunhaiyue","p2":"elvisma","format":"[Gen 9] National Dex","log":"|html|<div class=\"broadcast-blue\"><strong>[Gen 9] National Dex is currently suspecting Sneasler! For information on how to participate check out the <a href=\"https:\/\/www.smogon.com\/forums\/threads\/sv-national-dex-suspect-8-just-dance.3731534\/\">suspect thread<\/a>.<\/strong><\/div>\n|j|\u2606yunhaiyue\n|j|\u2606elvisma\n|t:|1700581763\n|gametype|singles\n|player|p1|yunhaiyue|ghetsis-gen5bw|1711\n|player|p2|elvisma|red-masters|1667\n|teamsize|p1|6\n|teamsize|p2|6\n|gen|9\n|tier|[Gen 9] National Dex\n|rated|\n|rule|HP Percentage Mod: HP is shown in percentages\n|rule|Endless Battle Clause: Forcing endless battles is banned\n|rule|OHKO Clause: OHKO moves are banned\n|rule|Evasion Clause: Evasion abilities, items, and moves are banned\n|rule|Evasion Abilities Clause: Evasion abilities are banned\n|rule|Evasion Items Clause: Evasion items are banned\n|rule|Evasion Moves Clause: Evasion moves are banned\n|rule|Species Clause: Limit one of each Pok\u00e9mon\n|rule|Sleep Clause Mod: Limit one foe put to sleep\n|clearpoke\n|poke|p1|Alomomola, F|\n|poke|p1|Scizor, F|\n|poke|p1|Skeledirge, M|\n|poke|p1|Corviknight, M|\n|poke|p1|Garchomp, F|\n|poke|p1|Zamazenta-*|\n|poke|p2|Azelf|\n|poke|p2|Charizard, F|\n|poke|p2|Ribombee, F|\n|poke|p2|Great Tusk|\n|poke|p2|Ogerpon-Wellspring, F|\n|poke|p2|Victini|\n|teampreview\n|inactive|Battle timer is ON: inactive players will automatically lose when time's up. (requested by yunhaiyue)\n|\n|t:|1700581774\n|start\n|switch|p1a: Garchomp|Garchomp, F|100\/100\n|switch|p2a: V create spam|Victini|100\/100\n|turn|1\n|\n|t:|1700581780\n|move|p1a: Garchomp|Stealth Rock|p2a: V create spam\n|-sidestart|p2: elvisma|move: Stealth Rock\n|-zpower|p2a: V create spam\n|move|p2a: V create spam|Z-Celebrate|p2a: V create spam|[anim]Celebrate\n|-boost|p2a: V create spam|atk|1|[zeffect]\n|-boost|p2a: V create spam|def|1|[zeffect]\n|-boost|p2a: V create spam|spa|1|[zeffect]\n|-boost|p2a: V create spam|spd|1|[zeffect]\n|-boost|p2a: V create spam|spe|1|[zeffect]\n|-activate|p2a: V create spam|move: Celebrate\n|\n|upkeep\n|turn|2\n|\n|t:|1700581786\n|move|p2a: V create spam|Stored Power|p1a: Garchomp\n|-damage|p1a: Garchomp|0 fnt\n|faint|p1a: Garchomp\n|\n|upkeep\n|\n|t:|1700581795\n|switch|p1a: Skeledirge|Skeledirge, M|100\/100\n|turn|3\n|\n|t:|1700581801\n|move|p2a: V create spam|Stored Power|p1a: Skeledirge\n|-damage|p1a: Skeledirge|63\/100\n|move|p1a: Skeledirge|Torch Song|p2a: V create spam\n|-resisted|p2a: V create spam\n|-damage|p2a: V create spam|85\/100\n|-boost|p1a: Skeledirge|spa|1\n|\n|upkeep\n|turn|4\n|\n|t:|1700581808\n|move|p2a: V create spam|Stored Power|p1a: Skeledirge\n|-damage|p1a: Skeledirge|27\/100\n|move|p1a: Skeledirge|Torch Song|p2a: V create spam\n|-resisted|p2a: V create spam\n|-damage|p2a: V create spam|64\/100\n|-boost|p1a: Skeledirge|spa|1\n|\n|upkeep\n|turn|5\n|\n|t:|1700581813\n|move|p2a: V create spam|Stored Power|p1a: Skeledirge\n|-damage|p1a: Skeledirge|0 fnt\n|faint|p1a: Skeledirge\n|\n|upkeep\n|-message|yunhaiyue forfeited.\n|\n|win|elvisma\n|raw|yunhaiyue's rating: 1711 &rarr; <strong>1688<\/strong><br \/>(-23 for losing)\n|raw|elvisma's rating: 1667 &rarr; <strong>1690<\/strong><br \/>(+23 for winning)\n|l|\u2606yunhaiyue\n","uploadtime":1700581821,"views":0,"p1id":"yunhaiyue","p2id":"elvisma","formatid":"gen9nationaldex","rating":1688,"private":0,"password":""}