{"id":"gen9nationaldex-1988649861","p1":"Ellogovornor","p2":"SylverOmega","format":"[Gen 9] National Dex","log":"|j|\u2606Ellogovornor\n|j|\u2606SylverOmega\n|t:|1699746205\n|gametype|singles\n|player|p1|Ellogovornor|170|1190\n|player|p2|SylverOmega|palmer|1262\n|teamsize|p1|5\n|teamsize|p2|6\n|gen|9\n|tier|[Gen 9] National Dex\n|rated|\n|rule|HP Percentage Mod: HP is shown in percentages\n|rule|Endless Battle Clause: Forcing endless battles is banned\n|rule|OHKO Clause: OHKO moves are banned\n|rule|Evasion Clause: Evasion abilities, items, and moves are banned\n|rule|Evasion Abilities Clause: Evasion abilities are banned\n|rule|Evasion Items Clause: Evasion items are banned\n|rule|Evasion Moves Clause: Evasion moves are banned\n|rule|Species Clause: Limit one of each Pok\u00e9mon\n|rule|Sleep Clause Mod: Limit one foe put to sleep\n|clearpoke\n|poke|p1|Pelipper, M|\n|poke|p1|Zapdos|\n|poke|p1|Omastar, F|\n|poke|p1|Ogerpon-Wellspring, F|\n|poke|p1|Manaphy|\n|poke|p2|Tauros-Paldea-Blaze, M|\n|poke|p2|Kyurem|\n|poke|p2|Clefable, F|\n|poke|p2|Ogerpon-Wellspring, F|\n|poke|p2|Jolteon, M|\n|poke|p2|Latias, F|\n|teampreview\n|inactive|Battle timer is ON: inactive players will automatically lose when time's up. (requested by SylverOmega)\n|inactive|Ellogovornor also wants the timer to be on.\n|c|\u2606SylverOmega|Hf\n|c|\u2606SylverOmega|Water mono\n|c|\u2606Ellogovornor|gl\n|c|\u2606Ellogovornor|nearly\n|\n|t:|1699746232\n|start\n|switch|p1a: Pelipper|Pelipper, M|100\/100\n|switch|p2a: Kyurem|Kyurem|100\/100\n|-ability|p2a: Kyurem|Pressure\n|-weather|RainDance|[from] ability: Drizzle|[of] p1a: Pelipper\n|turn|1\n|\n|t:|1699746244\n|move|p2a: Kyurem|Dragon Dance|p2a: Kyurem\n|-boost|p2a: Kyurem|atk|1\n|-boost|p2a: Kyurem|spe|1\n|move|p1a: Pelipper|U-turn|p2a: Kyurem\n|-damage|p2a: Kyurem|94\/100\n|\n|t:|1699746249\n|switch|p1a: Omastar|Omastar, F|100\/100|[from] U-turn\n|\n|-weather|RainDance|[upkeep]\n|upkeep\n|turn|2\n|\n|t:|1699746259\n|-terastallize|p2a: Kyurem|Dragon\n|move|p1a: Omastar|Shell Smash|p1a: Omastar\n|-unboost|p1a: Omastar|def|1\n|-unboost|p1a: Omastar|spd|1\n|-boost|p1a: Omastar|atk|2\n|-boost|p1a: Omastar|spa|2\n|-boost|p1a: Omastar|spe|2\n|move|p2a: Kyurem|Dragon Dance|p2a: Kyurem\n|-boost|p2a: Kyurem|atk|1\n|-boost|p2a: Kyurem|spe|1\n|\n|-weather|RainDance|[upkeep]\n|upkeep\n|turn|3\n|\n|t:|1699746277\n|-terastallize|p1a: Omastar|Water\n|move|p1a: Omastar|Surf|p2a: Kyurem\n|-resisted|p2a: Kyurem\n|-damage|p2a: Kyurem|15\/100\n|move|p2a: Kyurem|Scale Shot|p1a: Omastar\n|-damage|p1a: Omastar|44\/100\n|-damage|p1a: Omastar|0 fnt\n|faint|p1a: Omastar\n|-hitcount|p1: Omastar|2\n|-unboost|p2a: Kyurem|def|1\n|-boost|p2a: Kyurem|spe|1\n|\n|-weather|RainDance|[upkeep]\n|upkeep\n|inactive|Ellogovornor has 120 seconds left.\n|\n|t:|1699746298\n|switch|p1a: Pelipper|Pelipper, M|100\/100\n|turn|4\n|\n|t:|1699746303\n|move|p2a: Kyurem|Icicle Spear|p1a: Pelipper\n|-damage|p1a: Pelipper|74\/100\n|-damage|p1a: Pelipper|46\/100\n|-damage|p1a: Pelipper|20\/100\n|-damage|p1a: Pelipper|0 fnt\n|faint|p1a: Pelipper\n|-hitcount|p1: Pelipper|4\n|\n|-weather|RainDance|[upkeep]\n|upkeep\n|\n|t:|1699746314\n|switch|p1a: Manaphy|Manaphy|100\/100\n|turn|5\n|c|\u2606Ellogovornor|gg\n|\n|t:|1699746326\n|move|p2a: Kyurem|Scale Shot|p1a: Manaphy\n|-damage|p1a: Manaphy|69\/100\n|-damage|p1a: Manaphy|41\/100\n|-damage|p1a: Manaphy|12\/100\n|-damage|p1a: Manaphy|0 fnt\n|faint|p1a: Manaphy\n|-hitcount|p1: Manaphy|4\n|-unboost|p2a: Kyurem|def|1\n|-boost|p2a: Kyurem|spe|1\n|\n|-weather|RainDance|[upkeep]\n|upkeep\n|-message|Ellogovornor forfeited.\n|\n|win|SylverOmega\n|raw|Ellogovornor's rating: 1190 &rarr; <strong>1170<\/strong><br \/>(-20 for losing)\n|raw|SylverOmega's rating: 1262 &rarr; <strong>1282<\/strong><br \/>(+20 for winning)\n|l|\u2606Ellogovornor\n|l|\u2606SylverOmega\n|j|\u2606SylverOmega\n|player|p2|SylverOmega|palmer\n","uploadtime":1699746397,"views":18,"p1id":"ellogovornor","p2id":"sylveromega","formatid":"gen9nationaldex","rating":1170,"private":0,"password":""}