{"id":"gen9nationaldex-1989521962","p1":"dip5472","p2":"Foulest","format":"[Gen 9] National Dex","log":"|j|\u2606dip5472\n|j|\u2606Foulest\n|t:|1699865074\n|gametype|singles\n|player|p1|dip5472|red|1377\n|player|p2|Foulest|266|1260\n|teamsize|p1|6\n|teamsize|p2|6\n|gen|9\n|tier|[Gen 9] National Dex\n|rated|\n|rule|HP Percentage Mod: HP is shown in percentages\n|rule|Endless Battle Clause: Forcing endless battles is banned\n|rule|OHKO Clause: OHKO moves are banned\n|rule|Evasion Clause: Evasion abilities, items, and moves are banned\n|rule|Evasion Abilities Clause: Evasion abilities are banned\n|rule|Evasion Items Clause: Evasion items are banned\n|rule|Evasion Moves Clause: Evasion moves are banned\n|rule|Species Clause: Limit one of each Pok\u00e9mon\n|rule|Sleep Clause Mod: Limit one foe put to sleep\n|clearpoke\n|poke|p1|Swampert, M|\n|poke|p1|Pelipper, M|\n|poke|p1|Kartana|\n|poke|p1|Minior-Indigo|\n|poke|p1|Glimmora, M|\n|poke|p1|Greninja-*, M|\n|poke|p2|Azelf|\n|poke|p2|Ferrothorn, M|\n|poke|p2|Quagsire, F|\n|poke|p2|Linoone, F|\n|poke|p2|Aerodactyl, F|\n|poke|p2|Volcanion|\n|teampreview\n|inactive|Battle timer is ON: inactive players will automatically lose when time's up. (requested by Foulest)\n|inactive|dip5472 also wants the timer to be on.\n|\n|t:|1699865094\n|start\n|switch|p1a: Pelipper|Pelipper, M|100\/100\n|switch|p2a: Apple|Ferrothorn, M, shiny|100\/100\n|-weather|RainDance|[from] ability: Drizzle|[of] p1a: Pelipper\n|turn|1\n|inactive|dip5472 has 120 seconds left.\n|inactive|dip5472 has 90 seconds left.\n|inactive|dip5472 has 60 seconds left.\n|inactive|dip5472 has 30 seconds left.\n|inactive|dip5472 has 20 seconds left.\n|inactive|dip5472 has 15 seconds left.\n|inactive|dip5472 has 10 seconds left.\n|inactive|dip5472 has 5 seconds left.\n|-message|dip5472 lost due to inactivity.\n|\n|win|Foulest\n|raw|dip5472's rating: 1377 &rarr; <strong>1351<\/strong><br \/>(-26 for losing)\n|raw|Foulest's rating: 1260 &rarr; <strong>1293<\/strong><br \/>(+33 for winning)\n|c|\u2606Foulest|sick battle\n","uploadtime":1699865251,"views":7,"p1id":"dip5472","p2id":"foulest","formatid":"gen9nationaldex","rating":1293,"private":0,"password":""}