{"id":"gen9nationaldex-1989460996","p1":"vickycaroli","p2":"Daigopato","format":"[Gen 9] National Dex","log":"|j|\u2606vickycaroli\n|j|\u2606Daigopato\n|t:|1699854034\n|gametype|singles\n|player|p1|vickycaroli|2|\n|player|p2|Daigopato|grimsley|\n|teamsize|p1|6\n|teamsize|p2|6\n|gen|9\n|tier|[Gen 9] National Dex\n|rule|HP Percentage Mod: HP is shown in percentages\n|rule|Endless Battle Clause: Forcing endless battles is banned\n|rule|OHKO Clause: OHKO moves are banned\n|rule|Evasion Clause: Evasion abilities, items, and moves are banned\n|rule|Evasion Abilities Clause: Evasion abilities are banned\n|rule|Evasion Items Clause: Evasion items are banned\n|rule|Evasion Moves Clause: Evasion moves are banned\n|rule|Species Clause: Limit one of each Pok\u00e9mon\n|rule|Sleep Clause Mod: Limit one foe put to sleep\n|clearpoke\n|poke|p1|Dragonite, M|\n|poke|p1|Iron Jugulis|\n|poke|p1|Salamence, M|\n|poke|p1|Talonflame, F|\n|poke|p1|Kilowattrel, F|\n|poke|p1|Celesteela|\n|poke|p2|Aerodactyl, M|\n|poke|p2|Kilowattrel, M|\n|poke|p2|Gliscor, F|\n|poke|p2|Salamence, M|\n|poke|p2|Dragonite, M|\n|poke|p2|Zapdos|\n|teampreview\n|c|\u2606Daigopato|Mucha suerte\n|c|\u2606vickycaroli|nice team xd\n|c|\u2606Daigopato|Igual el tuyo\n|c|\u2606vickycaroli|tenemos 3 pokes iguales xd\n|c|\u2606Daigopato|Los mejores\n|c|\u2606Daigopato|Me da miedo el celesteela\n|c|\u2606vickycaroli|mis rivales tuvieron equipos mejores que el mio, pero no lo supieron aprovechar xd\n|c|\u2606Daigopato|XD\n|c|\u2606vickycaroli|es rellenita de amor\n|c|\u2606Daigopato|Mi rival anterior ten\u00eda un equipo curioso, lo supo aprovechar muy bien\n|c|\u2606Daigopato|Nunca hab\u00eda llegado tan lejos\n|c|\u2606Daigopato|Tengo miedo XD\n|c|\u2606vickycaroli|yo creo k llegue a una final si no estoy mal xd\n|c|\u2606Daigopato|Siento que deb\u00ed traer alg\u00fan movimiento Z\n|c|\u2606Daigopato|Siempre me preguntar\u00e9 por qu\u00e9 banearon el dina\n|c|\u2606Daigopato|Buena suerte\n|c|\u2606vickycaroli|igual\n|\n|t:|1699854550\n|start\n|switch|p1a: Kilowattrel|Kilowattrel, F|100\/100\n|switch|p2a: Bat girl|Gliscor, F|100\/100\n|turn|1\n|\n|t:|1699854565\n|move|p1a: Kilowattrel|Air Slash|p2a: Bat girl\n|-damage|p2a: Bat girl|32\/100\n|-damage|p1a: Kilowattrel|91\/100|[from] item: Life Orb\n|cant|p2a: Bat girl|flinch\n|\n|-status|p2a: Bat girl|tox|[from] item: Toxic Orb\n|upkeep\n|turn|2\n|c|\u2606Daigopato|A\n|\n|t:|1699854582\n|switch|p2a: Zapdos|Zapdos|100\/100\n|move|p1a: Kilowattrel|Air Slash|p2a: Zapdos\n|-resisted|p2a: Zapdos\n|-damage|p2a: Zapdos|80\/100\n|-damage|p1a: Kilowattrel|81\/100|[from] item: Life Orb\n|\n|upkeep\n|turn|3\n|c|\u2606vickycaroli|pega re duro mi bb\n|c|\u2606Daigopato|Se retrocede mucho el m\u00edo\n|\n|t:|1699854611\n|switch|p1a: Salamence|Salamence, M|100\/100\n|move|p2a: Zapdos|Ancient Power|p1a: Salamence\n|-supereffective|p1a: Salamence\n|-damage|p1a: Salamence|36\/100\n|\n|upkeep\n|turn|4\n|\n|t:|1699854620\n|move|p1a: Salamence|Stone Edge|p2a: Zapdos|[miss]\n|-miss|p1a: Salamence|p2a: Zapdos\n|move|p2a: Zapdos|Ancient Power|p1a: Salamence\n|-supereffective|p1a: Salamence\n|-damage|p1a: Salamence|0 fnt\n|faint|p1a: Salamence\n|\n|upkeep\n|\n|t:|1699854628\n|switch|p1a: Celesteela|Celesteela|100\/100\n|turn|5\n|\n|t:|1699854640\n|move|p2a: Zapdos|Thunderbolt|p1a: Celesteela\n|-supereffective|p1a: Celesteela\n|-damage|p1a: Celesteela|0 fnt\n|faint|p1a: Celesteela\n|\n|upkeep\n|\n|t:|1699854643\n|switch|p1a: Iron Jugulis|Iron Jugulis|100\/100\n|-enditem|p1a: Iron Jugulis|Booster Energy\n|-activate|p1a: Iron Jugulis|ability: Quark Drive|[fromitem]\n|-start|p1a: Iron Jugulis|quarkdrivespe\n|turn|6\n|\n|t:|1699854650\n|-terastallize|p1a: Iron Jugulis|Ice\n|move|p1a: Iron Jugulis|Tera Blast|p2a: Zapdos|[anim] Tera Blast Ice\n|-supereffective|p2a: Zapdos\n|-damage|p2a: Zapdos|2\/100\n|move|p2a: Zapdos|Thunderbolt|p1a: Iron Jugulis\n|-damage|p1a: Iron Jugulis|34\/100\n|\n|upkeep\n|turn|7\n|c|\u2606vickycaroli|fui muy idiota xd\n|\n|t:|1699854658\n|move|p1a: Iron Jugulis|Dark Pulse|p2a: Zapdos\n|-damage|p2a: Zapdos|0 fnt\n|faint|p2a: Zapdos\n|\n|upkeep\n|\n|t:|1699854678\n|switch|p2a: Dragonite|Dragonite, M|100\/100\n|turn|8\n|\n|t:|1699854688\n|-terastallize|p2a: Dragonite|Normal\n|move|p1a: Iron Jugulis|Air Slash|p2a: Dragonite\n|-damage|p2a: Dragonite|81\/100\n|move|p2a: Dragonite|Dragon Dance|p2a: Dragonite\n|-boost|p2a: Dragonite|atk|1\n|-boost|p2a: Dragonite|spe|1\n|\n|upkeep\n|turn|9\n|\n|t:|1699854700\n|move|p2a: Dragonite|Extreme Speed|p1a: Iron Jugulis\n|-damage|p1a: Iron Jugulis|0 fnt\n|faint|p1a: Iron Jugulis\n|-end|p1a: Iron Jugulis|Quark Drive|[silent]\n|\n|upkeep\n|\n|t:|1699854708\n|switch|p1a: Dragonite|Dragonite, M|100\/100\n|turn|10\n|\n|t:|1699854722\n|move|p2a: Dragonite|Ice Spinner|p1a: Dragonite\n|-supereffective|p1a: Dragonite\n|-damage|p1a: Dragonite|0 fnt\n|faint|p1a: Dragonite\n|\n|upkeep\n|\n|t:|1699854729\n|switch|p1a: Talonflame|Talonflame, F|100\/100\n|turn|11\n|\n|t:|1699854731\n|move|p2a: Dragonite|Extreme Speed|p1a: Talonflame\n|-damage|p1a: Talonflame|0 fnt\n|faint|p1a: Talonflame\n|\n|upkeep\n|c|\u2606vickycaroli|gg\n|\n|t:|1699854736\n|switch|p1a: Kilowattrel|Kilowattrel, F|81\/100\n|turn|12\n|c|\u2606Daigopato|GG\n|c|\u2606Daigopato|Pega duro dragonite XD\n|\n|t:|1699854746\n|move|p2a: Dragonite|Extreme Speed|p1a: Kilowattrel\n|-crit|p1a: Kilowattrel\n|-damage|p1a: Kilowattrel|0 fnt\n|faint|p1a: Kilowattrel\n|\n|win|Daigopato\n|l|\u2606vickycaroli\n|l|\u2606Daigopato\n|j|\u2606Daigopato\n|player|p2|Daigopato|grimsley\n|l|\u2606Daigopato\n|player|p2|\n|j|\u2606Daigopato\n|player|p2|Daigopato|grimsley\n","uploadtime":1699855416,"views":5,"p1id":"vickycaroli","p2id":"daigopato","formatid":"gen9nationaldex","rating":0,"private":0,"password":""}