{"id":"gen9nationaldex-1999474478","p1":"LordGoruta","p2":"Bad player 366","format":"[Gen 9] National Dex","log":"|html|<div class=\"broadcast-blue\"><strong>[Gen 9] National Dex is currently suspecting Sneasler! For information on how to participate check out the <a href=\"https:\/\/www.smogon.com\/forums\/threads\/sv-national-dex-suspect-8-just-dance.3731534\/\">suspect thread<\/a>.<\/strong><\/div>\n|j|\u2606LordGoruta\n|j|\u2606Bad player 366\n|t:|1701086075\n|gametype|singles\n|player|p1|LordGoruta|eusine|1282\n|player|p2|Bad player 366|lady-gen4|1252\n|teamsize|p1|6\n|teamsize|p2|6\n|gen|9\n|tier|[Gen 9] National Dex\n|rated|\n|rule|HP Percentage Mod: HP is shown in percentages\n|rule|Endless Battle Clause: Forcing endless battles is banned\n|rule|OHKO Clause: OHKO moves are banned\n|rule|Evasion Clause: Evasion abilities, items, and moves are banned\n|rule|Evasion Abilities Clause: Evasion abilities are banned\n|rule|Evasion Items Clause: Evasion items are banned\n|rule|Evasion Moves Clause: Evasion moves are banned\n|rule|Species Clause: Limit one of each Pok\u00e9mon\n|rule|Sleep Clause Mod: Limit one foe put to sleep\n|clearpoke\n|poke|p1|Poliwrath, F|\n|poke|p1|Torterra, F|\n|poke|p1|Aurorus, M|\n|poke|p1|Beedrill, F|\n|poke|p1|Victini|\n|poke|p1|Bisharp, M|\n|poke|p2|Charizard, M|\n|poke|p2|Ogerpon, F|\n|poke|p2|Ferrothorn, F|\n|poke|p2|Great Tusk|\n|poke|p2|Empoleon, F|\n|poke|p2|Greninja-*, M|\n|teampreview\n|\n|t:|1701086084\n|start\n|switch|p1a: Aurorus|Aurorus, M, shiny|100\/100\n|switch|p2a: Ogerpon|Ogerpon, F|100\/100\n|-weather|Snow|[from] ability: Snow Warning|[of] p1a: Aurorus\n|turn|1\n|\n|t:|1701086093\n|move|p2a: Ogerpon|Low Kick|p1a: Aurorus\n|-supereffective|p1a: Aurorus\n|-damage|p1a: Aurorus|0 fnt\n|faint|p1a: Aurorus\n|-damage|p2a: Ogerpon|91\/100|[from] item: Life Orb\n|\n|-weather|Snow|[upkeep]\n|upkeep\n|\n|t:|1701086102\n|switch|p1a: Best Mega|Beedrill, F, shiny|100\/100\n|turn|2\n|\n|t:|1701086105\n|detailschange|p1a: Best Mega|Beedrill-Mega, F, shiny\n|-mega|p1a: Best Mega|Beedrill|Beedrillite\n|-terastallize|p2a: Ogerpon|Grass\n|detailschange|p2a: Ogerpon|Ogerpon-Teal-Tera, F, tera:Grass\n|-ability|p2a: Ogerpon|Embody Aspect (Teal)|boost\n|-boost|p2a: Ogerpon|spe|1\n|move|p2a: Ogerpon|Rock Tomb|p1a: Best Mega\n|-supereffective|p1a: Best Mega\n|-damage|p1a: Best Mega|0 fnt\n|faint|p1a: Best Mega\n|-damage|p2a: Ogerpon|81\/100|[from] item: Life Orb\n|\n|-weather|Snow|[upkeep]\n|upkeep\n|\n|t:|1701086113\n|switch|p1a: Ecid|Torterra, F|100\/100\n|turn|3\n|\n|t:|1701086120\n|move|p2a: Ogerpon|Horn Leech|p1a: Ecid\n|-damage|p1a: Ecid|34\/100\n|-heal|p2a: Ogerpon|100\/100|[from] drain|[of] p1a: Ecid\n|-damage|p2a: Ogerpon|91\/100|[from] item: Life Orb\n|move|p1a: Ecid|Shell Smash|p1a: Ecid\n|-unboost|p1a: Ecid|def|1\n|-unboost|p1a: Ecid|spd|1\n|-boost|p1a: Ecid|atk|2\n|-boost|p1a: Ecid|spa|2\n|-boost|p1a: Ecid|spe|2\n|\n|-weather|Snow|[upkeep]\n|upkeep\n|turn|4\n|\n|t:|1701086127\n|-terastallize|p1a: Ecid|Rock\n|move|p2a: Ogerpon|Horn Leech|p1a: Ecid\n|-supereffective|p1a: Ecid\n|-damage|p1a: Ecid|0 fnt\n|-heal|p2a: Ogerpon|100\/100|[from] drain|[of] p1a: Ecid\n|faint|p1a: Ecid\n|-damage|p2a: Ogerpon|91\/100|[from] item: Life Orb\n|\n|-weather|Snow|[upkeep]\n|upkeep\n|-message|LordGoruta forfeited.\n|\n|win|Bad player 366\n|raw|LordGoruta's rating: 1282 &rarr; <strong>1255<\/strong><br \/>(-27 for losing)\n|raw|Bad player 366's rating: 1252 &rarr; <strong>1279<\/strong><br \/>(+27 for winning)\n|l|\u2606LordGoruta\n","uploadtime":1701086135,"views":13,"p1id":"lordgoruta","p2id":"badplayer366","formatid":"gen9nationaldex","rating":1255,"private":0,"password":""}