{"id":"gen9nationaldex-1995265180","p1":"Nofacehijinxs","p2":"Scarlett Avenger","format":"[Gen 9] National Dex","log":"|html|<div class=\"broadcast-blue\"><strong>[Gen 9] National Dex is currently suspecting Sneasler! For information on how to participate check out the <a href=\"https:\/\/www.smogon.com\/forums\/threads\/sv-national-dex-suspect-8-just-dance.3731534\/\">suspect thread<\/a>.<\/strong><\/div>\n|j|\u2606Nofacehijinxs\n|j|\u2606Scarlett Avenger\n|t:|1700543567\n|gametype|singles\n|player|p1|Nofacehijinxs|dancer|1269\n|player|p2|Scarlett Avenger|janine|1208\n|teamsize|p1|6\n|teamsize|p2|6\n|gen|9\n|tier|[Gen 9] National Dex\n|rated|\n|rule|HP Percentage Mod: HP is shown in percentages\n|rule|Endless Battle Clause: Forcing endless battles is banned\n|rule|OHKO Clause: OHKO moves are banned\n|rule|Evasion Clause: Evasion abilities, items, and moves are banned\n|rule|Evasion Abilities Clause: Evasion abilities are banned\n|rule|Evasion Items Clause: Evasion items are banned\n|rule|Evasion Moves Clause: Evasion moves are banned\n|rule|Species Clause: Limit one of each Pok\u00e9mon\n|rule|Sleep Clause Mod: Limit one foe put to sleep\n|clearpoke\n|poke|p1|Gallade, M|\n|poke|p1|Cofagrigus, M|\n|poke|p1|Salamence, M|\n|poke|p1|Salazzle, F|\n|poke|p1|Meowscarada, F|\n|poke|p1|Empoleon, M|\n|poke|p2|Slowking-Galar, M|\n|poke|p2|Toxtricity, F|\n|poke|p2|Weezing-Galar, F|\n|poke|p2|Chansey, F|\n|poke|p2|Umbreon, F|\n|poke|p2|Slowbro, M|\n|teampreview\n|inactive|Battle timer is ON: inactive players will automatically lose when time's up. (requested by Nofacehijinxs)\n|inactive|Scarlett Avenger also wants the timer to be on.\n|\n|t:|1700543573\n|start\n|switch|p1a: Empoleon|Empoleon, M|100\/100\n|switch|p2a: Toxtricity|Toxtricity, F|100\/100\n|turn|1\n|\n|t:|1700543580\n|-terastallize|p2a: Toxtricity|Normal\n|move|p2a: Toxtricity|Overdrive|p1a: Empoleon\n|-supereffective|p1a: Empoleon\n|-damage|p1a: Empoleon|12\/100\n|-enditem|p2a: Toxtricity|Throat Spray\n|-boost|p2a: Toxtricity|spa|1|[from] item: Throat Spray\n|move|p1a: Empoleon|Scald|p2a: Toxtricity\n|-damage|p2a: Toxtricity|25\/100\n|\n|upkeep\n|turn|2\n|\n|t:|1700543595\n|move|p2a: Toxtricity|Boomburst|p1a: Empoleon\n|-resisted|p1a: Empoleon\n|-damage|p1a: Empoleon|0 fnt\n|faint|p1a: Empoleon\n|\n|upkeep\n|\n|t:|1700543600\n|switch|p1a: Salamence|Salamence, M|100\/100\n|turn|3\n|\n|t:|1700543608\n|switch|p2a: Weezing|Weezing-Galar, F|100\/100\n|move|p1a: Salamence|Earthquake|p2a: Weezing\n|-immune|p2a: Weezing|[from] ability: Levitate\n|\n|upkeep\n|turn|4\n|\n|t:|1700543617\n|switch|p1a: Salazzle|Salazzle, F|100\/100\n|move|p2a: Weezing|Will-O-Wisp|p1a: Salazzle\n|-immune|p1a: Salazzle\n|\n|upkeep\n|turn|5\n|\n|t:|1700543627\n|switch|p2a: Chansey|Chansey, F|100\/100\n|move|p1a: Salazzle|Substitute|p1a: Salazzle\n|-start|p1a: Salazzle|Substitute\n|-damage|p1a: Salazzle|76\/100\n|\n|-heal|p1a: Salazzle|82\/100|[from] item: Black Sludge\n|upkeep\n|turn|6\n|\n|t:|1700543637\n|move|p1a: Salazzle|Toxic|p2a: Chansey\n|-status|p2a: Chansey|tox\n|move|p2a: Chansey|Seismic Toss|p1a: Salazzle\n|-end|p1a: Salazzle|Substitute\n|\n|-heal|p1a: Salazzle|88\/100|[from] item: Black Sludge\n|-damage|p2a: Chansey|94\/100 tox|[from] psn\n|upkeep\n|turn|7\n|\n|t:|1700543643\n|-curestatus|p2a: Chansey|tox|[from] ability: Natural Cure\n|switch|p2a: Slowking|Slowking-Galar, M|100\/100\n|move|p1a: Salazzle|Substitute|p1a: Salazzle\n|-start|p1a: Salazzle|Substitute\n|-damage|p1a: Salazzle|63\/100\n|\n|-heal|p1a: Salazzle|69\/100|[from] item: Black Sludge\n|upkeep\n|turn|8\n|l|\u2606Nofacehijinxs\n|inactive|Nofacehijinxs disconnected and has a minute to reconnect!\n|player|p1|\n|inactive|Nofacehijinxs has 30 seconds to reconnect!\n|inactive|Nofacehijinxs has 20 seconds to reconnect!\n|inactive|Nofacehijinxs has 15 seconds to reconnect!\n|inactive|Nofacehijinxs has 10 seconds to reconnect!\n|inactive|Nofacehijinxs has 5 seconds to reconnect!\n|-message|Nofacehijinxs lost due to inactivity.\n|\n|win|Scarlett Avenger\n|raw|Nofacehijinxs's rating: 1269 &rarr; <strong>1240<\/strong><br \/>(-29 for losing)\n|raw|Scarlett Avenger's rating: 1208 &rarr; <strong>1237<\/strong><br \/>(+29 for winning)\n","uploadtime":1700543731,"views":1,"p1id":"nofacehijinxs","p2id":"scarlettavenger","formatid":"gen9nationaldex","rating":1237,"private":0,"password":""}