{"id":"gen9nationaldex-1995010463","p1":"RU WAS SPEED","p2":"JesusPizzaCrusher","format":"[Gen 9] National Dex","log":"|html|<div class=\"broadcast-blue\"><strong>[Gen 9] National Dex is currently suspecting Sneasler! For information on how to participate check out the <a href=\"https:\/\/www.smogon.com\/forums\/threads\/sv-national-dex-suspect-8-just-dance.3731534\/\">suspect thread<\/a>.<\/strong><\/div>\n|j|\u2606RU WAS SPEED\n|j|\u2606JesusPizzaCrusher\n|t:|1700513093\n|gametype|singles\n|player|p1|RU WAS SPEED|gardenia|1068\n|player|p2|JesusPizzaCrusher|hugh|1050\n|teamsize|p1|6\n|teamsize|p2|6\n|gen|9\n|tier|[Gen 9] National Dex\n|rated|\n|rule|HP Percentage Mod: HP is shown in percentages\n|rule|Endless Battle Clause: Forcing endless battles is banned\n|rule|OHKO Clause: OHKO moves are banned\n|rule|Evasion Clause: Evasion abilities, items, and moves are banned\n|rule|Evasion Abilities Clause: Evasion abilities are banned\n|rule|Evasion Items Clause: Evasion items are banned\n|rule|Evasion Moves Clause: Evasion moves are banned\n|rule|Species Clause: Limit one of each Pok\u00e9mon\n|rule|Sleep Clause Mod: Limit one foe put to sleep\n|clearpoke\n|poke|p1|Gourgeist-*, F|\n|poke|p1|Trevenant, F|\n|poke|p1|Sinistcha|\n|poke|p1|Dhelmise|\n|poke|p1|Decidueye, M|\n|poke|p1|Brambleghast, M|\n|poke|p2|Scizor, F|\n|poke|p2|Volcarona, F|\n|poke|p2|Pinsir, F|\n|poke|p2|Lokix, F|\n|poke|p2|Galvantula, F|\n|poke|p2|Araquanid, F|\n|teampreview\n|c|\u2606JesusPizzaCrusher|call me crazy\n|c|\u2606JesusPizzaCrusher|but i think you like grass ghost types\n|\n|t:|1700513127\n|start\n|switch|p1a: Tumbleweed|Brambleghast, M|100\/100\n|switch|p2a: Galvantula|Galvantula, F, shiny|100\/100\n|turn|1\n|l|\u2606RU WAS SPEED\n|player|p1|\n|j|\u2606RU WAS SPEED\n|player|p1|RU WAS SPEED|gardenia\n|c|\u2606RU WAS SPEED|okok hold on\n|c|\u2606RU WAS SPEED|bro I got stuck in MEGA limbo\n|\n|t:|1700513322\n|move|p2a: Galvantula|Thunder Wave|p1a: Tumbleweed\n|-status|p1a: Tumbleweed|par\n|cant|p1a: Tumbleweed|par\n|\n|upkeep\n|turn|2\n|c|\u2606JesusPizzaCrusher|ah\n|c|\u2606JesusPizzaCrusher|no worries\n|\n|t:|1700513360\n|move|p2a: Galvantula|Sticky Web|p1a: Tumbleweed\n|-sidestart|p1: RU WAS SPEED|move: Sticky Web\n|move|p1a: Tumbleweed|Poltergeist|p2a: Galvantula|[miss]\n|-miss|p1a: Tumbleweed|p2a: Galvantula\n|\n|upkeep\n|turn|3\n|c|\u2606RU WAS SPEED|uhh, anyways yeah. Ghost and Grass are my favorite types. Though, I'm mostly just doing this for the novety of a dual type team\n|\n|t:|1700513371\n|move|p2a: Galvantula|Bug Buzz|p1a: Tumbleweed\n|-damage|p1a: Tumbleweed|32\/100 par\n|cant|p1a: Tumbleweed|par\n|\n|upkeep\n|turn|4\n|\n|t:|1700513377\n|move|p2a: Galvantula|Bug Buzz|p1a: Tumbleweed\n|-damage|p1a: Tumbleweed|0 fnt\n|faint|p1a: Tumbleweed\n|\n|upkeep\n|\n|t:|1700513383\n|switch|p1a: Gourgeist|Gourgeist-Small, F|100\/100\n|-activate|p1a: Gourgeist|move: Sticky Web\n|-unboost|p1a: Gourgeist|spe|1\n|turn|5\n|c|\u2606JesusPizzaCrusher|pretty cool\n|\n|t:|1700513400\n|-terastallize|p1a: Gourgeist|Fire\n|move|p2a: Galvantula|Bug Buzz|p1a: Gourgeist\n|-resisted|p1a: Gourgeist\n|-damage|p1a: Gourgeist|62\/100\n|move|p1a: Gourgeist|Flame Charge|p2a: Galvantula\n|-supereffective|p2a: Galvantula\n|-enditem|p2a: Galvantula|Focus Sash\n|-damage|p2a: Galvantula|1\/100\n|-boost|p1a: Gourgeist|spe|1\n|-damage|p1a: Gourgeist|52\/100|[from] item: Life Orb\n|\n|upkeep\n|turn|6\n|\n|t:|1700513417\n|move|p2a: Galvantula|Discharge|p1a: Gourgeist\n|-damage|p1a: Gourgeist|0 fnt\n|faint|p1a: Gourgeist\n|\n|upkeep\n|\n|t:|1700513421\n|switch|p1a: robin|Decidueye, M|100\/100\n|-activate|p1a: robin|move: Sticky Web\n|-unboost|p1a: robin|spe|1\n|turn|7\n|c|\u2606RU WAS SPEED|That opening was disastrous\n|c|\u2606JesusPizzaCrusher|seeing how my entire team is bug, that could have been real bad xd\n|\n|t:|1700513438\n|move|p1a: robin|Shadow Sneak|p2a: Galvantula\n|-damage|p2a: Galvantula|0 fnt\n|faint|p2a: Galvantula\n|\n|upkeep\n|\n|t:|1700513458\n|switch|p2a: Kamen Rider|Lokix, F|100\/100\n|turn|8\n|c|\u2606RU WAS SPEED|Well I mean, Araquanid and volcarona kind of invalidate a gourgeist sweep\n|\n|t:|1700513476\n|move|p2a: Kamen Rider|First Impression|p1a: robin\n|-damage|p1a: robin|40\/100\n|-damage|p2a: Kamen Rider|91\/100|[from] item: Life Orb\n|move|p1a: robin|Brave Bird|p2a: Kamen Rider\n|-supereffective|p2a: Kamen Rider\n|-damage|p2a: Kamen Rider|0 fnt\n|faint|p2a: Kamen Rider\n|-damage|p1a: robin|17\/100|[from] Recoil\n|-enditem|p1a: robin|Aguav Berry|[eat]\n|-heal|p1a: robin|50\/100|[from] item: Aguav Berry\n|\n|upkeep\n|c|\u2606JesusPizzaCrusher|yeah, tho if they fell it was a free win for you xd\n|c|\u2606JesusPizzaCrusher|luckily it's a volcarona so\n|\n|t:|1700513519\n|switch|p2a: Guilotine|Pinsir, F|100\/100\n|turn|9\n|\n|t:|1700513528\n|detailschange|p2a: Guilotine|Pinsir-Mega, F\n|-mega|p2a: Guilotine|Pinsir|Pinsirite\n|move|p2a: Guilotine|Quick Attack|p1a: robin\n|-supereffective|p1a: robin\n|-damage|p1a: robin|0 fnt\n|faint|p1a: robin\n|\n|upkeep\n|\n|t:|1700513547\n|switch|p1a: Guardian|Trevenant, F|100\/100\n|-activate|p1a: Guardian|move: Sticky Web\n|-unboost|p1a: Guardian|spe|1\n|turn|10\n|\n|t:|1700513557\n|move|p2a: Guilotine|Return|p1a: Guardian\n|-supereffective|p1a: Guardian\n|-damage|p1a: Guardian|0 fnt\n|faint|p1a: Guardian\n|\n|upkeep\n|\n|t:|1700513561\n|switch|p1a: Brewery|Sinistcha|100\/100\n|-activate|p1a: Brewery|move: Sticky Web\n|-unboost|p1a: Brewery|spe|1\n|turn|11\n|c|\u2606JesusPizzaCrusher|i picked out mega pinsir\n|c|\u2606RU WAS SPEED|bruh nether volcarona nor araquanid need to come out\n|c|\u2606JesusPizzaCrusher|to cover more types for monobug\n|c|\u2606JesusPizzaCrusher|cuz the other bug flying are disastrous\n|\n|t:|1700513606\n|move|p2a: Guilotine|Quick Attack|p1a: Brewery\n|-supereffective|p1a: Brewery\n|-damage|p1a: Brewery|44\/100\n|move|p1a: Brewery|Stun Spore|p2a: Guilotine|[miss]\n|-miss|p1a: Brewery|p2a: Guilotine\n|\n|upkeep\n|turn|12\n|c|\u2606RU WAS SPEED|I actually think monobug is one of the most legitimate mono teams\n|\n|t:|1700513620\n|move|p2a: Guilotine|Quick Attack|p1a: Brewery\n|-supereffective|p1a: Brewery\n|-damage|p1a: Brewery|0 fnt\n|faint|p1a: Brewery\n|\n|upkeep\n|c|\u2606JesusPizzaCrusher|thanks :D\n|c|\u2606RU WAS SPEED|monobug typically can deal with any match up so long as you set yourself up right\n|\n|t:|1700513645\n|switch|p1a: Shipwreck|Dhelmise|100\/100\n|-activate|p1a: Shipwreck|move: Sticky Web\n|-unboost|p1a: Shipwreck|spe|1\n|turn|13\n|c|\u2606JesusPizzaCrusher|the amount of bugs with quiver dance roost is kinda insane\n|c|\u2606RU WAS SPEED|gbg\n|c|\u2606JesusPizzaCrusher|gg\n|c|\u2606JesusPizzaCrusher|good team\n|c|\u2606RU WAS SPEED|nah gbg\n|c|\u2606JesusPizzaCrusher|loved the creativity\n|\n|t:|1700513689\n|move|p2a: Guilotine|Return|p1a: Shipwreck\n|-supereffective|p1a: Shipwreck\n|-damage|p1a: Shipwreck|0 fnt\n|faint|p1a: Shipwreck\n|\n|win|JesusPizzaCrusher\n|raw|RU WAS SPEED's rating: 1068 &rarr; <strong>1049<\/strong><br \/>(-19 for losing)\n|raw|JesusPizzaCrusher's rating: 1087 &rarr; <strong>1112<\/strong><br \/>(+25 for winning)\n|c|\u2606JesusPizzaCrusher|have a nice ay\n|c|\u2606RU WAS SPEED|thanks\n|c|\u2606JesusPizzaCrusher|*day\n|c|\u2606RU WAS SPEED|you too\n|c|\u2606RU WAS SPEED|adiue\n","uploadtime":1700513715,"views":3,"p1id":"ruwasspeed","p2id":"jesuspizzacrusher","formatid":"gen9nationaldex","rating":1049,"private":0,"password":""}