{"id":"gen9nationaldex-1992791115","p1":"WalterHrtwellWhite","p2":"Empress_LLENN","format":"[Gen 9] National Dex","log":"|j|\u2606WalterHrtwellWhite\n|j|\u2606Empress_LLENN\n|t:|1700235748\n|gametype|singles\n|player|p1|WalterHrtwellWhite|gentleman|1401\n|player|p2|Empress_LLENN|skierf|1495\n|teamsize|p1|6\n|teamsize|p2|6\n|gen|9\n|tier|[Gen 9] National Dex\n|rated|\n|rule|HP Percentage Mod: HP is shown in percentages\n|rule|Endless Battle Clause: Forcing endless battles is banned\n|rule|OHKO Clause: OHKO moves are banned\n|rule|Evasion Clause: Evasion abilities, items, and moves are banned\n|rule|Evasion Abilities Clause: Evasion abilities are banned\n|rule|Evasion Items Clause: Evasion items are banned\n|rule|Evasion Moves Clause: Evasion moves are banned\n|rule|Species Clause: Limit one of each Pok\u00e9mon\n|rule|Sleep Clause Mod: Limit one foe put to sleep\n|clearpoke\n|poke|p1|Scizor, F|\n|poke|p1|Volcarona, F|\n|poke|p1|Gliscor, F|\n|poke|p1|Heatran, M|\n|poke|p1|Alomomola, F|\n|poke|p1|Slowking-Galar, M|\n|poke|p2|Buzzwole|\n|poke|p2|Gliscor, F|\n|poke|p2|Weavile, F|\n|poke|p2|Heatran, F|\n|poke|p2|Ogerpon-Wellspring, F|\n|poke|p2|Tapu Lele|\n|teampreview\n|inactive|Battle timer is ON: inactive players will automatically lose when time's up. (requested by Empress_LLENN)\n|\n|t:|1700235761\n|start\n|switch|p1a: Assad|Gliscor, F|100\/100\n|switch|p2a: Ogerpon|Ogerpon-Wellspring, F|100\/100\n|turn|1\n|\n|t:|1700235768\n|move|p1a: Assad|Protect|p1a: Assad\n|-singleturn|p1a: Assad|Protect\n|move|p2a: Ogerpon|Swords Dance|p2a: Ogerpon\n|-boost|p2a: Ogerpon|atk|2\n|\n|-status|p1a: Assad|tox|[from] item: Toxic Orb\n|upkeep\n|turn|2\n|\n|t:|1700235778\n|switch|p1a: Alomomola|Alomomola, F|100\/100\n|move|p2a: Ogerpon|Power Whip|p1a: Alomomola|[miss]\n|-miss|p2a: Ogerpon|p1a: Alomomola\n|\n|upkeep\n|turn|3\n|\n|t:|1700235786\n|move|p2a: Ogerpon|Power Whip|p1a: Alomomola\n|-supereffective|p1a: Alomomola\n|-damage|p1a: Alomomola|0 fnt\n|faint|p1a: Alomomola\n|\n|upkeep\n|\n|t:|1700235793\n|switch|p1a: Skyler White|Scizor, F|100\/100\n|turn|4\n|\n|t:|1700235803\n|detailschange|p1a: Skyler White|Scizor-Mega, F\n|-mega|p1a: Skyler White|Scizor|Scizorite\n|-terastallize|p2a: Ogerpon|Water\n|detailschange|p2a: Ogerpon|Ogerpon-Wellspring-Tera, F, tera:Water\n|-ability|p2a: Ogerpon|Embody Aspect (Wellspring)|boost\n|-boost|p2a: Ogerpon|spd|1\n|move|p2a: Ogerpon|Ivy Cudgel|p1a: Skyler White|[anim] Ivy Cudgel Water\n|-damage|p1a: Skyler White|0 fnt\n|faint|p1a: Skyler White\n|\n|upkeep\n|\n|t:|1700235813\n|switch|p1a: Girlboss|Volcarona, F|100\/100\n|turn|5\n|\n|t:|1700235817\n|-terastallize|p1a: Girlboss|Grass\n|move|p2a: Ogerpon|Ivy Cudgel|p1a: Girlboss|[anim] Ivy Cudgel Water\n|-resisted|p1a: Girlboss\n|-damage|p1a: Girlboss|0 fnt\n|faint|p1a: Girlboss\n|\n|upkeep\n|-message|WalterHrtwellWhite forfeited.\n|\n|win|Empress_LLENN\n|raw|WalterHrtwellWhite's rating: 1401 &rarr; <strong>1386<\/strong><br \/>(-15 for losing)\n|raw|Empress_LLENN's rating: 1495 &rarr; <strong>1510<\/strong><br \/>(+15 for winning)\n|l|\u2606WalterHrtwellWhite\n","uploadtime":1700235832,"views":14,"p1id":"walterhrtwellwhite","p2id":"empressllenn","formatid":"gen9nationaldex","rating":1386,"private":0,"password":""}