{"id":"gen9nationaldex-1995059335","p1":"JackPotatoGuy","p2":"KaneWritez","format":"[Gen 9] National Dex","log":"|html|<div class=\"broadcast-blue\"><strong>[Gen 9] National Dex is currently suspecting Sneasler! For information on how to participate check out the <a href=\"https:\/\/www.smogon.com\/forums\/threads\/sv-national-dex-suspect-8-just-dance.3731534\/\">suspect thread<\/a>.<\/strong><\/div>\n|j|\u2606JackPotatoGuy\n|j|\u2606KaneWritez\n|t:|1700518146\n|gametype|singles\n|player|p1|JackPotatoGuy|2|\n|player|p2|KaneWritez|266|\n|teamsize|p1|2\n|teamsize|p2|2\n|gen|9\n|tier|[Gen 9] National Dex\n|rule|HP Percentage Mod: HP is shown in percentages\n|rule|Endless Battle Clause: Forcing endless battles is banned\n|rule|OHKO Clause: OHKO moves are banned\n|rule|Evasion Clause: Evasion abilities, items, and moves are banned\n|rule|Evasion Abilities Clause: Evasion abilities are banned\n|rule|Evasion Items Clause: Evasion items are banned\n|rule|Evasion Moves Clause: Evasion moves are banned\n|rule|Species Clause: Limit one of each Pok\u00e9mon\n|rule|Sleep Clause Mod: Limit one foe put to sleep\n|clearpoke\n|poke|p1|Abra, L10, F|\n|poke|p1|Nidoran-F, L9, F|\n|poke|p2|Spheal, L9, M|\n|poke|p2|Grubbin, L8, M|\n|teampreview\n|\n|t:|1700518152\n|start\n|switch|p1a: Abigail|Abra, L10, F|100\/100\n|switch|p2a: Grubbin|Grubbin, L8, M|100\/100\n|turn|1\n|\n|t:|1700518161\n|move|p1a: Abigail|Confusion|p2a: Grubbin\n|-damage|p2a: Grubbin|37\/100\n|move|p2a: Grubbin|Mud-Slap|p1a: Abigail\n|-damage|p1a: Abigail|94\/100\n|-unboost|p1a: Abigail|accuracy|1\n|\n|upkeep\n|turn|2\n|\n|t:|1700518169\n|move|p1a: Abigail|Confusion|p2a: Grubbin\n|-damage|p2a: Grubbin|0 fnt\n|faint|p2a: Grubbin\n|\n|upkeep\n|\n|t:|1700518174\n|switch|p2a: Spheal|Spheal, L9, M|100\/100\n|turn|3\n|\n|t:|1700518181\n|move|p1a: Abigail|Confusion|p2a: Spheal\n|-damage|p2a: Spheal|65\/100\n|-start|p2a: Spheal|confusion\n|-activate|p2a: Spheal|confusion\n|move|p2a: Spheal|Rollout|p1a: Abigail\n|-damage|p1a: Abigail|80\/100\n|\n|upkeep\n|turn|4\n|\n|t:|1700518191\n|move|p1a: Abigail|Confusion|p2a: Spheal|[miss]\n|-miss|p1a: Abigail|p2a: Spheal\n|-activate|p2a: Spheal|confusion\n|move|p2a: Spheal|Rollout|p1a: Abigail|[from]lockedmove\n|-damage|p1a: Abigail|57\/100\n|\n|upkeep\n|turn|5\n|\n|t:|1700518199\n|move|p1a: Abigail|Confusion|p2a: Spheal|[miss]\n|-miss|p1a: Abigail|p2a: Spheal\n|-end|p2a: Spheal|confusion\n|move|p2a: Spheal|Rollout|p1a: Abigail|[from]lockedmove\n|-damage|p1a: Abigail|14\/100\n|\n|upkeep\n|turn|6\n|\n|t:|1700518208\n|move|p1a: Abigail|Confusion|p2a: Spheal\n|-damage|p2a: Spheal|21\/100\n|move|p2a: Spheal|Rollout|p1a: Abigail|[from]lockedmove\n|-damage|p1a: Abigail|0 fnt\n|faint|p1a: Abigail\n|\n|upkeep\n|\n|t:|1700518216\n|switch|p1a: Blue|Nidoran-F, L9, F|100\/100\n|turn|7\n|\n|t:|1700518222\n|move|p1a: Blue|Scratch|p2a: Spheal\n|-damage|p2a: Spheal|3\/100\n|move|p2a: Spheal|Rollout|p1a: Blue|[from]lockedmove\n|-damage|p1a: Blue|0 fnt\n|faint|p1a: Blue\n|\n|win|KaneWritez\n","uploadtime":1700518234,"views":15,"p1id":"jackpotatoguy","p2id":"kanewritez","formatid":"gen9nationaldex","rating":0,"private":0,"password":""}