{"id":"gen9nationaldex-1996309197","p1":"schoolboy333","p2":"Cipher_owen","format":"[Gen 9] National Dex","log":"|html|<div class=\"broadcast-blue\"><strong>[Gen 9] National Dex is currently suspecting Sneasler! For information on how to participate check out the <a href=\"https:\/\/www.smogon.com\/forums\/threads\/sv-national-dex-suspect-8-just-dance.3731534\/\">suspect thread<\/a>.<\/strong><\/div>\n|j|\u2606schoolboy333\n|j|\u2606Cipher_owen\n|t:|1700669807\n|gametype|singles\n|player|p1|schoolboy333|byron|1238\n|player|p2|Cipher_owen|dawn|1269\n|teamsize|p1|6\n|teamsize|p2|6\n|gen|9\n|tier|[Gen 9] National Dex\n|rated|\n|rule|HP Percentage Mod: HP is shown in percentages\n|rule|Endless Battle Clause: Forcing endless battles is banned\n|rule|OHKO Clause: OHKO moves are banned\n|rule|Evasion Clause: Evasion abilities, items, and moves are banned\n|rule|Evasion Abilities Clause: Evasion abilities are banned\n|rule|Evasion Items Clause: Evasion items are banned\n|rule|Evasion Moves Clause: Evasion moves are banned\n|rule|Species Clause: Limit one of each Pok\u00e9mon\n|rule|Sleep Clause Mod: Limit one foe put to sleep\n|clearpoke\n|poke|p1|Dragonite, M|\n|poke|p1|Hatterene, F|\n|poke|p1|Keldeo|\n|poke|p1|Ogerpon-Cornerstone, F|\n|poke|p1|Bisharp, F|\n|poke|p1|Skeledirge, F|\n|poke|p2|Tapu Bulu|\n|poke|p2|Sneasler, M|\n|poke|p2|Tinkaton, F|\n|poke|p2|Great Tusk|\n|poke|p2|Garganacl, F|\n|poke|p2|Skeledirge, F|\n|teampreview\n|inactive|Battle timer is ON: inactive players will automatically lose when time's up. (requested by Cipher_owen)\n|\n|t:|1700669819\n|start\n|switch|p1a: Hatterene|Hatterene, F|100\/100\n|switch|p2a: Tinkaton|Tinkaton, F, shiny|100\/100\n|-ability|p2a: Tinkaton|Mold Breaker\n|turn|1\n|\n|t:|1700669831\n|-terastallize|p1a: Hatterene|Fire\n|move|p2a: Tinkaton|Knock Off|p1a: Hatterene\n|-damage|p1a: Hatterene|79\/100\n|-damage|p2a: Tinkaton|84\/100|[from] item: Rocky Helmet|[of] p1a: Hatterene\n|-enditem|p1a: Hatterene|Rocky Helmet|[from] move: Knock Off|[of] p2a: Tinkaton\n|move|p1a: Hatterene|Mystical Fire|p2a: Tinkaton\n|-supereffective|p2a: Tinkaton\n|-damage|p2a: Tinkaton|16\/100\n|-unboost|p2a: Tinkaton|spa|1\n|\n|-heal|p2a: Tinkaton|22\/100|[from] item: Leftovers\n|upkeep\n|turn|2\n|\n|t:|1700669847\n|switch|p2a: Skeledirge|Skeledirge, F, shiny|100\/100\n|move|p1a: Hatterene|Mystical Fire|p2a: Skeledirge\n|-resisted|p2a: Skeledirge\n|-damage|p2a: Skeledirge|85\/100\n|-unboost|p2a: Skeledirge|spa|1\n|\n|-heal|p2a: Skeledirge|91\/100|[from] item: Leftovers\n|upkeep\n|turn|3\n|\n|t:|1700669852\n|move|p2a: Skeledirge|Will-O-Wisp|p1a: Hatterene\n|move|p1a: Hatterene|Will-O-Wisp|p2a: Skeledirge|[from]ability: Magic Bounce\n|-immune|p2a: Skeledirge\n|move|p1a: Hatterene|Nuzzle|p2a: Skeledirge\n|-damage|p2a: Skeledirge|88\/100\n|-status|p2a: Skeledirge|par\n|\n|-heal|p2a: Skeledirge|94\/100 par|[from] item: Leftovers\n|upkeep\n|turn|4\n|-message|Cipher_owen forfeited.\n|\n|win|schoolboy333\n|raw|schoolboy333's rating: 1238 &rarr; <strong>1265<\/strong><br \/>(+27 for winning)\n|raw|Cipher_owen's rating: 1269 &rarr; <strong>1242<\/strong><br \/>(-27 for losing)\n|l|\u2606Cipher_owen\n|c|\u2606schoolboy333|gg\n","uploadtime":1700669877,"views":1,"p1id":"schoolboy333","p2id":"cipherowen","formatid":"gen9nationaldex","rating":1242,"private":0,"password":""}