{"id":"gen9nationaldex-1990982888","p1":"Shelmett","p2":"minh gaming","format":"[Gen 9] National Dex","log":"|j|\u2606Shelmett\n|j|\u2606minh gaming\n|t:|1700023138\n|gametype|singles\n|player|p1|Shelmett|roxie|1092\n|player|p2|minh gaming|baker|1130\n|teamsize|p1|6\n|teamsize|p2|6\n|gen|9\n|tier|[Gen 9] National Dex\n|rated|\n|rule|HP Percentage Mod: HP is shown in percentages\n|rule|Endless Battle Clause: Forcing endless battles is banned\n|rule|OHKO Clause: OHKO moves are banned\n|rule|Evasion Clause: Evasion abilities, items, and moves are banned\n|rule|Evasion Abilities Clause: Evasion abilities are banned\n|rule|Evasion Items Clause: Evasion items are banned\n|rule|Evasion Moves Clause: Evasion moves are banned\n|rule|Species Clause: Limit one of each Pok\u00e9mon\n|rule|Sleep Clause Mod: Limit one foe put to sleep\n|clearpoke\n|poke|p1|Great Tusk|\n|poke|p1|Kartana|\n|poke|p1|Skeledirge, F|\n|poke|p1|Pidgeot, F|\n|poke|p1|Rotom-Wash|\n|poke|p1|Alomomola, F|\n|poke|p2|Turtwig, F|\n|poke|p2|Grotle, F|\n|poke|p2|Torterra, F|\n|poke|p2|Squirtle, F|\n|poke|p2|Wartortle, F|\n|poke|p2|Blastoise, M|\n|teampreview\n|inactive|Battle timer is ON: inactive players will automatically lose when time's up. (requested by minh gaming)\n|\n|t:|1700023148\n|start\n|switch|p1a: Alomomola|Alomomola, F|100\/100\n|switch|p2a: Turtwig|Turtwig, F|100\/100\n|turn|1\n|\n|t:|1700023157\n|move|p2a: Turtwig|Stealth Rock|p1a: Alomomola\n|-sidestart|p1: Shelmett|move: Stealth Rock\n|move|p1a: Alomomola|Swagger|p2a: Turtwig\n|-boost|p2a: Turtwig|atk|2\n|-enditem|p1a: Alomomola|Mirror Herb\n|-boost|p1a: Alomomola|atk|2|[from] item: Mirror Herb\n|-start|p2a: Turtwig|confusion\n|\n|upkeep\n|turn|2\n|inactive|minh gaming has 120 seconds left.\n|\n|t:|1700023188\n|move|p1a: Alomomola|Wish|p1a: Alomomola\n|-activate|p2a: Turtwig|confusion\n|move|p2a: Turtwig|Roar|p1a: Alomomola\n|drag|p1a: Skeledirge|Skeledirge, F|100\/100\n|-damage|p1a: Skeledirge|75\/100|[from] Stealth Rock\n|\n|-heal|p1a: Skeledirge|82\/100|[from] item: Leftovers\n|upkeep\n|turn|3\n|-message|Shelmett forfeited.\n|\n|win|minh gaming\n|raw|Shelmett's rating: 1092 &rarr; <strong>1071<\/strong><br \/>(-21 for losing)\n|raw|minh gaming's rating: 1130 &rarr; <strong>1152<\/strong><br \/>(+22 for winning)\n|l|\u2606Shelmett\n","uploadtime":1700023205,"views":4,"p1id":"shelmett","p2id":"minhgaming","formatid":"gen9nationaldex","rating":1071,"private":0,"password":""}