{"id":"gen9nationaldex-1996241448","p1":"121coo","p2":"ManitKhurana","format":"[Gen 9] National Dex","log":"|html|<div class=\"broadcast-blue\"><strong>[Gen 9] National Dex is currently suspecting Sneasler! For information on how to participate check out the <a href=\"https:\/\/www.smogon.com\/forums\/threads\/sv-national-dex-suspect-8-just-dance.3731534\/\">suspect thread<\/a>.<\/strong><\/div>\n|j|\u2606121coo\n|j|\u2606ManitKhurana\n|t:|1700663059\n|gametype|singles\n|player|p1|121coo|red|1040\n|player|p2|ManitKhurana|ethan|1049\n|teamsize|p1|1\n|teamsize|p2|6\n|gen|9\n|tier|[Gen 9] National Dex\n|rated|\n|rule|HP Percentage Mod: HP is shown in percentages\n|rule|Endless Battle Clause: Forcing endless battles is banned\n|rule|OHKO Clause: OHKO moves are banned\n|rule|Evasion Clause: Evasion abilities, items, and moves are banned\n|rule|Evasion Abilities Clause: Evasion abilities are banned\n|rule|Evasion Items Clause: Evasion items are banned\n|rule|Evasion Moves Clause: Evasion moves are banned\n|rule|Species Clause: Limit one of each Pok\u00e9mon\n|rule|Sleep Clause Mod: Limit one foe put to sleep\n|clearpoke\n|poke|p1|Ceruledge, M|\n|poke|p2|Charmeleon, M|\n|poke|p2|Sceptile, M|\n|poke|p2|Scizor, M|\n|poke|p2|Swellow, M|\n|poke|p2|Hydreigon, M|\n|poke|p2|Tyranitar, M|\n|teampreview\n|inactive|Battle timer is ON: inactive players will automatically lose when time's up. (requested by ManitKhurana)\n|\n|t:|1700663075\n|start\n|switch|p1a: Ceruledge|Ceruledge, M|100\/100\n|switch|p2a: Hydreigon|Hydreigon, M|100\/100\n|turn|1\n|\n|t:|1700663086\n|-terastallize|p2a: Hydreigon|Fairy\n|move|p1a: Ceruledge|Protect|p1a: Ceruledge\n|-singleturn|p1a: Ceruledge|Protect\n|move|p2a: Hydreigon|Draco Meteor|p1a: Ceruledge\n|-activate|p1a: Ceruledge|move: Protect\n|\n|upkeep\n|turn|2\n|\n|t:|1700663095\n|move|p2a: Hydreigon|Draco Meteor|p1a: Ceruledge\n|-damage|p1a: Ceruledge|13\/100\n|-unboost|p2a: Hydreigon|spa|2\n|move|p1a: Ceruledge|Swords Dance|p1a: Ceruledge\n|-boost|p1a: Ceruledge|atk|2\n|\n|upkeep\n|turn|3\n|\n|t:|1700663103\n|move|p2a: Hydreigon|Hydro Pump|p1a: Ceruledge\n|-supereffective|p1a: Ceruledge\n|-damage|p1a: Ceruledge|0 fnt\n|faint|p1a: Ceruledge\n|\n|win|ManitKhurana\n|raw|121coo's rating: 1040 &rarr; <strong>1024<\/strong><br \/>(-16 for losing)\n|raw|ManitKhurana's rating: 1049 &rarr; <strong>1081<\/strong><br \/>(+32 for winning)\n|l|\u2606121coo\n","uploadtime":1700663109,"views":0,"p1id":"121coo","p2id":"manitkhurana","formatid":"gen9nationaldex","rating":1024,"private":0,"password":""}