{"id":"gen9nationaldex-1994875732","p1":"Ace_58","p2":"Maxer59","format":"[Gen 9] National Dex","log":"|html|<div class=\"broadcast-blue\"><strong>[Gen 9] National Dex is currently suspecting Sneasler! For information on how to participate check out the <a href=\"https:\/\/www.smogon.com\/forums\/threads\/sv-national-dex-suspect-8-just-dance.3731534\/\">suspect thread<\/a>.<\/strong><\/div>\n|j|\u2606Ace_58\n|j|\u2606Maxer59\n|t:|1700500798\n|gametype|singles\n|player|p1|Ace_58|acetrainer-gen4dp|1173\n|player|p2|Maxer59|lucas|1135\n|teamsize|p1|6\n|teamsize|p2|6\n|gen|9\n|tier|[Gen 9] National Dex\n|rated|\n|rule|HP Percentage Mod: HP is shown in percentages\n|rule|Endless Battle Clause: Forcing endless battles is banned\n|rule|OHKO Clause: OHKO moves are banned\n|rule|Evasion Clause: Evasion abilities, items, and moves are banned\n|rule|Evasion Abilities Clause: Evasion abilities are banned\n|rule|Evasion Items Clause: Evasion items are banned\n|rule|Evasion Moves Clause: Evasion moves are banned\n|rule|Species Clause: Limit one of each Pok\u00e9mon\n|rule|Sleep Clause Mod: Limit one foe put to sleep\n|clearpoke\n|poke|p1|Raichu, F|\n|poke|p1|Jolteon, M|\n|poke|p1|Crobat, M|\n|poke|p1|Magmortar, M|\n|poke|p1|Basculegion, M|\n|poke|p1|Great Tusk|\n|poke|p2|Pikachu, F|\n|poke|p2|Kleavor, F|\n|poke|p2|Dragonite, M|\n|poke|p2|Gallade, M|\n|poke|p2|Absol, F|\n|poke|p2|Crawdaunt, M|\n|teampreview\n|inactive|Battle timer is ON: inactive players will automatically lose when time's up. (requested by Maxer59)\n|\n|t:|1700500815\n|start\n|switch|p1a: Raichu|Raichu, F|100\/100\n|switch|p2a: Dragonite|Dragonite, M|100\/100\n|turn|1\n|\n|t:|1700500820\n|move|p1a: Raichu|Play Rough|p2a: Dragonite\n|-supereffective|p2a: Dragonite\n|-damage|p2a: Dragonite|67\/100\n|-enditem|p2a: Dragonite|Weakness Policy\n|-boost|p2a: Dragonite|atk|2|[from] item: Weakness Policy\n|-boost|p2a: Dragonite|spa|2|[from] item: Weakness Policy\n|-damage|p1a: Raichu|91\/100|[from] item: Life Orb\n|move|p2a: Dragonite|Dragon Dance|p2a: Dragonite\n|-boost|p2a: Dragonite|atk|1\n|-boost|p2a: Dragonite|spe|1\n|\n|upkeep\n|turn|2\n|\n|t:|1700500830\n|move|p1a: Raichu|Extreme Speed|p2a: Dragonite\n|-damage|p2a: Dragonite|39\/100\n|-damage|p1a: Raichu|81\/100|[from] item: Life Orb\n|move|p2a: Dragonite|Extreme Speed|p1a: Raichu\n|-damage|p1a: Raichu|0 fnt\n|faint|p1a: Raichu\n|\n|upkeep\n|\n|t:|1700500838\n|switch|p1a: Basculegion|Basculegion, M|100\/100\n|turn|3\n|\n|t:|1700500841\n|move|p2a: Dragonite|Dragon Claw|p1a: Basculegion\n|-damage|p1a: Basculegion|0 fnt\n|faint|p1a: Basculegion\n|\n|upkeep\n|\n|t:|1700500846\n|switch|p1a: Crobat|Crobat, M|100\/100\n|turn|4\n|\n|t:|1700500848\n|move|p2a: Dragonite|Extreme Speed|p1a: Crobat\n|-damage|p1a: Crobat|0 fnt\n|faint|p1a: Crobat\n|\n|upkeep\n|\n|t:|1700500853\n|switch|p1a: Magmortar|Magmortar, M|100\/100\n|turn|5\n|\n|t:|1700500856\n|move|p2a: Dragonite|Extreme Speed|p1a: Magmortar\n|-damage|p1a: Magmortar|0 fnt\n|faint|p1a: Magmortar\n|\n|upkeep\n|\n|t:|1700500859\n|switch|p1a: Jolteon|Jolteon, M|100\/100\n|turn|6\n|\n|t:|1700500862\n|-terastallize|p1a: Jolteon|Ice\n|move|p2a: Dragonite|Extreme Speed|p1a: Jolteon\n|-damage|p1a: Jolteon|0 fnt\n|faint|p1a: Jolteon\n|\n|upkeep\n|\n|t:|1700500867\n|switch|p1a: Great Tusk|Great Tusk|100\/100\n|turn|7\n|\n|t:|1700500870\n|move|p2a: Dragonite|Dual Wingbeat|p1a: Great Tusk\n|-supereffective|p1a: Great Tusk\n|-damage|p1a: Great Tusk|27\/100\n|-supereffective|p1a: Great Tusk\n|-damage|p1a: Great Tusk|0 fnt\n|faint|p1a: Great Tusk\n|-end|p1a: Great Tusk|Protosynthesis|[silent]\n|-hitcount|p1: Great Tusk|2\n|\n|win|Maxer59\n|raw|Ace_58's rating: 1173 &rarr; <strong>1145<\/strong><br \/>(-28 for losing)\n|raw|Maxer59's rating: 1135 &rarr; <strong>1163<\/strong><br \/>(+28 for winning)\n|c|\u2606Ace_58|gg\n|l|\u2606Ace_58\n","uploadtime":1700500890,"views":4,"p1id":"ace58","p2id":"maxer59","formatid":"gen9nationaldex","rating":1145,"private":0,"password":""}