{"id":"gen9nationaldex-1990312632","p1":"DJRRRR","p2":"Nathan290406","format":"[Gen 9] National Dex","log":"|j|\u2606DJRRRR\n|j|\u2606Nathan290406\n|t:|1699955097\n|gametype|singles\n|player|p1|DJRRRR|roxie|1174\n|player|p2|Nathan290406|thorton|1051\n|teamsize|p1|6\n|teamsize|p2|6\n|gen|9\n|tier|[Gen 9] National Dex\n|rated|\n|rule|HP Percentage Mod: HP is shown in percentages\n|rule|Endless Battle Clause: Forcing endless battles is banned\n|rule|OHKO Clause: OHKO moves are banned\n|rule|Evasion Clause: Evasion abilities, items, and moves are banned\n|rule|Evasion Abilities Clause: Evasion abilities are banned\n|rule|Evasion Items Clause: Evasion items are banned\n|rule|Evasion Moves Clause: Evasion moves are banned\n|rule|Species Clause: Limit one of each Pok\u00e9mon\n|rule|Sleep Clause Mod: Limit one foe put to sleep\n|clearpoke\n|poke|p1|Zeraora|\n|poke|p1|Greninja-*, M|\n|poke|p1|Kartana|\n|poke|p1|Nidoking, M|\n|poke|p1|Dragonite, M|\n|poke|p1|Banette, M|\n|poke|p2|Bisharp, F|\n|poke|p2|Gliscor, M|\n|poke|p2|Serperior, M|\n|poke|p2|Gyarados, M|\n|poke|p2|Dusclops, F|\n|poke|p2|Tentacruel, M|\n|teampreview\n|inactive|Battle timer is ON: inactive players will automatically lose when time's up. (requested by DJRRRR)\n|\n|t:|1699955112\n|start\n|switch|p1a: Zeraora|Zeraora|100\/100\n|switch|p2a: Bisharp|Bisharp, F|100\/100\n|turn|1\n|\n|t:|1699955127\n|move|p1a: Zeraora|Plasma Fists|p2a: Bisharp\n|-damage|p2a: Bisharp|42\/100\n|-fieldactivate|move: Ion Deluge\n|-hint|Normal-type moves become Electric-type after using Plasma Fists.\n|move|p2a: Bisharp|Swords Dance|p2a: Bisharp\n|-boost|p2a: Bisharp|atk|2\n|\n|upkeep\n|turn|2\n|\n|t:|1699955140\n|-terastallize|p2a: Bisharp|Dark\n|move|p2a: Bisharp|Sucker Punch||[still]\n|-fail|p2a: Bisharp\n|move|p1a: Zeraora|Taunt|p2a: Bisharp\n|-start|p2a: Bisharp|move: Taunt\n|\n|upkeep\n|turn|3\n|\n|t:|1699955147\n|move|p2a: Bisharp|Sucker Punch||[still]\n|-fail|p2a: Bisharp\n|move|p1a: Zeraora|Taunt||[still]\n|-fail|p1a: Zeraora\n|\n|upkeep\n|turn|4\n|\n|t:|1699955155\n|move|p2a: Bisharp|Sucker Punch||[still]\n|-fail|p2a: Bisharp\n|move|p1a: Zeraora|Taunt||[still]\n|-fail|p1a: Zeraora\n|\n|upkeep\n|turn|5\n|\n|t:|1699955162\n|switch|p2a: Gliscor|Gliscor, M|100\/100\n|move|p1a: Zeraora|Plasma Fists|p2a: Gliscor\n|-immune|p2a: Gliscor\n|\n|-status|p2a: Gliscor|tox|[from] item: Toxic Orb\n|upkeep\n|turn|6\n|\n|t:|1699955173\n|switch|p1a: Kartana|Kartana|100\/100\n|move|p2a: Gliscor|U-turn|p1a: Kartana\n|-damage|p1a: Kartana|82\/100\n|\n|t:|1699955181\n|switch|p2a: Bisharp|Bisharp, F, tera:Dark|42\/100|[from] U-turn\n|\n|upkeep\n|turn|7\n|\n|t:|1699955189\n|move|p1a: Kartana|Vacuum Wave|p2a: Bisharp\n|-supereffective|p2a: Bisharp\n|-damage|p2a: Bisharp|23\/100\n|move|p2a: Bisharp|Sucker Punch||[still]\n|-fail|p2a: Bisharp\n|\n|upkeep\n|turn|8\n|\n|t:|1699955195\n|move|p1a: Kartana|Leaf Blade|p2a: Bisharp\n|-crit|p2a: Bisharp\n|-damage|p2a: Bisharp|0 fnt\n|faint|p2a: Bisharp\n|-ability|p1a: Kartana|Beast Boost|boost\n|-boost|p1a: Kartana|atk|1\n|\n|upkeep\n|-message|Nathan290406 forfeited.\n|\n|win|DJRRRR\n|raw|DJRRRR's rating: 1174 &rarr; <strong>1191<\/strong><br \/>(+17 for winning)\n|raw|Nathan290406's rating: 1051 &rarr; <strong>1039<\/strong><br \/>(-12 for losing)\n|l|\u2606Nathan290406\n","uploadtime":1699955206,"views":5,"p1id":"djrrrr","p2id":"nathan290406","formatid":"gen9nationaldex","rating":1039,"private":0,"password":""}