{"id":"gen9nationaldex-1999769321","p1":"Chillax_User","p2":"Starving fartist","format":"[Gen 9] National Dex","log":"|html|<div class=\"broadcast-blue\"><strong>[Gen 9] National Dex is currently suspecting Sneasler! For information on how to participate check out the <a href=\"https:\/\/www.smogon.com\/forums\/threads\/sv-national-dex-suspect-8-just-dance.3731534\/\">suspect thread<\/a>.<\/strong><\/div>\n|j|\u2606Chillax_User\n|j|\u2606Starving fartist\n|t:|1701115028\n|gametype|singles\n|player|p1|Chillax_User|elesa-masters2|1274\n|player|p2|Starving fartist|mina|1197\n|teamsize|p1|6\n|teamsize|p2|6\n|gen|9\n|tier|[Gen 9] National Dex\n|rated|\n|rule|HP Percentage Mod: HP is shown in percentages\n|rule|Endless Battle Clause: Forcing endless battles is banned\n|rule|OHKO Clause: OHKO moves are banned\n|rule|Evasion Clause: Evasion abilities, items, and moves are banned\n|rule|Evasion Abilities Clause: Evasion abilities are banned\n|rule|Evasion Items Clause: Evasion items are banned\n|rule|Evasion Moves Clause: Evasion moves are banned\n|rule|Species Clause: Limit one of each Pok\u00e9mon\n|rule|Sleep Clause Mod: Limit one foe put to sleep\n|clearpoke\n|poke|p1|Kommo-o, F|\n|poke|p1|Ferrothorn, M|\n|poke|p1|Tornadus-Therian, M|\n|poke|p1|Victini|\n|poke|p1|Serperior, F|\n|poke|p1|Rotom-Wash|\n|poke|p2|Samurott-Hisui, F|\n|poke|p2|Kleavor, M|\n|poke|p2|Zapdos|\n|poke|p2|Sneasler, F|\n|poke|p2|Banette, F|\n|poke|p2|Smeargle, M|\n|teampreview\n|inactive|Battle timer is ON: inactive players will automatically lose when time's up. (requested by Starving fartist)\n|\n|t:|1701115051\n|start\n|switch|p1a: Rotom|Rotom-Wash|100\/100\n|switch|p2a: Samurott|Samurott-Hisui, F|100\/100\n|turn|1\n|\n|t:|1701115058\n|move|p1a: Rotom|Volt Switch|p2a: Samurott\n|-supereffective|p2a: Samurott\n|-damage|p2a: Samurott|2\/100\n|\n|t:|1701115065\n|switch|p1a: Serperior|Serperior, F|100\/100|[from] Volt Switch\n|move|p2a: Samurott|Ceaseless Edge|p1a: Serperior\n|-damage|p1a: Serperior|0 fnt\n|-sidestart|p1: Chillax_User|Spikes\n|faint|p1a: Serperior\n|\n|upkeep\n|\n|t:|1701115078\n|switch|p1a: Kommo-o|Kommo-o, F|100\/100\n|-damage|p1a: Kommo-o|88\/100|[from] Spikes\n|turn|2\n|\n|t:|1701115087\n|switch|p2a: Banette|Banette, F|100\/100\n|-zpower|p1a: Kommo-o\n|move|p1a: Kommo-o|Clangorous Soulblaze|p2a: Banette|[zeffect]\n|-damage|p2a: Banette|0 fnt\n|faint|p2a: Banette\n|-boost|p1a: Kommo-o|atk|1\n|-boost|p1a: Kommo-o|def|1\n|-boost|p1a: Kommo-o|spa|1\n|-boost|p1a: Kommo-o|spd|1\n|-boost|p1a: Kommo-o|spe|1\n|\n|upkeep\n|\n|t:|1701115103\n|switch|p2a: Smeargle|Smeargle, M|100\/100\n|turn|3\n|\n|t:|1701115105\n|move|p1a: Kommo-o|Substitute|p1a: Kommo-o\n|-start|p1a: Kommo-o|Substitute\n|-damage|p1a: Kommo-o|63\/100\n|move|p2a: Smeargle|Metal Burst||[still]\n|-fail|p2a: Smeargle\n|\n|upkeep\n|turn|4\n|-message|Starving fartist forfeited.\n|\n|win|Chillax_User\n|raw|Chillax_User's rating: 1274 &rarr; <strong>1294<\/strong><br \/>(+20 for winning)\n|raw|Starving fartist's rating: 1197 &rarr; <strong>1177<\/strong><br \/>(-20 for losing)\n|l|\u2606Starving fartist\n","uploadtime":1701115116,"views":1,"p1id":"chillaxuser","p2id":"starvingfartist","formatid":"gen9nationaldex","rating":1177,"private":0,"password":""}