{"id":"gen9nationaldex-1998548573","p1":"snmbuddy123","p2":"Onlymanever","format":"[Gen 9] National Dex","log":"|html|<div class=\"broadcast-blue\"><strong>[Gen 9] National Dex is currently suspecting Sneasler! For information on how to participate check out the <a href=\"https:\/\/www.smogon.com\/forums\/threads\/sv-national-dex-suspect-8-just-dance.3731534\/\">suspect thread<\/a>.<\/strong><\/div>\n|j|\u2606snmbuddy123\n|j|\u203dOnlymanever\n|t:|1700954987\n|gametype|singles\n|player|p1|snmbuddy123|170|1134\n|player|p2|Onlymanever|lyra|1028\n|teamsize|p1|6\n|teamsize|p2|6\n|gen|9\n|tier|[Gen 9] National Dex\n|rated|\n|rule|HP Percentage Mod: HP is shown in percentages\n|rule|Endless Battle Clause: Forcing endless battles is banned\n|rule|OHKO Clause: OHKO moves are banned\n|rule|Evasion Clause: Evasion abilities, items, and moves are banned\n|rule|Evasion Abilities Clause: Evasion abilities are banned\n|rule|Evasion Items Clause: Evasion items are banned\n|rule|Evasion Moves Clause: Evasion moves are banned\n|rule|Species Clause: Limit one of each Pok\u00e9mon\n|rule|Sleep Clause Mod: Limit one foe put to sleep\n|clearpoke\n|poke|p1|Gallade, M|\n|poke|p1|Ceruledge, F|\n|poke|p1|Kleavor, F|\n|poke|p1|Dragonite, M|\n|poke|p1|Aegislash, M|\n|poke|p1|Milotic, F|\n|poke|p2|Raichu, M|\n|poke|p2|Poliwrath, M|\n|poke|p2|Charizard, F|\n|poke|p2|Tauros, M|\n|poke|p2|Machamp, M|\n|poke|p2|Vileplume, F|\n|teampreview\n|inactive|Battle timer is ON: inactive players will automatically lose when time's up. (requested by Onlymanever)\n|\n|t:|1700954995\n|start\n|switch|p1a: water queen|Milotic, F|100\/100\n|switch|p2a: Poliwrath|Poliwrath, M|100\/100\n|turn|1\n|-message|snmbuddy123 forfeited.\n|\n|win|Onlymanever\n|raw|snmbuddy123's rating: 1134 &rarr; <strong>1102<\/strong><br \/>(-32 for losing)\n|raw|Onlymanever's rating: 1028 &rarr; <strong>1074<\/strong><br \/>(+46 for winning)\n|l|\u2606snmbuddy123\n","uploadtime":1700955026,"views":2,"p1id":"snmbuddy123","p2id":"onlymanever","formatid":"gen9nationaldex","rating":1074,"private":0,"password":""}