{"id":"gen9nationaldex-1987155648","p1":"babbona","p2":"Thy One Thy Kitten","format":"[Gen 9] National Dex","log":"|j|\u2606babbona\n|j|\u2606Thy One Thy Kitten\n|t:|1699560702\n|gametype|singles\n|player|p1|babbona|ghetsis-gen5bw|1105\n|player|p2|Thy One Thy Kitten|unknown|1034\n|teamsize|p1|6\n|teamsize|p2|6\n|gen|9\n|tier|[Gen 9] National Dex\n|rated|\n|rule|HP Percentage Mod: HP is shown in percentages\n|rule|Endless Battle Clause: Forcing endless battles is banned\n|rule|OHKO Clause: OHKO moves are banned\n|rule|Evasion Clause: Evasion abilities, items, and moves are banned\n|rule|Evasion Abilities Clause: Evasion abilities are banned\n|rule|Evasion Items Clause: Evasion items are banned\n|rule|Evasion Moves Clause: Evasion moves are banned\n|rule|Species Clause: Limit one of each Pok\u00e9mon\n|rule|Sleep Clause Mod: Limit one foe put to sleep\n|clearpoke\n|poke|p1|Sneasler, M|\n|poke|p1|Ribombee, F|\n|poke|p1|Charizard, M|\n|poke|p1|Volcarona, F|\n|poke|p1|Heatran, M|\n|poke|p1|Clefable, M|\n|poke|p2|Hoopa-Unbound|\n|poke|p2|Greninja-*, M|\n|poke|p2|Incineroar, M|\n|poke|p2|Grimmsnarl, M|\n|poke|p2|Weavile, M|\n|poke|p2|Krookodile, M|\n|teampreview\n|\n|t:|1699560712\n|start\n|switch|p1a: Polly|Ribombee, F|100\/100\n|switch|p2a: Weavile|Weavile, M|100\/100\n|-ability|p2a: Weavile|Pressure\n|turn|1\n|\n|t:|1699560720\n|move|p2a: Weavile|Triple Axel|p1a: Polly\n|-damage|p1a: Polly|85\/100\n|-damage|p1a: Polly|55\/100\n|-hitcount|p1a: Polly|2\n|move|p1a: Polly|Sticky Web|p2a: Weavile\n|-sidestart|p2: Thy One Thy Kitten|move: Sticky Web\n|\n|upkeep\n|turn|2\n|inactive|Battle timer is ON: inactive players will automatically lose when time's up. (requested by babbona)\n|\n|t:|1699560733\n|move|p2a: Weavile|Triple Axel|p1a: Polly\n|-damage|p1a: Polly|39\/100\n|-damage|p1a: Polly|7\/100\n|-damage|p1a: Polly|0 fnt\n|faint|p1a: Polly\n|-hitcount|p1: Polly|3\n|\n|upkeep\n|\n|t:|1699560753\n|switch|p1a: Magmo|Heatran, M|100\/100\n|turn|3\n|\n|t:|1699560761\n|switch|p2a: Grimmsnarl|Grimmsnarl, M|100\/100\n|-activate|p2a: Grimmsnarl|move: Sticky Web\n|-unboost|p2a: Grimmsnarl|spe|1\n|move|p1a: Magmo|Toxic|p2a: Grimmsnarl\n|-status|p2a: Grimmsnarl|tox\n|\n|-damage|p2a: Grimmsnarl|94\/100 tox|[from] psn\n|upkeep\n|turn|4\n|\n|t:|1699560764\n|move|p2a: Grimmsnarl|Light Screen|p2a: Grimmsnarl\n|-sidestart|p2: Thy One Thy Kitten|move: Light Screen\n|move|p1a: Magmo|Magma Storm|p2a: Grimmsnarl\n|-damage|p2a: Grimmsnarl|74\/100 tox\n|-activate|p2a: Grimmsnarl|move: Magma Storm|[of] p1a: Magmo\n|\n|-damage|p2a: Grimmsnarl|62\/100 tox|[from] psn\n|-damage|p2a: Grimmsnarl|49\/100 tox|[from] move: Magma Storm|[partiallytrapped]\n|upkeep\n|turn|5\n|\n|t:|1699560771\n|move|p2a: Grimmsnarl|Parting Shot|p1a: Magmo\n|-unboost|p1a: Magmo|atk|1\n|-unboost|p1a: Magmo|spa|1\n|\n|t:|1699560788\n|switch|p2a: Krookodile|Krookodile, M|100\/100|[from] Parting Shot\n|-activate|p2a: Krookodile|move: Sticky Web\n|-unboost|p2a: Krookodile|spe|1\n|move|p1a: Magmo|Flash Cannon|p2a: Krookodile\n|-damage|p2a: Krookodile|78\/100\n|\n|upkeep\n|turn|6\n|\n|t:|1699560799\n|switch|p1a: Kirby|Clefable, M|100\/100\n|move|p2a: Krookodile|Scale Shot|p1a: Kirby\n|-immune|p1a: Kirby\n|\n|upkeep\n|turn|7\n|c|\u2606Thy One Thy Kitten|AYO WHAT THE FUCK??????????\n|inactive|Thy One Thy Kitten has 120 seconds left.\n|c|\u2606Thy One Thy Kitten|Nobody that isn't cheating could predict a scale shot\n|\n|t:|1699560843\n|move|p2a: Krookodile|Knock Off|p1a: Kirby\n|-resisted|p1a: Kirby\n|-damage|p1a: Kirby|72\/100\n|-enditem|p1a: Kirby|Leftovers|[from] move: Knock Off|[of] p2a: Krookodile\n|move|p1a: Kirby|Cosmic Power|p1a: Kirby\n|-boost|p1a: Kirby|def|1\n|-boost|p1a: Kirby|spd|1\n|\n|upkeep\n|turn|8\n|\n|t:|1699560846\n|move|p2a: Krookodile|Earthquake|p1a: Kirby\n|-damage|p1a: Kirby|36\/100\n|move|p1a: Kirby|Cosmic Power|p1a: Kirby\n|-boost|p1a: Kirby|def|1\n|-boost|p1a: Kirby|spd|1\n|\n|upkeep\n|turn|9\n|\n|t:|1699560855\n|move|p2a: Krookodile|Earthquake|p1a: Kirby\n|-damage|p1a: Kirby|11\/100\n|move|p1a: Kirby|Soft-Boiled|p1a: Kirby\n|-heal|p1a: Kirby|61\/100\n|\n|upkeep\n|turn|10\n|inactive|Thy One Thy Kitten has 120 seconds left.\n|l|\u2606Thy One Thy Kitten\n|inactive|Thy One Thy Kitten disconnected and has a minute to reconnect!\n|player|p2|\n|inactive|Thy One Thy Kitten has 30 seconds to reconnect!\n|inactive|Thy One Thy Kitten has 20 seconds to reconnect!\n|inactive|Thy One Thy Kitten has 15 seconds to reconnect!\n|inactive|Thy One Thy Kitten has 10 seconds to reconnect!\n|inactive|Thy One Thy Kitten has 5 seconds to reconnect!\n|-message|Thy One Thy Kitten lost due to inactivity.\n|\n|win|babbona\n|raw|babbona's rating: 1105 &rarr; <strong>1125<\/strong><br \/>(+20 for winning)\n|raw|Thy One Thy Kitten's rating: 1034 &rarr; <strong>1022<\/strong><br \/>(-12 for losing)\n","uploadtime":1699560938,"views":5,"p1id":"babbona","p2id":"thyonethykitten","formatid":"gen9nationaldex","rating":1022,"private":0,"password":""}