{"id":"gen9nationaldex-1988727914","p1":"AutumnCookie","p2":"ElMuertologista","format":"[Gen 9] National Dex","log":"|j|\u2606AutumnCookie\n|j|\u2606ElMuertologista\n|t:|1699755584\n|gametype|singles\n|player|p1|AutumnCookie|grusha|\n|player|p2|ElMuertologista|clerk|\n|teamsize|p1|6\n|teamsize|p2|6\n|gen|9\n|tier|[Gen 9] National Dex\n|rule|HP Percentage Mod: HP is shown in percentages\n|rule|Endless Battle Clause: Forcing endless battles is banned\n|rule|OHKO Clause: OHKO moves are banned\n|rule|Evasion Clause: Evasion abilities, items, and moves are banned\n|rule|Evasion Abilities Clause: Evasion abilities are banned\n|rule|Evasion Items Clause: Evasion items are banned\n|rule|Evasion Moves Clause: Evasion moves are banned\n|rule|Species Clause: Limit one of each Pok\u00e9mon\n|rule|Sleep Clause Mod: Limit one foe put to sleep\n|clearpoke\n|poke|p1|Frosmoth, F|\n|poke|p1|Beartic, M|\n|poke|p1|Cetitan, M|\n|poke|p1|Abomasnow, M|\n|poke|p1|Sandslash-Alola, M|\n|poke|p1|Altaria, F|\n|poke|p2|Farigiraf, M|\n|poke|p2|Spiritomb, M|\n|poke|p2|Corviknight, M|\n|poke|p2|Sylveon, M|\n|poke|p2|Centiskorch, M|\n|poke|p2|Scolipede, M|\n|teampreview\n|c|\u2606ElMuertologista|ufffff\n|\n|t:|1699755611\n|start\n|switch|p1a: Abomasnow|Abomasnow, M|100\/100\n|switch|p2a: Centiskorch|Centiskorch, M, shiny|100\/100\n|-weather|Snow|[from] ability: Snow Warning|[of] p1a: Abomasnow\n|turn|1\n|c|\u2606AutumnCookie|I love taking canon character teams and adjusting them to make them awful\n|\n|t:|1699755629\n|move|p1a: Abomasnow|Aurora Veil|p1a: Abomasnow\n|-sidestart|p1: AutumnCookie|move: Aurora Veil\n|move|p2a: Centiskorch|Will-O-Wisp|p1a: Abomasnow\n|-status|p1a: Abomasnow|brn\n|\n|-weather|Snow|[upkeep]\n|-damage|p1a: Abomasnow|94\/100 brn|[from] brn\n|upkeep\n|turn|2\n|c|\u2606ElMuertologista|very true very true\n|\n|t:|1699755647\n|move|p1a: Abomasnow|Earth Power|p2a: Centiskorch\n|-damage|p2a: Centiskorch|79\/100\n|move|p2a: Centiskorch|Lunge|p1a: Abomasnow\n|-supereffective|p1a: Abomasnow\n|-crit|p1a: Abomasnow\n|-damage|p1a: Abomasnow|22\/100 brn\n|-unboost|p1a: Abomasnow|atk|1\n|\n|-weather|Snow|[upkeep]\n|-damage|p1a: Abomasnow|16\/100 brn|[from] brn\n|upkeep\n|turn|3\n|\n|t:|1699755676\n|switch|p1a: Beartic|Beartic, M|100\/100\n|move|p2a: Centiskorch|Bug Buzz|p1a: Beartic\n|-damage|p1a: Beartic|80\/100\n|\n|-weather|Snow|[upkeep]\n|upkeep\n|turn|4\n|c|\u2606ElMuertologista|I heard that it was a snow team and took my time to take out the centiskorch\n|c|\u2606ElMuertologista|which is my only fire type\n|\n|t:|1699755695\n|move|p1a: Beartic|Swords Dance|p1a: Beartic\n|-boost|p1a: Beartic|atk|2\n|move|p2a: Centiskorch|Fire Blast|p1a: Beartic\n|-supereffective|p1a: Beartic\n|-damage|p1a: Beartic|14\/100\n|\n|-weather|Snow|[upkeep]\n|upkeep\n|turn|5\n|\n|t:|1699755704\n|move|p1a: Beartic|Liquidation|p2a: Centiskorch\n|-supereffective|p2a: Centiskorch\n|-damage|p2a: Centiskorch|0 fnt\n|-status|p1a: Beartic|brn|[from] ability: Flame Body|[of] p2a: Centiskorch\n|faint|p2a: Centiskorch\n|-damage|p1a: Beartic|4\/100 brn|[from] item: Life Orb\n|\n|-weather|Snow|[upkeep]\n|-damage|p1a: Beartic|0 fnt|[from] brn\n|faint|p1a: Beartic\n|-sideend|p1: AutumnCookie|move: Aurora Veil\n|upkeep\n|l|\u2606AutumnCookie\n|player|p1|\n|j|\u2606AutumnCookie\n|player|p1|AutumnCookie|grusha\n|n|\u2606AutumnCookie|autumncookie\n|c|\u2606AutumnCookie|You're so real for that\n|c|\u2606AutumnCookie|Rip Beatrice\n|c|\u2606ElMuertologista|RIP\n|\n|t:|1699755735\n|switch|p1a: Cetitan|Cetitan, M|100\/100\n|switch|p2a: Pollito|Corviknight, M, shiny|100\/100\n|-ability|p2a: Pollito|Pressure\n|turn|6\n|c|\u2606AutumnCookie|Beartic. Why'd it correct into Beatrice...\n|\n|t:|1699755757\n|move|p1a: Cetitan|Belly Drum|p1a: Cetitan\n|-damage|p1a: Cetitan|50\/100\n|-setboost|p1a: Cetitan|atk|6|[from] move: Belly Drum\n|-enditem|p1a: Cetitan|Sitrus Berry|[eat]\n|-heal|p1a: Cetitan|75\/100|[from] item: Sitrus Berry\n|move|p2a: Pollito|Iron Defense|p2a: Pollito\n|-boost|p2a: Pollito|def|2\n|\n|-weather|Snow|[upkeep]\n|upkeep\n|turn|7\n|c|\u2606ElMuertologista|BEATRICE AWDAWJD\n|\n|t:|1699755772\n|move|p1a: Cetitan|Heavy Slam|p2a: Pollito\n|-resisted|p2a: Pollito\n|-damage|p2a: Pollito|70\/100\n|move|p2a: Pollito|Hone Claws|p2a: Pollito\n|-boost|p2a: Pollito|atk|1\n|-boost|p2a: Pollito|accuracy|1\n|\n|-weather|Snow|[upkeep]\n|upkeep\n|turn|8\n|\n|t:|1699755783\n|move|p1a: Cetitan|Ice Spinner|p2a: Pollito\n|-damage|p2a: Pollito|6\/100\n|move|p2a: Pollito|Iron Head|p1a: Cetitan\n|-supereffective|p1a: Cetitan\n|-damage|p1a: Cetitan|7\/100\n|\n|-weather|none\n|upkeep\n|turn|9\n|c|\u2606AutumnCookie|Losing the snow hurts so bad... That's why I couldn't let abomasnow die...\n|\n|t:|1699755813\n|move|p1a: Cetitan|Ice Spinner|p2a: Pollito\n|-damage|p2a: Pollito|0 fnt\n|faint|p2a: Pollito\n|\n|upkeep\n|c|\u2606ElMuertologista|very true yeah\n|\n|t:|1699755822\n|switch|p2a: Scolipede|Scolipede, M, shiny|100\/100\n|turn|10\n|c|\u2606ElMuertologista|ignore the excess of shinies\n|\n|t:|1699755837\n|move|p2a: Scolipede|Toxic Spikes|p1a: Cetitan\n|-sidestart|p1: AutumnCookie|move: Toxic Spikes\n|move|p1a: Cetitan|Ice Spinner|p2a: Scolipede\n|-crit|p2a: Scolipede\n|-damage|p2a: Scolipede|0 fnt\n|faint|p2a: Scolipede\n|\n|upkeep\n|c|\u2606AutumnCookie|Nah you're real for that\n|c|\u2606ElMuertologista|BRO CAME TO PUT TOXIC SPIKES AND DIED AWKJDHAWKJDHA \/\/\n|c|\u2606ElMuertologista|WHY DID I PUT THE \/\/ IM NOT RPING\n|c|\u2606AutumnCookie|LMAO\n|\n|t:|1699755863\n|switch|p2a: Beholder of Chaos|Farigiraf, M|100\/100\n|turn|11\n|c|\u2606AutumnCookie|CETITAN TOO GOOD\n|\n|t:|1699755874\n|move|p1a: Cetitan|Ice Spinner|p2a: Beholder of Chaos\n|-damage|p2a: Beholder of Chaos|0 fnt\n|faint|p2a: Beholder of Chaos\n|\n|upkeep\n|c|\u2606ElMuertologista|CETITAN TOO GOOD MAN\n|c|\u2606AutumnCookie|Usually snow is necessary for slush rush speed but this team is slow enough the slush rush isn't even needed\n|\n|t:|1699755905\n|switch|p2a: Grim Reaper|Sylveon, M|100\/100\n|turn|12\n|\n|t:|1699755911\n|move|p1a: Cetitan|Heavy Slam|p2a: Grim Reaper\n|-supereffective|p2a: Grim Reaper\n|-damage|p2a: Grim Reaper|0 fnt\n|faint|p2a: Grim Reaper\n|\n|upkeep\n|\n|t:|1699755916\n|switch|p2a: Memento Mori|Spiritomb, M|100\/100\n|turn|13\n|\n|t:|1699755922\n|move|p1a: Cetitan|Ice Spinner|p2a: Memento Mori\n|-damage|p2a: Memento Mori|0 fnt\n|faint|p2a: Memento Mori\n|\n|win|AutumnCookie\n|c|\u2606AutumnCookie|Horrible thang.\n|c|\u2606ElMuertologista|CETITAN TOO GOOD HORRIBLE CREATURE\n|c|\u2606AutumnCookie|Didn't even see the worst of it...\n|c|\u2606ElMuertologista|yeah...\n|c|\u2606AutumnCookie|The Sandslash is also an awful creature\n|c|\u2606ElMuertologista|scary\n|c|\u2606AutumnCookie|However if fire types exist near this team for too long they die instantly\n|j| ribbonzregretz\n|c|\u2606AutumnCookie|Half of these fuckers aren't just regular weak to fire but 4x weak\n|c|\u2606ElMuertologista|yeah, lucky I only have one\n|c|\u2606ElMuertologista|I mean two but I dont really have setup the other one yet\n|c|\u2606ElMuertologista|like properly\n|c|\u2606ElMuertologista|Ribbonz you arrived a little too late\n|l| ribbonzregretz\n|c|\u2606AutumnCookie|Fair\n","uploadtime":1699756030,"views":13,"p1id":"autumncookie","p2id":"elmuertologista","formatid":"gen9nationaldex","rating":0,"private":0,"password":""}