{"id":"gen9nationaldex-1991172237","p1":"Mr.X&Y97","p2":"Manuel_hdz15","format":"[Gen 9] National Dex","log":"|j|\u2606Mr.X&Y97\n|j|\u2606Manuel_hdz15\n|t:|1700053274\n|gametype|singles\n|player|p1|Mr.X&Y97|blue|1519\n|player|p2|Manuel_hdz15|169|1533\n|teamsize|p1|6\n|teamsize|p2|6\n|gen|9\n|tier|[Gen 9] National Dex\n|rated|\n|rule|HP Percentage Mod: HP is shown in percentages\n|rule|Endless Battle Clause: Forcing endless battles is banned\n|rule|OHKO Clause: OHKO moves are banned\n|rule|Evasion Clause: Evasion abilities, items, and moves are banned\n|rule|Evasion Abilities Clause: Evasion abilities are banned\n|rule|Evasion Items Clause: Evasion items are banned\n|rule|Evasion Moves Clause: Evasion moves are banned\n|rule|Species Clause: Limit one of each Pok\u00e9mon\n|rule|Sleep Clause Mod: Limit one foe put to sleep\n|clearpoke\n|poke|p1|Zapdos|\n|poke|p1|Volcarona, F|\n|poke|p1|Lopunny, F|\n|poke|p1|Rillaboom, F|\n|poke|p1|Greninja-*, M|\n|poke|p1|Kyurem|\n|poke|p2|Urshifu-*, M|\n|poke|p2|Charizard, F|\n|poke|p2|Ribombee, F|\n|poke|p2|Zoroark-Hisui, F|\n|poke|p2|Grimmsnarl, M|\n|poke|p2|Garchomp, F|\n|teampreview\n|inactive|Battle timer is ON: inactive players will automatically lose when time's up. (requested by Mr.X&Y97)\n|inactive|Manuel_hdz15 has 120 seconds left.\n|\n|t:|1700053310\n|start\n|switch|p1a: Lopunny|Lopunny, F|100\/100\n|switch|p2a: Grimmsnarl|Grimmsnarl, M|100\/100\n|turn|1\n|\n|t:|1700053325\n|detailschange|p1a: Lopunny|Lopunny-Mega, F\n|-mega|p1a: Lopunny|Lopunny|Lopunnite\n|move|p1a: Lopunny|Fake Out|p2a: Grimmsnarl\n|-damage|p2a: Grimmsnarl|81\/100\n|cant|p2a: Grimmsnarl|flinch\n|\n|upkeep\n|turn|2\n|\n|t:|1700053333\n|switch|p1a: Greninja|Greninja, M|100\/100\n|move|p2a: Grimmsnarl|Thunder Wave|p1a: Greninja\n|-hint|Since gen 7, Dark is immune to Prankster moves.\n|-immune|p1a: Greninja\n|\n|upkeep\n|turn|3\n|\n|t:|1700053340\n|move|p2a: Grimmsnarl|Reflect|p2a: Grimmsnarl\n|-sidestart|p2: Manuel_hdz15|Reflect\n|move|p1a: Greninja|Surf|p2a: Grimmsnarl\n|-damage|p2a: Grimmsnarl|33\/100\n|-damage|p1a: Greninja|91\/100|[from] item: Life Orb\n|\n|upkeep\n|turn|4\n|\n|t:|1700053345\n|move|p1a: Greninja|Water Shuriken|p2a: Grimmsnarl\n|-damage|p2a: Grimmsnarl|24\/100\n|-crit|p2a: Grimmsnarl\n|-damage|p2a: Grimmsnarl|11\/100\n|-damage|p2a: Grimmsnarl|2\/100\n|-damage|p2a: Grimmsnarl|0 fnt\n|faint|p2a: Grimmsnarl\n|-ability|p1a: Greninja|Battle Bond|boost\n|-boost|p1a: Greninja|atk|1\n|-boost|p1a: Greninja|spa|1\n|-boost|p1a: Greninja|spe|1\n|-activate|p1a: Greninja|ability: Battle Bond\n|-hitcount|p2: Grimmsnarl|4\n|-damage|p1a: Greninja|81\/100|[from] item: Life Orb\n|\n|upkeep\n|\n|t:|1700053353\n|switch|p2a: Garchomp|Garchomp, F|100\/100\n|turn|5\n|\n|t:|1700053357\n|move|p1a: Greninja|Ice Beam|p2a: Garchomp\n|-supereffective|p2a: Garchomp\n|-damage|p2a: Garchomp|0 fnt\n|faint|p2a: Garchomp\n|-damage|p1a: Greninja|71\/100|[from] item: Life Orb\n|\n|upkeep\n|\n|t:|1700053363\n|switch|p2a: Urshifu|Urshifu-Rapid-Strike, M|100\/100\n|turn|6\n|\n|t:|1700053375\n|move|p1a: Greninja|Dark Pulse|p2a: Urshifu\n|-supereffective|p2a: Urshifu\n|-damage|p2a: Urshifu|0 fnt\n|replace|p2a: Zoroark|Zoroark-Hisui, F\n|-end|p2a: Zoroark|Illusion\n|faint|p2a: Zoroark\n|-damage|p1a: Greninja|61\/100|[from] item: Life Orb\n|\n|upkeep\n|-message|Manuel_hdz15 forfeited.\n|\n|win|Mr.X&Y97\n|raw|Mr.X&amp;Y97's rating: 1519 &rarr; <strong>1540<\/strong><br \/>(+21 for winning)\n|raw|Manuel_hdz15's rating: 1533 &rarr; <strong>1512<\/strong><br \/>(-21 for losing)\n|l|\u2606Manuel_hdz15\n","uploadtime":1700053407,"views":3,"p1id":"mrxy97","p2id":"manuelhdz15","formatid":"gen9nationaldex","rating":1512,"private":0,"password":""}