{"id":"gen9nationaldex-1989493138","p1":"SegaSunnyD","p2":"Wushutenics","format":"[Gen 9] National Dex","log":"|j|\u2606SegaSunnyD\n|j|\u2606Wushutenics\n|t:|1699859932\n|gametype|singles\n|player|p1|SegaSunnyD|caitlin|1040\n|player|p2|Wushutenics|lucas|1040\n|teamsize|p1|4\n|teamsize|p2|6\n|gen|9\n|tier|[Gen 9] National Dex\n|rated|\n|rule|HP Percentage Mod: HP is shown in percentages\n|rule|Endless Battle Clause: Forcing endless battles is banned\n|rule|OHKO Clause: OHKO moves are banned\n|rule|Evasion Clause: Evasion abilities, items, and moves are banned\n|rule|Evasion Abilities Clause: Evasion abilities are banned\n|rule|Evasion Items Clause: Evasion items are banned\n|rule|Evasion Moves Clause: Evasion moves are banned\n|rule|Species Clause: Limit one of each Pok\u00e9mon\n|rule|Sleep Clause Mod: Limit one foe put to sleep\n|clearpoke\n|poke|p1|Magikarp, M|\n|poke|p1|Kricketot, F|\n|poke|p1|Burmy, F|\n|poke|p1|Ledyba, F|\n|poke|p2|Decidueye, F|\n|poke|p2|Inteleon, F|\n|poke|p2|Clodsire, F|\n|poke|p2|Greninja-*, F|\n|poke|p2|Togedemaru, F|\n|poke|p2|Meowscarada, M|\n|teampreview\n|\n|t:|1699859942\n|start\n|switch|p1a: Ledyba|Ledyba, F|100\/100\n|switch|p2a: Togedemaru|Togedemaru, F|100\/100\n|turn|1\n|\n|t:|1699859949\n|move|p2a: Togedemaru|Defense Curl|p2a: Togedemaru\n|-boost|p2a: Togedemaru|def|1\n|move|p1a: Ledyba|Drain Punch|p2a: Togedemaru\n|-supereffective|p2a: Togedemaru\n|-damage|p2a: Togedemaru|68\/100\n|-damage|p1a: Ledyba|88\/100|[from] ability: Iron Barbs|[of] p2a: Togedemaru\n|-damage|p1a: Ledyba|72\/100|[from] item: Rocky Helmet|[of] p2a: Togedemaru\n|\n|upkeep\n|turn|2\n|\n|t:|1699859954\n|move|p2a: Togedemaru|Rollout|p1a: Ledyba\n|-supereffective|p1a: Ledyba\n|-damage|p1a: Ledyba|0 fnt\n|faint|p1a: Ledyba\n|\n|upkeep\n|\n|t:|1699859958\n|switch|p1a: The true God|Magikarp, M|100\/100\n|turn|3\n|inactive|Battle timer is ON: inactive players will automatically lose when time's up. (requested by Wushutenics)\n|\n|t:|1699859971\n|-terastallize|p1a: The true God|Normal\n|move|p2a: Togedemaru|Rollout|p1a: The true God|[from]lockedmove\n|-enditem|p1a: The true God|Focus Sash\n|-damage|p1a: The true God|1\/100\n|move|p1a: The true God|Flail|p2a: Togedemaru\n|-resisted|p2a: Togedemaru\n|-damage|p2a: Togedemaru|49\/100\n|-damage|p1a: The true God|0 fnt|[from] ability: Iron Barbs|[of] p2a: Togedemaru\n|faint|p1a: The true God\n|\n|upkeep\n|\n|t:|1699859983\n|switch|p1a: Kricketot|Kricketot, F|100\/100\n|turn|4\n|c|\u2606Wushutenics|Heh\n|\n|t:|1699859996\n|move|p2a: Togedemaru|Rollout|p1a: Kricketot|[from]lockedmove\n|-supereffective|p1a: Kricketot\n|-enditem|p1a: Kricketot|Focus Sash\n|-damage|p1a: Kricketot|1\/100\n|move|p1a: Kricketot|Endeavor|p2a: Togedemaru\n|-damage|p2a: Togedemaru|1\/100\n|-damage|p1a: Kricketot|0 fnt|[from] ability: Iron Barbs|[of] p2a: Togedemaru\n|faint|p1a: Kricketot\n|\n|upkeep\n|\n|t:|1699859999\n|switch|p1a: Burmy|Burmy, F|100\/100\n|turn|5\n|\n|t:|1699860002\n|move|p2a: Togedemaru|Rollout|p1a: Burmy|[from]lockedmove\n|-supereffective|p1a: Burmy\n|-damage|p1a: Burmy|0 fnt\n|faint|p1a: Burmy\n|\n|win|Wushutenics\n|raw|SegaSunnyD's rating: 1074 &rarr; <strong>1051<\/strong><br \/>(-23 for losing)\n|raw|Wushutenics's rating: 1040 &rarr; <strong>1077<\/strong><br \/>(+37 for winning)\n","uploadtime":1699860012,"views":6,"p1id":"segasunnyd","p2id":"wushutenics","formatid":"gen9nationaldex","rating":1051,"private":0,"password":""}