{"id":"gen9nationaldex-1992505788","p1":"skizzll lol","p2":"ShynIsADummy","format":"[Gen 9] National Dex","log":"|j|\u2606skizzll lol\n|j|\u2606ShynIsADummy\n|t:|1700196435\n|gametype|singles\n|player|p1|skizzll lol|pokemaniac|1111\n|player|p2|ShynIsADummy|102|1000\n|teamsize|p1|6\n|teamsize|p2|6\n|gen|9\n|tier|[Gen 9] National Dex\n|rated|\n|rule|HP Percentage Mod: HP is shown in percentages\n|rule|Endless Battle Clause: Forcing endless battles is banned\n|rule|OHKO Clause: OHKO moves are banned\n|rule|Evasion Clause: Evasion abilities, items, and moves are banned\n|rule|Evasion Abilities Clause: Evasion abilities are banned\n|rule|Evasion Items Clause: Evasion items are banned\n|rule|Evasion Moves Clause: Evasion moves are banned\n|rule|Species Clause: Limit one of each Pok\u00e9mon\n|rule|Sleep Clause Mod: Limit one foe put to sleep\n|clearpoke\n|poke|p1|Blacephalon|\n|poke|p1|Hydreigon, F|\n|poke|p1|Blaziken, M|\n|poke|p1|Scyther, F|\n|poke|p1|Liepard, F|\n|poke|p1|Porygon-Z|\n|poke|p2|Blaziken, F|\n|poke|p2|Sobble, M|\n|poke|p2|Flareon, M|\n|poke|p2|Morpeko, M|\n|poke|p2|Sinistcha|\n|poke|p2|Gliscor, F|\n|teampreview\n|\n|t:|1700196448\n|start\n|switch|p1a: Blaziken|Blaziken, M, shiny|100\/100\n|switch|p2a: Morpeko|Morpeko, M|100\/100\n|turn|1\n|\n|t:|1700196457\n|move|p1a: Blaziken|Protect|p1a: Blaziken\n|-singleturn|p1a: Blaziken|Protect\n|move|p2a: Morpeko|Fake Out|p1a: Blaziken\n|-activate|p1a: Blaziken|move: Protect\n|\n|-ability|p1a: Blaziken|Speed Boost|boost\n|-boost|p1a: Blaziken|spe|1\n|-formechange|p2a: Morpeko|Morpeko-Hangry||[from] ability: Hunger Switch\n|upkeep\n|turn|2\n|\n|t:|1700196469\n|move|p1a: Blaziken|Close Combat|p2a: Morpeko\n|-supereffective|p2a: Morpeko\n|-enditem|p2a: Morpeko|Focus Sash\n|-damage|p2a: Morpeko|1\/100\n|-unboost|p1a: Blaziken|def|1\n|-unboost|p1a: Blaziken|spd|1\n|move|p2a: Morpeko|Reversal|p1a: Blaziken\n|-damage|p1a: Blaziken|0 fnt\n|faint|p1a: Blaziken\n|\n|-formechange|p2a: Morpeko|Morpeko||[from] ability: Hunger Switch\n|upkeep\n|-message|skizzll lol forfeited.\n|\n|win|ShynIsADummy\n|raw|skizzll lol's rating: 1111 &rarr; <strong>1078<\/strong><br \/>(-33 for losing)\n|raw|ShynIsADummy's rating: 1000 &rarr; <strong>1052<\/strong><br \/>(+52 for winning)\n|l|\u2606skizzll lol\n","uploadtime":1700196494,"views":5,"p1id":"skizzlllol","p2id":"shynisadummy","formatid":"gen9nationaldex","rating":1052,"private":0,"password":""}