{"id":"gen9nationaldex-1987609085","p1":"ma3m_75","p2":"Yoshipro62","format":"[Gen 9] National Dex","log":"|j|\u203dma3m_75\n|j|\u2606Yoshipro62\n|t:|1699619086\n|gametype|singles\n|player|p1|ma3m_75|169|1207\n|player|p2|Yoshipro62|2|1209\n|teamsize|p1|5\n|teamsize|p2|6\n|gen|9\n|tier|[Gen 9] National Dex\n|rated|\n|rule|HP Percentage Mod: HP is shown in percentages\n|rule|Endless Battle Clause: Forcing endless battles is banned\n|rule|OHKO Clause: OHKO moves are banned\n|rule|Evasion Clause: Evasion abilities, items, and moves are banned\n|rule|Evasion Abilities Clause: Evasion abilities are banned\n|rule|Evasion Items Clause: Evasion items are banned\n|rule|Evasion Moves Clause: Evasion moves are banned\n|rule|Species Clause: Limit one of each Pok\u00e9mon\n|rule|Sleep Clause Mod: Limit one foe put to sleep\n|clearpoke\n|poke|p1|Dachsbun, M|\n|poke|p1|Fidough, M|\n|poke|p1|Alcremie-Ruby-Swirl, F|\n|poke|p1|Slurpuff, F|\n|poke|p1|Swirlix, F|\n|poke|p2|Gyarados, F|\n|poke|p2|Forretress, M|\n|poke|p2|Alomomola, F|\n|poke|p2|Gliscor, M|\n|poke|p2|Rotom-Wash|\n|poke|p2|Volcarona, M|\n|teampreview\n|c|\u2606Yoshipro62|food team lets go\n|\n|t:|1699619120\n|start\n|switch|p1a: Dachsbun|Dachsbun, M|100\/100\n|switch|p2a: Forretress|Forretress, M|100\/100\n|turn|1\n|\n|t:|1699619125\n|move|p1a: Dachsbun|Body Press|p2a: Forretress\n|-crit|p2a: Forretress\n|-damage|p2a: Forretress|70\/100\n|move|p2a: Forretress|Toxic Spikes|p1a: Dachsbun\n|-sidestart|p1: ma3m_75|move: Toxic Spikes\n|\n|-heal|p2a: Forretress|76\/100|[from] item: Leftovers\n|upkeep\n|turn|2\n|\n|t:|1699619134\n|switch|p1a: Slurpuff|Slurpuff, F|100\/100\n|-status|p1a: Slurpuff|psn\n|move|p2a: Forretress|Stealth Rock|p1a: Slurpuff\n|-sidestart|p1: ma3m_75|move: Stealth Rock\n|\n|-heal|p2a: Forretress|82\/100|[from] item: Leftovers\n|-damage|p1a: Slurpuff|88\/100 psn|[from] psn\n|upkeep\n|turn|3\n|\n|t:|1699619140\n|move|p1a: Slurpuff|Belly Drum|p1a: Slurpuff\n|-damage|p1a: Slurpuff|38\/100 psn\n|-setboost|p1a: Slurpuff|atk|6|[from] move: Belly Drum\n|-enditem|p1a: Slurpuff|Sitrus Berry|[eat]\n|-heal|p1a: Slurpuff|63\/100 psn|[from] item: Sitrus Berry\n|move|p2a: Forretress|Explosion|p1a: Slurpuff\n|-damage|p1a: Slurpuff|0 fnt\n|faint|p2a: Forretress\n|faint|p1a: Slurpuff\n|\n|upkeep\n|-message|ma3m_75 forfeited.\n|\n|win|Yoshipro62\n|raw|ma3m_75's rating: 1207 &rarr; <strong>1182<\/strong><br \/>(-25 for losing)\n|raw|Yoshipro62's rating: 1209 &rarr; <strong>1234<\/strong><br \/>(+25 for winning)\n|l|\u203dma3m_75\n","uploadtime":1699619157,"views":5,"p1id":"ma3m75","p2id":"yoshipro62","formatid":"gen9nationaldex","rating":1182,"private":0,"password":""}