{"id":"gen9nationaldex-1993398373","p1":"Pawelko","p2":"wowzibowzi","format":"[Gen 9] National Dex","log":"|j|\u2606Pawelko\n|j|\u2606wowzibowzi\n|t:|1700312329\n|gametype|singles\n|player|p1|Pawelko|brawly|1124\n|player|p2|wowzibowzi|wallace|1014\n|teamsize|p1|6\n|teamsize|p2|6\n|gen|9\n|tier|[Gen 9] National Dex\n|rated|\n|rule|HP Percentage Mod: HP is shown in percentages\n|rule|Endless Battle Clause: Forcing endless battles is banned\n|rule|OHKO Clause: OHKO moves are banned\n|rule|Evasion Clause: Evasion abilities, items, and moves are banned\n|rule|Evasion Abilities Clause: Evasion abilities are banned\n|rule|Evasion Items Clause: Evasion items are banned\n|rule|Evasion Moves Clause: Evasion moves are banned\n|rule|Species Clause: Limit one of each Pok\u00e9mon\n|rule|Sleep Clause Mod: Limit one foe put to sleep\n|clearpoke\n|poke|p1|Torkoal, F|\n|poke|p1|Landorus-Therian, M|\n|poke|p1|Grimmsnarl, M|\n|poke|p1|Alakazam, M|\n|poke|p1|Hoopa|\n|poke|p1|Espeon, F|\n|poke|p2|Bastiodon, M|\n|poke|p2|Archeops, F|\n|poke|p2|Armaldo, F|\n|poke|p2|Aurorus, F|\n|poke|p2|Rhyperior, M|\n|poke|p2|Solrock|\n|teampreview\n|inactive|Battle timer is ON: inactive players will automatically lose when time's up. (requested by wowzibowzi)\n|inactive|Pawelko has 120 seconds left.\n|\n|t:|1700312388\n|start\n|switch|p1a: Landorus|Landorus-Therian, M|100\/100\n|switch|p2a: Aurorus|Aurorus, F, shiny|100\/100\n|-ability|p1a: Landorus|Intimidate|boost\n|-unboost|p2a: Aurorus|atk|1\n|turn|1\n|\n|t:|1700312400\n|move|p1a: Landorus|U-turn|p2a: Aurorus\n|-damage|p2a: Aurorus|75\/100\n|\n|t:|1700312404\n|switch|p1a: Grimmsnarl|Grimmsnarl, M|100\/100|[from] U-turn\n|move|p2a: Aurorus|Facade|p1a: Grimmsnarl\n|-damage|p1a: Grimmsnarl|73\/100\n|\n|-status|p2a: Aurorus|brn|[from] item: Flame Orb\n|upkeep\n|turn|2\n|\n|t:|1700312415\n|move|p1a: Grimmsnarl|Reflect|p1a: Grimmsnarl\n|-sidestart|p1: Pawelko|Reflect\n|move|p2a: Aurorus|Facade|p1a: Grimmsnarl\n|-damage|p1a: Grimmsnarl|46\/100\n|\n|-damage|p2a: Aurorus|68\/100 brn|[from] brn\n|upkeep\n|turn|3\n|\n|t:|1700312424\n|move|p1a: Grimmsnarl|Parting Shot|p2a: Aurorus\n|-unboost|p2a: Aurorus|atk|1\n|-unboost|p2a: Aurorus|spa|1\n|\n|t:|1700312426\n|switch|p1a: Torkoal|Torkoal, F|100\/100|[from] Parting Shot\n|-weather|SunnyDay|[from] ability: Drought|[of] p1a: Torkoal\n|move|p2a: Aurorus|Icicle Spear|p1a: Torkoal\n|-resisted|p1a: Torkoal\n|-damage|p1a: Torkoal|99\/100\n|-resisted|p1a: Torkoal\n|-damage|p1a: Torkoal|99\/100\n|-resisted|p1a: Torkoal\n|-damage|p1a: Torkoal|99\/100\n|-hitcount|p1a: Torkoal|3\n|\n|-weather|SunnyDay|[upkeep]\n|-damage|p2a: Aurorus|62\/100 brn|[from] brn\n|upkeep\n|turn|4\n|\n|t:|1700312439\n|switch|p2a: Rhyperior|Rhyperior, M, shiny|100\/100\n|move|p1a: Torkoal|Shell Smash|p1a: Torkoal\n|-unboost|p1a: Torkoal|def|1\n|-unboost|p1a: Torkoal|spd|1\n|-boost|p1a: Torkoal|atk|2\n|-boost|p1a: Torkoal|spa|2\n|-boost|p1a: Torkoal|spe|2\n|-enditem|p1a: Torkoal|Eject Pack\n|\n|t:|1700312441\n|switch|p1a: Espeon|Espeon, F|100\/100\n|\n|-weather|SunnyDay|[upkeep]\n|upkeep\n|turn|5\n|\n|t:|1700312451\n|switch|p2a: Armaldo|Armaldo, F, shiny|100\/100\n|move|p1a: Espeon|Copycat|p1a: Espeon\n|move|p1a: Espeon|Shell Smash|p1a: Espeon|[from]move: Copycat\n|-unboost|p1a: Espeon|def|1\n|-unboost|p1a: Espeon|spd|1\n|-boost|p1a: Espeon|atk|2\n|-boost|p1a: Espeon|spa|2\n|-boost|p1a: Espeon|spe|2\n|\n|-weather|SunnyDay|[upkeep]\n|upkeep\n|turn|6\n|\n|t:|1700312463\n|move|p1a: Espeon|Stored Power|p2a: Armaldo\n|-damage|p2a: Armaldo|0 fnt\n|faint|p2a: Armaldo\n|\n|-weather|SunnyDay|[upkeep]\n|upkeep\n|\n|t:|1700312471\n|switch|p2a: Solrock|Solrock, shiny|100\/100\n|turn|7\n|c|\u2606Pawelko|!data solrock\n|raw|<div class=\"message\"><ul class=\"utilichart\"><li class=\"result\"><span class=\"col numcol\">RU<\/span> <span class=\"col iconcol\"><psicon pokemon=\"solrock\"\/><\/span> <span class=\"col pokemonnamecol\" style=\"white-space:nowrap\"><a href=\"https:\/\/dex.pokemonshowdown.com\/pokemon\/solrock\" target=\"_blank\">Solrock<\/a><\/span> <span class=\"col typecol\"><img src=\"https:\/\/play.pokemonshowdown.com\/sprites\/types\/Rock.png\" alt=\"Rock\" height=\"14\" width=\"32\"><img src=\"https:\/\/play.pokemonshowdown.com\/sprites\/types\/Psychic.png\" alt=\"Psychic\" height=\"14\" width=\"32\"><\/span> <span style=\"float:left;min-height:26px\"><span class=\"col abilitycol\">Levitate<\/span><span class=\"col abilitycol\"><\/span><\/span><span style=\"float:left;min-height:26px\"><span class=\"col statcol\"><em>HP<\/em><br \/>90<\/span> <span class=\"col statcol\"><em>Atk<\/em><br \/>95<\/span> <span class=\"col statcol\"><em>Def<\/em><br \/>85<\/span> <span class=\"col statcol\"><em>SpA<\/em><br \/>55<\/span> <span class=\"col statcol\"><em>SpD<\/em><br \/>65<\/span> <span class=\"col statcol\"><em>Spe<\/em><br \/>70<\/span> <span class=\"col bstcol\"><em>BST<br \/>460<\/em><\/span> <\/span><\/li><li style=\"clear:both\"><\/li><\/ul><\/div>\n\n|\n|t:|1700312486\n|-terastallize|p1a: Espeon|Psychic\n|move|p1a: Espeon|Stored Power|p2a: Solrock\n|-resisted|p2a: Solrock\n|-damage|p2a: Solrock|0 fnt\n|faint|p2a: Solrock\n|\n|-weather|none\n|upkeep\n|\n|t:|1700312494\n|switch|p2a: Aurorus|Aurorus, F, shiny|62\/100 brn\n|turn|8\n|\n|t:|1700312499\n|move|p1a: Espeon|Stored Power|p2a: Aurorus\n|-damage|p2a: Aurorus|0 fnt\n|faint|p2a: Aurorus\n|\n|upkeep\n|c|\u2606wowzibowzi|!data espeon\n|raw|<div class=\"message\"><ul class=\"utilichart\"><li class=\"result\"><span class=\"col numcol\">RU<\/span> <span class=\"col iconcol\"><psicon pokemon=\"espeon\"\/><\/span> <span class=\"col pokemonnamecol\" style=\"white-space:nowrap\"><a href=\"https:\/\/dex.pokemonshowdown.com\/pokemon\/espeon\" target=\"_blank\">Espeon<\/a><\/span> <span class=\"col typecol\"><img src=\"https:\/\/play.pokemonshowdown.com\/sprites\/types\/Psychic.png\" alt=\"Psychic\" height=\"14\" width=\"32\"><\/span> <span style=\"float:left;min-height:26px\"><span class=\"col abilitycol\">Synchronize<\/span><span class=\"col abilitycol\"><em>Magic Bounce<\/em><\/span><\/span><span style=\"float:left;min-height:26px\"><span class=\"col statcol\"><em>HP<\/em><br \/>65<\/span> <span class=\"col statcol\"><em>Atk<\/em><br \/>65<\/span> <span class=\"col statcol\"><em>Def<\/em><br \/>60<\/span> <span class=\"col statcol\"><em>SpA<\/em><br \/>130<\/span> <span class=\"col statcol\"><em>SpD<\/em><br \/>95<\/span> <span class=\"col statcol\"><em>Spe<\/em><br \/>110<\/span> <span class=\"col bstcol\"><em>BST<br \/>525<\/em><\/span> <\/span><\/li><li style=\"clear:both\"><\/li><\/ul><\/div>\n\n|inactive|wowzibowzi has 120 seconds left.\n|\n|t:|1700312530\n|switch|p2a: Archeops|Archeops, F, shiny|100\/100\n|turn|9\n|\n|t:|1700312535\n|move|p1a: Espeon|Stored Power|p2a: Archeops\n|-damage|p2a: Archeops|0 fnt\n|faint|p2a: Archeops\n|\n|-sideend|p1: Pawelko|Reflect\n|upkeep\n|\n|t:|1700312542\n|switch|p2a: Rhyperior|Rhyperior, M, shiny|100\/100\n|turn|10\n|\n|t:|1700312547\n|move|p1a: Espeon|Stored Power|p2a: Rhyperior\n|-damage|p2a: Rhyperior|0 fnt\n|faint|p2a: Rhyperior\n|\n|upkeep\n|\n|t:|1700312552\n|switch|p2a: Bastiodon|Bastiodon, M, shiny|100\/100\n|turn|11\n|inactive|Pawelko has 120 seconds left.\n|l|\u2606Pawelko\n|inactive|Pawelko disconnected and has a minute to reconnect!\n|player|p1|\n|inactive|Pawelko has 30 seconds to reconnect!\n|inactive|Pawelko has 20 seconds to reconnect!\n|inactive|Pawelko has 15 seconds to reconnect!\n|inactive|Pawelko has 10 seconds to reconnect!\n|inactive|Pawelko has 5 seconds to reconnect!\n|j|\u2606Pawelko\n|inactive|Pawelko reconnected and has 40 seconds left.\n|player|p1|Pawelko|brawly\n|\n|t:|1700312665\n|move|p1a: Espeon|Stored Power|p2a: Bastiodon\n|-resisted|p2a: Bastiodon\n|-damage|p2a: Bastiodon|26\/100\n|move|p2a: Bastiodon|Earthquake|p1a: Espeon\n|-damage|p1a: Espeon|37\/100\n|\n|upkeep\n|turn|12\n|c|\u2606Pawelko|nice espeon, isn't it\n|c|\u2606wowzibowzi|huh\n|c|\u2606Pawelko|!data bastiodon\n|raw|<div class=\"message\"><ul class=\"utilichart\"><li class=\"result\"><span class=\"col numcol\">RU<\/span> <span class=\"col iconcol\"><psicon pokemon=\"bastiodon\"\/><\/span> <span class=\"col pokemonnamecol\" style=\"white-space:nowrap\"><a href=\"https:\/\/dex.pokemonshowdown.com\/pokemon\/bastiodon\" target=\"_blank\">Bastiodon<\/a><\/span> <span class=\"col typecol\"><img src=\"https:\/\/play.pokemonshowdown.com\/sprites\/types\/Rock.png\" alt=\"Rock\" height=\"14\" width=\"32\"><img src=\"https:\/\/play.pokemonshowdown.com\/sprites\/types\/Steel.png\" alt=\"Steel\" height=\"14\" width=\"32\"><\/span> <span style=\"float:left;min-height:26px\"><span class=\"col abilitycol\">Sturdy<\/span><span class=\"col abilitycol\"><em>Soundproof<\/em><\/span><\/span><span style=\"float:left;min-height:26px\"><span class=\"col statcol\"><em>HP<\/em><br \/>60<\/span> <span class=\"col statcol\"><em>Atk<\/em><br \/>52<\/span> <span class=\"col statcol\"><em>Def<\/em><br \/>168<\/span> <span class=\"col statcol\"><em>SpA<\/em><br \/>47<\/span> <span class=\"col statcol\"><em>SpD<\/em><br \/>138<\/span> <span class=\"col statcol\"><em>Spe<\/em><br \/>30<\/span> <span class=\"col bstcol\"><em>BST<br \/>495<\/em><\/span> <\/span><\/li><li style=\"clear:both\"><\/li><\/ul><\/div>\n\n|inactive|Pawelko has 30 seconds left.\n|\n|t:|1700312687\n|move|p1a: Espeon|Stored Power|p2a: Bastiodon\n|-resisted|p2a: Bastiodon\n|-damage|p2a: Bastiodon|0 fnt\n|faint|p2a: Bastiodon\n|\n|win|Pawelko\n|raw|Pawelko's rating: 1124 &rarr; <strong>1141<\/strong><br \/>(+17 for winning)\n|raw|wowzibowzi's rating: 1014 &rarr; <strong>1006<\/strong><br \/>(-8 for losing)\n","uploadtime":1700312693,"views":28,"p1id":"pawelko","p2id":"wowzibowzi","formatid":"gen9nationaldex","rating":1006,"private":0,"password":""}