{"id":"gen9nationaldex-1998807528","p1":"1hfkqhwhrelk%\u25d5\u203f\u203f\u25d5%","p2":"AminitraboTTT","format":"[Gen 9] National Dex","log":"|html|<div class=\"broadcast-blue\"><strong>[Gen 9] National Dex is currently suspecting Sneasler! For information on how to participate check out the <a href=\"https:\/\/www.smogon.com\/forums\/threads\/sv-national-dex-suspect-8-just-dance.3731534\/\">suspect thread<\/a>.<\/strong><\/div>\n|j|\u26061hfkqhwhrelk%\u25d5\u203f\u203f\u25d5%\n|j|\u2606AminitraboTTT\n|t:|1700995028\n|gametype|singles\n|player|p1|1hfkqhwhrelk%\u25d5\u203f\u203f\u25d5%|lusamine-nihilego|\n|player|p2|AminitraboTTT|supernerd|\n|teamsize|p1|1\n|teamsize|p2|6\n|gen|9\n|tier|[Gen 9] National Dex\n|rule|HP Percentage Mod: HP is shown in percentages\n|rule|Endless Battle Clause: Forcing endless battles is banned\n|rule|OHKO Clause: OHKO moves are banned\n|rule|Evasion Clause: Evasion abilities, items, and moves are banned\n|rule|Evasion Abilities Clause: Evasion abilities are banned\n|rule|Evasion Items Clause: Evasion items are banned\n|rule|Evasion Moves Clause: Evasion moves are banned\n|rule|Species Clause: Limit one of each Pok\u00e9mon\n|rule|Sleep Clause Mod: Limit one foe put to sleep\n|clearpoke\n|poke|p1|Shellder, F|\n|poke|p2|Tapu Koko|\n|poke|p2|Iron Valiant|\n|poke|p2|Hawlucha, M|\n|poke|p2|Iron Moth|\n|poke|p2|Landorus-Therian, M|\n|poke|p2|Scizor, F|\n|teampreview\n|c|\u2606AminitraboTTT|Hola, soy AminitraboTTT, el bot de la sala Espa\u00f1ol. gl hf\n|inactive|Battle timer is ON: inactive players will automatically lose when time's up. (requested by AminitraboTTT)\n|\n|t:|1700995030\n|start\n|switch|p1a: Shellder|Shellder, F|100\/100\n|switch|p2a: Landorus|Landorus-Therian, M|100\/100\n|-ability|p2a: Landorus|Intimidate|boost\n|-unboost|p1a: Shellder|atk|1\n|turn|1\n|\n|t:|1700995033\n|switch|p2a: Iron Valiant|Iron Valiant|100\/100\n|move|p1a: Shellder|Hail|p1a: Shellder\n|-weather|Hail\n|\n|-weather|Hail|[upkeep]\n|-damage|p2a: Iron Valiant|94\/100|[from] Hail\n|upkeep\n|turn|2\n|\n|t:|1700995035\n|-terastallize|p2a: Iron Valiant|Electric\n|move|p1a: Shellder|Protect|p1a: Shellder\n|-singleturn|p1a: Shellder|Protect\n|move|p2a: Iron Valiant|Thunderbolt|p1a: Shellder\n|-activate|p1a: Shellder|move: Protect\n|\n|-weather|Hail|[upkeep]\n|-damage|p2a: Iron Valiant|88\/100|[from] Hail\n|upkeep\n|turn|3\n|\n|t:|1700995052\n|move|p1a: Shellder|Protect|p1a: Shellder\n|-singleturn|p1a: Shellder|Protect\n|move|p2a: Iron Valiant|Thunderbolt|p1a: Shellder\n|-activate|p1a: Shellder|move: Protect\n|\n|-weather|Hail|[upkeep]\n|-damage|p2a: Iron Valiant|82\/100|[from] Hail\n|upkeep\n|turn|4\n|\n|t:|1700995053\n|move|p1a: Shellder|Protect||[still]\n|-fail|p1a: Shellder\n|move|p2a: Iron Valiant|Thunderbolt|p1a: Shellder\n|-supereffective|p1a: Shellder\n|-enditem|p1a: Shellder|Focus Sash\n|-damage|p1a: Shellder|1\/100\n|-damage|p2a: Iron Valiant|72\/100|[from] item: Life Orb\n|\n|-weather|Hail|[upkeep]\n|-damage|p2a: Iron Valiant|66\/100|[from] Hail\n|upkeep\n|turn|5\n|\n|t:|1700995055\n|move|p1a: Shellder|Protect|p1a: Shellder\n|-singleturn|p1a: Shellder|Protect\n|move|p2a: Iron Valiant|Thunderbolt|p1a: Shellder\n|-activate|p1a: Shellder|move: Protect\n|\n|-weather|none\n|upkeep\n|turn|6\n|\n|t:|1700995057\n|move|p1a: Shellder|Protect|p1a: Shellder\n|-singleturn|p1a: Shellder|Protect\n|move|p2a: Iron Valiant|Aura Sphere|p1a: Shellder\n|-activate|p1a: Shellder|move: Protect\n|\n|upkeep\n|turn|7\n|\n|t:|1700995058\n|move|p1a: Shellder|Protect||[still]\n|-fail|p1a: Shellder\n|move|p2a: Iron Valiant|Thunderbolt|p1a: Shellder\n|-supereffective|p1a: Shellder\n|-damage|p1a: Shellder|0 fnt\n|faint|p1a: Shellder\n|-damage|p2a: Iron Valiant|56\/100|[from] item: Life Orb\n|\n|win|AminitraboTTT\n|c|\u2606AminitraboTTT|ez\n|l|\u2606AminitraboTTT\n","uploadtime":1700995061,"views":3,"p1id":"1hfkqhwhrelk","p2id":"aminitrabottt","formatid":"gen9nationaldex","rating":0,"private":0,"password":""}