{"id":"gen9nationaldex-1986971375","p1":"hustle99","p2":"AlastorTheOverlord","format":"[Gen 9] National Dex","log":"|j|\u2606hustle99\n|j|\u2606AlastorTheOverlord\n|t:|1699545541\n|gametype|singles\n|player|p1|hustle99|volkner|1258\n|player|p2|AlastorTheOverlord|n|1266\n|teamsize|p1|6\n|teamsize|p2|6\n|gen|9\n|tier|[Gen 9] National Dex\n|rated|\n|rule|HP Percentage Mod: HP is shown in percentages\n|rule|Endless Battle Clause: Forcing endless battles is banned\n|rule|OHKO Clause: OHKO moves are banned\n|rule|Evasion Clause: Evasion abilities, items, and moves are banned\n|rule|Evasion Abilities Clause: Evasion abilities are banned\n|rule|Evasion Items Clause: Evasion items are banned\n|rule|Evasion Moves Clause: Evasion moves are banned\n|rule|Species Clause: Limit one of each Pok\u00e9mon\n|rule|Sleep Clause Mod: Limit one foe put to sleep\n|clearpoke\n|poke|p1|Ambipom, M|\n|poke|p1|Electivire, M|\n|poke|p1|Raichu-Alola, M|\n|poke|p1|Zapdos|\n|poke|p1|Gyarados, F|\n|poke|p1|Rotom-Wash|\n|poke|p2|Blastoise, M|\n|poke|p2|Nidoking, M|\n|poke|p2|Snorlax, M|\n|poke|p2|Scizor, M|\n|poke|p2|Venusaur, M|\n|poke|p2|Dragonite, M|\n|teampreview\n|inactive|Battle timer is ON: inactive players will automatically lose when time's up. (requested by AlastorTheOverlord)\n|inactive|AlastorTheOverlord has 120 seconds left.\n|inactive|AlastorTheOverlord has 90 seconds left.\n|\n|t:|1699545604\n|start\n|switch|p1a: Rotom|Rotom-Wash, shiny|100\/100\n|switch|p2a: Sprig|Venusaur, M, shiny|100\/100\n|turn|1\n|\n|t:|1699545622\n|move|p1a: Rotom|Volt Switch|p2a: Sprig\n|-resisted|p2a: Sprig\n|-damage|p2a: Sprig|87\/100\n|\n|t:|1699545627\n|switch|p1a: Ambipom|Ambipom, M, shiny|100\/100|[from] Volt Switch\n|move|p2a: Sprig|Leech Seed|p1a: Ambipom\n|-start|p1a: Ambipom|move: Leech Seed\n|\n|-damage|p1a: Ambipom|88\/100|[from] Leech Seed|[of] p2a: Sprig\n|-heal|p2a: Sprig|99\/100|[silent]\n|upkeep\n|turn|2\n|\n|t:|1699545636\n|move|p1a: Ambipom|Fake Out|p2a: Sprig\n|-damage|p2a: Sprig|66\/100\n|cant|p2a: Sprig|flinch\n|\n|-damage|p1a: Ambipom|76\/100|[from] Leech Seed|[of] p2a: Sprig\n|-heal|p2a: Sprig|78\/100|[silent]\n|upkeep\n|turn|3\n|\n|t:|1699545643\n|move|p1a: Ambipom|Knock Off|p2a: Sprig\n|-damage|p2a: Sprig|49\/100\n|-enditem|p2a: Sprig|Power Herb|[from] move: Knock Off|[of] p1a: Ambipom\n|move|p2a: Sprig|Sludge Bomb|p1a: Ambipom\n|-damage|p1a: Ambipom|0 fnt\n|faint|p1a: Ambipom\n|\n|upkeep\n|\n|t:|1699545657\n|switch|p1a: Raichu|Raichu-Alola, M|100\/100\n|turn|4\n|\n|t:|1699545663\n|move|p1a: Raichu|Psyshock|p2a: Sprig\n|-supereffective|p2a: Sprig\n|-damage|p2a: Sprig|0 fnt\n|faint|p2a: Sprig\n|\n|upkeep\n|\n|t:|1699545676\n|switch|p2a: Dragonite|Dragonite, M|100\/100\n|turn|5\n|\n|t:|1699545687\n|switch|p1a: Rotom|Rotom-Wash, shiny|100\/100\n|move|p2a: Dragonite|Dragon Dance|p2a: Dragonite\n|-boost|p2a: Dragonite|atk|1\n|-boost|p2a: Dragonite|spe|1\n|\n|upkeep\n|turn|6\n|\n|t:|1699545697\n|move|p2a: Dragonite|Dragon Dance|p2a: Dragonite\n|-boost|p2a: Dragonite|atk|1\n|-boost|p2a: Dragonite|spe|1\n|move|p1a: Rotom|Will-O-Wisp|p2a: Dragonite|[miss]\n|-miss|p1a: Rotom|p2a: Dragonite\n|\n|upkeep\n|turn|7\n|\n|t:|1699545707\n|-terastallize|p2a: Dragonite|Normal\n|move|p2a: Dragonite|Extreme Speed|p1a: Rotom\n|-damage|p1a: Rotom|28\/100\n|-damage|p2a: Dragonite|84\/100|[from] item: Rocky Helmet|[of] p1a: Rotom\n|move|p1a: Rotom|Will-O-Wisp|p2a: Dragonite|[miss]\n|-miss|p1a: Rotom|p2a: Dragonite\n|\n|upkeep\n|turn|8\n|c|\u2606hustle99|great game\n|-message|hustle99 forfeited.\n|\n|win|AlastorTheOverlord\n|raw|hustle99's rating: 1258 &rarr; <strong>1234<\/strong><br \/>(-24 for losing)\n|raw|AlastorTheOverlord's rating: 1266 &rarr; <strong>1290<\/strong><br \/>(+24 for winning)\n|l|\u2606hustle99\n","uploadtime":1699545726,"views":10,"p1id":"hustle99","p2id":"alastortheoverlord","formatid":"gen9nationaldex","rating":1234,"private":0,"password":""}