{"id":"gen9nationaldex-1998016917","p1":"apheliodiomycota","p2":"QIxhQI","format":"[Gen 9] National Dex","log":"|html|<div class=\"broadcast-blue\"><strong>[Gen 9] National Dex is currently suspecting Sneasler! For information on how to participate check out the <a href=\"https:\/\/www.smogon.com\/forums\/threads\/sv-national-dex-suspect-8-just-dance.3731534\/\">suspect thread<\/a>.<\/strong><\/div>\n|j|\u2606apheliodiomycota\n|j|\u2606QIxhQI\n|t:|1700879427\n|gametype|singles\n|player|p1|apheliodiomycota|169|1681\n|player|p2|QIxhQI|1|1622\n|teamsize|p1|6\n|teamsize|p2|6\n|gen|9\n|tier|[Gen 9] National Dex\n|rated|\n|rule|HP Percentage Mod: HP is shown in percentages\n|rule|Endless Battle Clause: Forcing endless battles is banned\n|rule|OHKO Clause: OHKO moves are banned\n|rule|Evasion Clause: Evasion abilities, items, and moves are banned\n|rule|Evasion Abilities Clause: Evasion abilities are banned\n|rule|Evasion Items Clause: Evasion items are banned\n|rule|Evasion Moves Clause: Evasion moves are banned\n|rule|Species Clause: Limit one of each Pok\u00e9mon\n|rule|Sleep Clause Mod: Limit one foe put to sleep\n|clearpoke\n|poke|p1|Tapu Lele|\n|poke|p1|Garchomp, F|\n|poke|p1|Corviknight, F|\n|poke|p1|Skeledirge, F|\n|poke|p1|Samurott-Hisui, F|\n|poke|p1|Venusaur, F|\n|poke|p2|Mawile, M|\n|poke|p2|Marowak-Alola, M|\n|poke|p2|Hatterene, F|\n|poke|p2|Cresselia, F|\n|poke|p2|Porygon2|\n|poke|p2|Ursaluna, M|\n|teampreview\n|inactive|Battle timer is ON: inactive players will automatically lose when time's up. (requested by QIxhQI)\n|\n|t:|1700879450\n|start\n|switch|p1a: Tapu Lele|Tapu Lele|100\/100\n|switch|p2a: Hatterene|Hatterene, F|100\/100\n|-fieldstart|move: Psychic Terrain|[from] ability: Psychic Surge|[of] p1a: Tapu Lele\n|turn|1\n|\n|t:|1700879457\n|move|p1a: Tapu Lele|Moonblast|p2a: Hatterene\n|-damage|p2a: Hatterene|29\/100\n|move|p2a: Hatterene|Trick Room|p2a: Hatterene\n|-fieldstart|move: Trick Room|[of] p2a: Hatterene\n|\n|upkeep\n|turn|2\n|\n|t:|1700879469\n|move|p2a: Hatterene|Misty Explosion|p1a: Tapu Lele\n|-damage|p1a: Tapu Lele|40\/100\n|faint|p2a: Hatterene\n|move|p1a: Tapu Lele|Moonblast|p2: Hatterene|[notarget]\n|-fail|p1a: Tapu Lele\n|\n|upkeep\n|\n|t:|1700879477\n|switch|p2a: Marowak|Marowak-Alola, M|100\/100\n|turn|3\n|\n|t:|1700879486\n|move|p2a: Marowak|Poltergeist|p1a: Tapu Lele\n|-activate|p1a: Tapu Lele|move: Poltergeist|Choice Specs\n|-supereffective|p1a: Tapu Lele\n|-damage|p1a: Tapu Lele|0 fnt\n|faint|p1a: Tapu Lele\n|\n|upkeep\n|\n|t:|1700879488\n|switch|p1a: Samurott|Samurott-Hisui, F|100\/100\n|turn|4\n|\n|t:|1700879491\n|switch|p2a: Mawile|Mawile, M|100\/100\n|-ability|p2a: Mawile|Intimidate|boost\n|-unboost|p1a: Samurott|atk|1\n|move|p1a: Samurott|Razor Shell|p2a: Mawile\n|-damage|p2a: Mawile|55\/100\n|-unboost|p2a: Mawile|def|1\n|\n|upkeep\n|turn|5\n|\n|t:|1700879494\n|detailschange|p2a: Mawile|Mawile-Mega, M\n|-mega|p2a: Mawile|Mawile|Mawilite\n|move|p2a: Mawile|Play Rough|p1a: Samurott\n|-supereffective|p1a: Samurott\n|-damage|p1a: Samurott|0 fnt\n|faint|p1a: Samurott\n|\n|-fieldend|move: Trick Room\n|-fieldend|move: Psychic Terrain\n|upkeep\n|\n|t:|1700879502\n|switch|p1a: Garchomp|Garchomp, F|100\/100\n|turn|6\n|\n|t:|1700879507\n|move|p1a: Garchomp|Swords Dance|p1a: Garchomp\n|-boost|p1a: Garchomp|atk|2\n|move|p2a: Mawile|Ice Punch|p1a: Garchomp\n|-supereffective|p1a: Garchomp\n|-damage|p1a: Garchomp|0 fnt\n|-damage|p2a: Mawile|43\/100|[from] ability: Rough Skin|[of] p1a: Garchomp\n|faint|p1a: Garchomp\n|\n|upkeep\n|-message|apheliodiomycota forfeited.\n|\n|win|QIxhQI\n|raw|apheliodiomycota's rating: 1681 &rarr; <strong>1658<\/strong><br \/>(-23 for losing)\n|raw|QIxhQI's rating: 1622 &rarr; <strong>1645<\/strong><br \/>(+23 for winning)\n|l|\u2606apheliodiomycota\n","uploadtime":1700879511,"views":1,"p1id":"apheliodiomycota","p2id":"qixhqi","formatid":"gen9nationaldex","rating":1645,"private":0,"password":""}