{"id":"gen9nationaldex-1995884570","p1":"Viruskilleryt2","p2":"HdhjdjkU","format":"[Gen 9] National Dex","log":"|html|<div class=\"broadcast-blue\"><strong>[Gen 9] National Dex is currently suspecting Sneasler! For information on how to participate check out the <a href=\"https:\/\/www.smogon.com\/forums\/threads\/sv-national-dex-suspect-8-just-dance.3731534\/\">suspect thread<\/a>.<\/strong><\/div>\n|j|\u2606Viruskilleryt2\n|j|\u2606HdhjdjkU\n|t:|1700613419\n|gametype|singles\n|player|p1|Viruskilleryt2|102|1051\n|player|p2|HdhjdjkU|169|1048\n|teamsize|p1|6\n|teamsize|p2|6\n|gen|9\n|tier|[Gen 9] National Dex\n|rated|\n|rule|HP Percentage Mod: HP is shown in percentages\n|rule|Endless Battle Clause: Forcing endless battles is banned\n|rule|OHKO Clause: OHKO moves are banned\n|rule|Evasion Clause: Evasion abilities, items, and moves are banned\n|rule|Evasion Abilities Clause: Evasion abilities are banned\n|rule|Evasion Items Clause: Evasion items are banned\n|rule|Evasion Moves Clause: Evasion moves are banned\n|rule|Species Clause: Limit one of each Pok\u00e9mon\n|rule|Sleep Clause Mod: Limit one foe put to sleep\n|clearpoke\n|poke|p1|Krookodile, F|\n|poke|p1|Greninja-*, F|\n|poke|p1|Charizard, F|\n|poke|p1|Kleavor, F|\n|poke|p1|Sceptile, F|\n|poke|p1|Toxtricity, F|\n|poke|p2|Swampert, F|\n|poke|p2|Ogerpon-Wellspring, F|\n|poke|p2|Incineroar, M|\n|poke|p2|Scizor, M|\n|poke|p2|Urshifu-*, F|\n|poke|p2|Deoxys-Defense|\n|teampreview\n|\n|t:|1700613432\n|start\n|switch|p1a: the rockler|Kleavor, F|100\/100\n|switch|p2a: Incineroar|Incineroar, M|100\/100\n|turn|1\n|\n|t:|1700613440\n|move|p1a: the rockler|Stone Axe|p2a: Incineroar\n|-supereffective|p2a: Incineroar\n|-damage|p2a: Incineroar|0 fnt\n|-sidestart|p2: HdhjdjkU|move: Stealth Rock\n|faint|p2a: Incineroar\n|-damage|p1a: the rockler|91\/100|[from] item: Life Orb\n|\n|upkeep\n|c|\u2606Viruskilleryt2|WOW\n|\n|t:|1700613448\n|switch|p2a: Swampert|Swampert, F|100\/100\n|-damage|p2a: Swampert|94\/100|[from] Stealth Rock\n|turn|2\n|c|\u2606Viruskilleryt2|DIDNT EXPECT THAT\n|\n|t:|1700613455\n|move|p1a: the rockler|X-Scissor|p2a: Swampert\n|-damage|p2a: Swampert|30\/100\n|-damage|p1a: the rockler|81\/100|[from] item: Life Orb\n|move|p2a: Swampert|Waterfall|p1a: the rockler\n|-supereffective|p1a: the rockler\n|-damage|p1a: the rockler|0 fnt\n|faint|p1a: the rockler\n|\n|upkeep\n|\n|t:|1700613471\n|switch|p1a: Toxtricity|Toxtricity, F, shiny|100\/100\n|turn|3\n|\n|t:|1700613475\n|-terastallize|p1a: Toxtricity|Normal\n|move|p1a: Toxtricity|Shift Gear|p1a: Toxtricity\n|-boost|p1a: Toxtricity|spe|2\n|-boost|p1a: Toxtricity|atk|1\n|move|p2a: Swampert|Earthquake|p1a: Toxtricity\n|-damage|p1a: Toxtricity|31\/100\n|\n|upkeep\n|turn|4\n|\n|t:|1700613486\n|move|p1a: Toxtricity|Boomburst|p2a: Swampert\n|-damage|p2a: Swampert|0 fnt\n|faint|p2a: Swampert\n|-enditem|p1a: Toxtricity|Throat Spray\n|-boost|p1a: Toxtricity|spa|1|[from] item: Throat Spray\n|\n|upkeep\n|\n|t:|1700613494\n|switch|p2a: Ogerpon|Ogerpon-Wellspring, F|100\/100\n|-damage|p2a: Ogerpon|88\/100|[from] Stealth Rock\n|turn|5\n|\n|t:|1700613499\n|move|p1a: Toxtricity|Boomburst|p2a: Ogerpon\n|-damage|p2a: Ogerpon|0 fnt\n|faint|p2a: Ogerpon\n|\n|upkeep\n|\n|t:|1700613505\n|switch|p2a: Urshifu|Urshifu-Rapid-Strike, F|100\/100\n|-damage|p2a: Urshifu|94\/100|[from] Stealth Rock\n|turn|6\n|\n|t:|1700613510\n|move|p1a: Toxtricity|Boomburst|p2a: Urshifu\n|-damage|p2a: Urshifu|0 fnt\n|faint|p2a: Urshifu\n|\n|upkeep\n|\n|t:|1700613515\n|switch|p2a: Scizor|Scizor, M|100\/100\n|-damage|p2a: Scizor|88\/100|[from] Stealth Rock\n|turn|7\n|c|\u2606Viruskilleryt2|Wow this is a pretty strong combo\n|\n|t:|1700613525\n|move|p1a: Toxtricity|Boomburst|p2a: Scizor\n|-resisted|p2a: Scizor\n|-damage|p2a: Scizor|0 fnt\n|faint|p2a: Scizor\n|\n|upkeep\n|c|\u2606Viruskilleryt2|omg\n|\n|t:|1700613531\n|switch|p2a: Deoxys|Deoxys-Defense|100\/100\n|-damage|p2a: Deoxys|88\/100|[from] Stealth Rock\n|-ability|p2a: Deoxys|Pressure\n|turn|8\n|c|\u2606Viruskilleryt2|wtf\n|\n|t:|1700613538\n|move|p1a: Toxtricity|Boomburst|p2a: Deoxys\n|-damage|p2a: Deoxys|0 fnt\n|faint|p2a: Deoxys\n|\n|win|Viruskilleryt2\n|raw|Viruskilleryt2's rating: 1051 &rarr; <strong>1083<\/strong><br \/>(+32 for winning)\n|raw|HdhjdjkU's rating: 1048 &rarr; <strong>1031<\/strong><br \/>(-17 for losing)\n|c|\u2606Viruskilleryt2|Well gg\n|c|\u2606Viruskilleryt2|I didn\u2019t expect that\n","uploadtime":1700613546,"views":3,"p1id":"viruskilleryt2","p2id":"hdhjdjku","formatid":"gen9nationaldex","rating":1031,"private":0,"password":""}