{"id":"gen9nationaldex-1987089036","p1":"SonulaA19","p2":"Eddietallman","format":"[Gen 9] National Dex","log":"|j|\u203dSonulaA19\n|j|\u2606Eddietallman\n|t:|1699555149\n|gametype|singles\n|player|p1|SonulaA19|cheren-gen5bw2|1104\n|player|p2|Eddietallman|265|1000\n|teamsize|p1|6\n|teamsize|p2|6\n|gen|9\n|tier|[Gen 9] National Dex\n|rated|\n|rule|HP Percentage Mod: HP is shown in percentages\n|rule|Endless Battle Clause: Forcing endless battles is banned\n|rule|OHKO Clause: OHKO moves are banned\n|rule|Evasion Clause: Evasion abilities, items, and moves are banned\n|rule|Evasion Abilities Clause: Evasion abilities are banned\n|rule|Evasion Items Clause: Evasion items are banned\n|rule|Evasion Moves Clause: Evasion moves are banned\n|rule|Species Clause: Limit one of each Pok\u00e9mon\n|rule|Sleep Clause Mod: Limit one foe put to sleep\n|clearpoke\n|poke|p1|Infernape, M|\n|poke|p1|Luxray, M|\n|poke|p1|Goodra-Hisui, F|\n|poke|p1|Gliscor, M|\n|poke|p1|Tyranitar, M|\n|poke|p1|Azumarill, M|\n|poke|p2|Dragonite, M|\n|poke|p2|Gengar, F|\n|poke|p2|Tyranitar, M|\n|poke|p2|Blaziken, F|\n|poke|p2|Gardevoir, M|\n|poke|p2|Moltres|\n|teampreview\n|\n|t:|1699555159\n|start\n|switch|p1a: Luxray|Luxray, M|100\/100\n|switch|p2a: Gengar|Gengar, F|100\/100\n|turn|1\n|\n|t:|1699555167\n|move|p2a: Gengar|Focus Blast|p1a: Luxray\n|-damage|p1a: Luxray|32\/100\n|-damage|p2a: Gengar|91\/100|[from] item: Life Orb\n|move|p1a: Luxray|Crunch|p2a: Gengar\n|-supereffective|p2a: Gengar\n|-damage|p2a: Gengar|0 fnt\n|faint|p2a: Gengar\n|\n|-status|p1a: Luxray|brn|[from] item: Flame Orb\n|upkeep\n|\n|t:|1699555181\n|switch|p2a: Gardevoir|Gardevoir, M|100\/100\n|turn|2\n|\n|t:|1699555187\n|switch|p2a: Tyranitar|Tyranitar, M|100\/100\n|-weather|Sandstorm|[from] ability: Sand Stream|[of] p2a: Tyranitar\n|move|p1a: Luxray|Facade|p2a: Tyranitar\n|-resisted|p2a: Tyranitar\n|-damage|p2a: Tyranitar|73\/100\n|\n|-weather|Sandstorm|[upkeep]\n|-damage|p1a: Luxray|26\/100 brn|[from] Sandstorm\n|-heal|p2a: Tyranitar|79\/100|[from] item: Leftovers\n|-damage|p1a: Luxray|20\/100 brn|[from] brn\n|upkeep\n|turn|3\n|-message|Eddietallman forfeited.\n|\n|win|SonulaA19\n|raw|SonulaA19's rating: 1104 &rarr; <strong>1122<\/strong><br \/>(+18 for winning)\n|raw|Eddietallman's rating: 1000 &rarr; <strong>1000<\/strong><br \/>(+0 for losing)\n|l|\u2606Eddietallman\n","uploadtime":1699555202,"views":13,"p1id":"sonulaa19","p2id":"eddietallman","formatid":"gen9nationaldex","rating":1000,"private":0,"password":""}