{"id":"gen9nationaldex-1993656080","p1":"sky678932","p2":"Sonbwad","format":"[Gen 9] National Dex","log":"|j|\u2606sky678932\n|j|\u2606Sonbwad\n|t:|1700342201\n|gametype|singles\n|player|p1|sky678932|101|1000\n|player|p2|Sonbwad|petrel|1062\n|teamsize|p1|2\n|teamsize|p2|6\n|gen|9\n|tier|[Gen 9] National Dex\n|rated|\n|rule|HP Percentage Mod: HP is shown in percentages\n|rule|Endless Battle Clause: Forcing endless battles is banned\n|rule|OHKO Clause: OHKO moves are banned\n|rule|Evasion Clause: Evasion abilities, items, and moves are banned\n|rule|Evasion Abilities Clause: Evasion abilities are banned\n|rule|Evasion Items Clause: Evasion items are banned\n|rule|Evasion Moves Clause: Evasion moves are banned\n|rule|Species Clause: Limit one of each Pok\u00e9mon\n|rule|Sleep Clause Mod: Limit one foe put to sleep\n|clearpoke\n|poke|p1|Squirtle, F|\n|poke|p1|Rockruff, M|\n|poke|p2|Electrode|\n|poke|p2|Spiritomb, F|\n|poke|p2|Porygon2|\n|poke|p2|Toxapex, F|\n|poke|p2|Scizor, M|\n|poke|p2|Dragonite, F|\n|teampreview\n|\n|t:|1700342218\n|start\n|switch|p1a: Roki (Rocky)|Rockruff, M|100\/100\n|switch|p2a: Electrode|Electrode|100\/100\n|turn|1\n|\n|t:|1700342226\n|move|p2a: Electrode|Thunder Wave|p1a: Roki (Rocky)\n|-status|p1a: Roki (Rocky)|par\n|cant|p1a: Roki (Rocky)|par\n|\n|upkeep\n|turn|2\n|\n|t:|1700342231\n|move|p2a: Electrode|Volt Switch|p1a: Roki (Rocky)\n|-damage|p1a: Roki (Rocky)|55\/100 par\n|\n|t:|1700342237\n|switch|p2a: Porygon2|Porygon2, shiny|100\/100|[from] Volt Switch\n|-ability|p2a: Porygon2|Steadfast|[from] ability: Trace|[of] p1a: Roki (Rocky)\n|move|p1a: Roki (Rocky)|Stomping Tantrum|p2a: Porygon2\n|-damage|p2a: Porygon2|82\/100\n|\n|upkeep\n|turn|3\n|\n|t:|1700342244\n|move|p2a: Porygon2|Ice Beam|p1a: Roki (Rocky)\n|-damage|p1a: Roki (Rocky)|0 fnt\n|faint|p1a: Roki (Rocky)\n|\n|upkeep\n|\n|t:|1700342251\n|switch|p1a: Tortal|Squirtle, F|100\/100\n|turn|4\n|\n|t:|1700342255\n|move|p1a: Tortal|Aura Sphere|p2a: Porygon2\n|-supereffective|p2a: Porygon2\n|-damage|p2a: Porygon2|58\/100\n|move|p2a: Porygon2|Thunderbolt|p1a: Tortal\n|-supereffective|p1a: Tortal\n|-damage|p1a: Tortal|4\/100\n|\n|upkeep\n|turn|5\n|\n|t:|1700342261\n|move|p2a: Porygon2|Thunderbolt|p1a: Tortal\n|-supereffective|p1a: Tortal\n|-damage|p1a: Tortal|0 fnt\n|faint|p1a: Tortal\n|\n|win|Sonbwad\n|raw|sky678932's rating: 1000 &rarr; <strong>1000<\/strong><br \/>(+0 for losing)\n|raw|Sonbwad's rating: 1062 &rarr; <strong>1087<\/strong><br \/>(+25 for winning)\n","uploadtime":1700342269,"views":11,"p1id":"sky678932","p2id":"sonbwad","formatid":"gen9nationaldex","rating":1000,"private":0,"password":""}