{"id":"gen9nationaldex-1990633184","p1":"hhcvjj","p2":"elvisma","format":"[Gen 9] National Dex","log":"|j|\u2606hhcvjj\n|j|\u2606elvisma\n|t:|1699987358\n|gametype|singles\n|player|p1|hhcvjj|blackbelt-gen4dp|1593\n|player|p2|elvisma|red-masters|1748\n|teamsize|p1|6\n|teamsize|p2|6\n|gen|9\n|tier|[Gen 9] National Dex\n|rated|\n|rule|HP Percentage Mod: HP is shown in percentages\n|rule|Endless Battle Clause: Forcing endless battles is banned\n|rule|OHKO Clause: OHKO moves are banned\n|rule|Evasion Clause: Evasion abilities, items, and moves are banned\n|rule|Evasion Abilities Clause: Evasion abilities are banned\n|rule|Evasion Items Clause: Evasion items are banned\n|rule|Evasion Moves Clause: Evasion moves are banned\n|rule|Species Clause: Limit one of each Pok\u00e9mon\n|rule|Sleep Clause Mod: Limit one foe put to sleep\n|clearpoke\n|poke|p1|Medicham, M|\n|poke|p1|Slowbro, F|\n|poke|p1|Tapu Koko|\n|poke|p1|Garchomp, M|\n|poke|p1|Sneasler, M|\n|poke|p1|Moltres|\n|poke|p2|Azelf|\n|poke|p2|Charizard, F|\n|poke|p2|Ribombee, M|\n|poke|p2|Great Tusk|\n|poke|p2|Ogerpon-Wellspring, F|\n|poke|p2|Victini|\n|teampreview\n|inactive|Battle timer is ON: inactive players will automatically lose when time's up. (requested by hhcvjj)\n|\n|t:|1699987373\n|start\n|switch|p1a: Tapu Koko|Tapu Koko|100\/100\n|switch|p2a: V create spam|Victini|100\/100\n|-fieldstart|move: Electric Terrain|[from] ability: Electric Surge|[of] p1a: Tapu Koko\n|turn|1\n|\n|t:|1699987386\n|move|p1a: Tapu Koko|Volt Switch|p2a: V create spam\n|-damage|p2a: V create spam|42\/100\n|\n|t:|1699987388\n|switch|p1a: Medicham|Medicham, M, shiny|100\/100|[from] Volt Switch\n|-zpower|p2a: V create spam\n|move|p2a: V create spam|Z-Celebrate|p2a: V create spam|[anim]Celebrate\n|-boost|p2a: V create spam|atk|1|[zeffect]\n|-boost|p2a: V create spam|def|1|[zeffect]\n|-boost|p2a: V create spam|spa|1|[zeffect]\n|-boost|p2a: V create spam|spd|1|[zeffect]\n|-boost|p2a: V create spam|spe|1|[zeffect]\n|-activate|p2a: V create spam|move: Celebrate\n|\n|upkeep\n|turn|2\n|\n|t:|1699987396\n|switch|p1a: Slowbro|Slowbro, F|100\/100\n|move|p2a: V create spam|Stored Power|p1a: Slowbro\n|-resisted|p1a: Slowbro\n|-damage|p1a: Slowbro|60\/100\n|\n|upkeep\n|turn|3\n|\n|t:|1699987400\n|move|p2a: V create spam|Energy Ball|p1a: Slowbro\n|-supereffective|p1a: Slowbro\n|-damage|p1a: Slowbro|0 fnt\n|faint|p1a: Slowbro\n|\n|upkeep\n|\n|t:|1699987403\n|switch|p1a: Sneasler|Sneasler, M, shiny|100\/100\n|-enditem|p1a: Sneasler|Electric Seed\n|-boost|p1a: Sneasler|def|1|[from] item: Electric Seed\n|turn|4\n|\n|t:|1699987405\n|move|p1a: Sneasler|Acrobatics|p2a: V create spam\n|-damage|p2a: V create spam|14\/100\n|move|p2a: V create spam|Stored Power|p1a: Sneasler\n|-supereffective|p1a: Sneasler\n|-damage|p1a: Sneasler|0 fnt\n|faint|p1a: Sneasler\n|\n|upkeep\n|-message|hhcvjj forfeited.\n|\n|win|elvisma\n|raw|hhcvjj's rating: 1593 &rarr; <strong>1581<\/strong><br \/>(-12 for losing)\n|raw|elvisma's rating: 1748 &rarr; <strong>1760<\/strong><br \/>(+12 for winning)\n|l|\u2606hhcvjj\n","uploadtime":1699987415,"views":4,"p1id":"hhcvjj","p2id":"elvisma","formatid":"gen9nationaldex","rating":1581,"private":0,"password":""}