{"id":"gen9nationaldex-1989115471","p1":"Dark Umbreon 08","p2":"Lukas Dahmann","format":"[Gen 9] National Dex","log":"|j|\u2606Dark Umbreon 08\n|j|\u2606Lukas Dahmann\n|t:|1699813878\n|gametype|singles\n|player|p1|Dark Umbreon 08|lass-gen4dp|1023\n|player|p2|Lukas Dahmann|fisherman|1097\n|teamsize|p1|6\n|teamsize|p2|6\n|gen|9\n|tier|[Gen 9] National Dex\n|rated|\n|rule|HP Percentage Mod: HP is shown in percentages\n|rule|Endless Battle Clause: Forcing endless battles is banned\n|rule|OHKO Clause: OHKO moves are banned\n|rule|Evasion Clause: Evasion abilities, items, and moves are banned\n|rule|Evasion Abilities Clause: Evasion abilities are banned\n|rule|Evasion Items Clause: Evasion items are banned\n|rule|Evasion Moves Clause: Evasion moves are banned\n|rule|Species Clause: Limit one of each Pok\u00e9mon\n|rule|Sleep Clause Mod: Limit one foe put to sleep\n|clearpoke\n|poke|p1|Xurkitree|\n|poke|p1|Blaziken, F|\n|poke|p1|Medicham, M|\n|poke|p1|Zamazenta-*|\n|poke|p1|Kartana|\n|poke|p1|Manaphy|\n|poke|p2|Reuniclus, F|\n|poke|p2|Okidogi, M|\n|poke|p2|Zarude|\n|poke|p2|Wishiwashi, F|\n|poke|p2|Thundurus-Therian, M|\n|poke|p2|Metagross|\n|teampreview\n|inactive|Battle timer is ON: inactive players will automatically lose when time's up. (requested by Dark Umbreon 08)\n|\n|t:|1699813886\n|start\n|switch|p1a: Blaziken|Blaziken, F|100\/100\n|switch|p2a: AAaAAAAaA|Wishiwashi, F|100\/100\n|-formechange|p2a: AAaAAAAaA|Wishiwashi-School||[from] ability: Schooling\n|turn|1\n|\n|t:|1699813894\n|move|p1a: Blaziken|Swagger|p2a: AAaAAAAaA\n|-boost|p2a: AAaAAAAaA|atk|2\n|-enditem|p1a: Blaziken|Mirror Herb\n|-boost|p1a: Blaziken|atk|2|[from] item: Mirror Herb\n|-start|p2a: AAaAAAAaA|confusion\n|-activate|p2a: AAaAAAAaA|confusion\n|move|p2a: AAaAAAAaA|Earthquake|p1a: Blaziken\n|-supereffective|p1a: Blaziken\n|-damage|p1a: Blaziken|0 fnt\n|faint|p1a: Blaziken\n|\n|upkeep\n|-message|Dark Umbreon 08 forfeited.\n|\n|win|Lukas Dahmann\n|raw|Dark Umbreon 08's rating: 1023 &rarr; <strong>1012<\/strong><br \/>(-11 for losing)\n|raw|Lukas Dahmann's rating: 1097 &rarr; <strong>1117<\/strong><br \/>(+20 for winning)\n|l|\u2606Dark Umbreon 08\n","uploadtime":1699813909,"views":5,"p1id":"darkumbreon08","p2id":"lukasdahmann","formatid":"gen9nationaldex","rating":1012,"private":0,"password":""}