{"id":"gen9nationaldex-1988800298","p1":"MoonVTLunaAstraea","p2":"xinxin88_OvO","format":"[Gen 9] National Dex","log":"|j|\u2606MoonVTLunaAstraea\n|j|\u2606xinxin88_OvO\n|t:|1699764957\n|gametype|singles\n|player|p1|MoonVTLunaAstraea|lusamine-nihilego|1012\n|player|p2|xinxin88_OvO|iono|1000\n|teamsize|p1|6\n|teamsize|p2|1\n|gen|9\n|tier|[Gen 9] National Dex\n|rated|\n|rule|HP Percentage Mod: HP is shown in percentages\n|rule|Endless Battle Clause: Forcing endless battles is banned\n|rule|OHKO Clause: OHKO moves are banned\n|rule|Evasion Clause: Evasion abilities, items, and moves are banned\n|rule|Evasion Abilities Clause: Evasion abilities are banned\n|rule|Evasion Items Clause: Evasion items are banned\n|rule|Evasion Moves Clause: Evasion moves are banned\n|rule|Species Clause: Limit one of each Pok\u00e9mon\n|rule|Sleep Clause Mod: Limit one foe put to sleep\n|clearpoke\n|poke|p1|Enamorus, F|\n|poke|p1|Serperior, M|\n|poke|p1|Malamar, M|\n|poke|p1|Lurantis, F|\n|poke|p1|Spinda, F|\n|poke|p1|Servine, M|\n|poke|p2|Scizor, F|\n|teampreview\n|c|\u2606MoonVTLunaAstraea|. . . ?\n|c|\u2606MoonVTLunaAstraea|what\n|\n|t:|1699764967\n|start\n|switch|p1a: Servine|Servine, M|100\/100\n|switch|p2a: Scizor|Scizor, F|100\/100\n|turn|1\n|c|\u2606xinxin88_OvO|ha\n|c|\u2606xinxin88_OvO|Where are your avatar from?\n|c|\u2606MoonVTLunaAstraea|Weakness policy bullet punch technician I assume\n|c|\u2606xinxin88_OvO|I want to use it too\n|c|\u2606MoonVTLunaAstraea|also, wdym\n|c|\u2606MoonVTLunaAstraea|It's not from anywhere technically, it just exists.\n|\n|t:|1699765006\n|detailschange|p2a: Scizor|Scizor-Mega, F\n|-mega|p2a: Scizor|Scizor|Scizorite\n|move|p1a: Servine|Glare|p2a: Scizor\n|-status|p2a: Scizor|par\n|move|p2a: Scizor|Swords Dance|p2a: Scizor\n|-boost|p2a: Scizor|atk|2\n|\n|upkeep\n|turn|2\n|\n|t:|1699765016\n|move|p1a: Servine|Hidden Power|p2a: Scizor\n|-damage|p2a: Scizor|88\/100 par\n|move|p2a: Scizor|Swords Dance|p2a: Scizor\n|-boost|p2a: Scizor|atk|2\n|\n|upkeep\n|turn|3\n|\n|t:|1699765026\n|move|p1a: Servine|Leaf Storm|p2a: Scizor\n|-resisted|p2a: Scizor\n|-damage|p2a: Scizor|78\/100 par\n|-boost|p1a: Servine|spa|2\n|move|p2a: Scizor|Swords Dance|p2a: Scizor\n|-boost|p2a: Scizor|atk|2\n|\n|upkeep\n|turn|4\n|\n|t:|1699765033\n|move|p2a: Scizor|Bullet Punch|p1a: Servine\n|-damage|p1a: Servine|0 fnt\n|faint|p1a: Servine\n|\n|upkeep\n|c|\u2606MoonVTLunaAstraea|yeah, here it is\n|\n|t:|1699765043\n|switch|p1a: Serperior|Serperior, M|100\/100\n|turn|5\n|c|\u2606xinxin88_OvO|I want to get it\n|\n|t:|1699765050\n|move|p2a: Scizor|Bullet Punch|p1a: Serperior\n|-damage|p1a: Serperior|0 fnt\n|faint|p1a: Serperior\n|\n|upkeep\n|\n|t:|1699765055\n|switch|p1a: Lurantis|Lurantis, F|100\/100\n|turn|6\n|\n|t:|1699765059\n|move|p2a: Scizor|Bullet Punch|p1a: Lurantis\n|-damage|p1a: Lurantis|0 fnt\n|faint|p1a: Lurantis\n|\n|upkeep\n|\n|t:|1699765066\n|switch|p1a: Spinda|Spinda, F|100\/100\n|turn|7\n|c|\u2606MoonVTLunaAstraea|Maybe one day, paralysis will work\n|\n|t:|1699765078\n|move|p1a: Spinda|Superpower|p2a: Scizor\n|-damage|p2a: Scizor|53\/100 par\n|-boost|p1a: Spinda|atk|1\n|-boost|p1a: Spinda|def|1\n|move|p2a: Scizor|Roost|p2a: Scizor\n|-heal|p2a: Scizor|100\/100 par\n|-singleturn|p2a: Scizor|move: Roost\n|\n|upkeep\n|turn|8\n|c|\u2606MoonVTLunaAstraea|It's almost like it doesn't exist\n|c|\u2606xinxin88_OvO|Don't forfeit\n|c|\u2606MoonVTLunaAstraea|I wont\n|\n|t:|1699765106\n|move|p2a: Scizor|Bullet Punch|p1a: Spinda\n|-damage|p1a: Spinda|0 fnt\n|faint|p1a: Spinda\n|\n|upkeep\n|c|\u2606MoonVTLunaAstraea|I wasn't going to in the first place\n|c|\u2606MoonVTLunaAstraea|You're para'd so there is still a chance the game makes it work\n|\n|t:|1699765120\n|switch|p1a: Malamar|Malamar, M|100\/100\n|turn|9\n|\n|t:|1699765135\n|cant|p2a: Scizor|par\n|move|p1a: Malamar|Topsy-Turvy|p2a: Scizor\n|-invertboost|p2a: Scizor|[from] move: Topsy-Turvy\n|\n|upkeep\n|turn|10\n|c|\u2606MoonVTLunaAstraea|there we go\n|c|\u2606MoonVTLunaAstraea|lol\n|c|\u2606MoonVTLunaAstraea|I was waiting for that\n|c|\u2606MoonVTLunaAstraea|hahahaha\n|c|\u2606xinxin88_OvO|COh\n|\n|t:|1699765156\n|move|p1a: Malamar|Superpower|p2a: Scizor\n|-damage|p2a: Scizor|71\/100 par\n|-boost|p1a: Malamar|atk|1\n|-boost|p1a: Malamar|def|1\n|move|p2a: Scizor|Swords Dance|p2a: Scizor\n|-boost|p2a: Scizor|atk|2\n|\n|upkeep\n|turn|11\n|\n|t:|1699765165\n|move|p1a: Malamar|Superpower|p2a: Scizor\n|-damage|p2a: Scizor|25\/100 par\n|-boost|p1a: Malamar|atk|1\n|-boost|p1a: Malamar|def|1\n|cant|p2a: Scizor|par\n|\n|upkeep\n|turn|12\n|c|\u2606MoonVTLunaAstraea|gg lol\n|\n|t:|1699765174\n|cant|p2a: Scizor|par\n|move|p1a: Malamar|Superpower|p2a: Scizor\n|-damage|p2a: Scizor|0 fnt\n|-boost|p1a: Malamar|atk|1\n|-boost|p1a: Malamar|def|1\n|faint|p2a: Scizor\n|\n|win|MoonVTLunaAstraea\n|raw|MoonVTLunaAstraea's rating: 1012 &rarr; <strong>1049<\/strong><br \/>(+37 for winning)\n|raw|xinxin88_OvO's rating: 1000 &rarr; <strong>1000<\/strong><br \/>(+0 for losing)\n|c|\u2606MoonVTLunaAstraea|now it decides to work\n|c|\u2606xinxin88_OvO|gg\n|l|\u2606MoonVTLunaAstraea\n","uploadtime":1699765184,"views":5,"p1id":"moonvtlunaastraea","p2id":"xinxin88ovo","formatid":"gen9nationaldex","rating":1000,"private":0,"password":""}