{"id":"gen9nationaldex-1997101240","p1":"Lgbeet","p2":"LeafStormHimNotMe","format":"[Gen 9] National Dex","log":"|html|<div class=\"broadcast-blue\"><strong>[Gen 9] National Dex is currently suspecting Sneasler! For information on how to participate check out the <a href=\"https:\/\/www.smogon.com\/forums\/threads\/sv-national-dex-suspect-8-just-dance.3731534\/\">suspect thread<\/a>.<\/strong><\/div>\n|j|\u2606Lgbeet\n|j|\u2606LeafStormHimNotMe\n|t:|1700764621\n|gametype|singles\n|player|p1|Lgbeet|pokefanf|1109\n|player|p2|LeafStormHimNotMe|skierf|1114\n|teamsize|p1|6\n|teamsize|p2|6\n|gen|9\n|tier|[Gen 9] National Dex\n|rated|\n|rule|HP Percentage Mod: HP is shown in percentages\n|rule|Endless Battle Clause: Forcing endless battles is banned\n|rule|OHKO Clause: OHKO moves are banned\n|rule|Evasion Clause: Evasion abilities, items, and moves are banned\n|rule|Evasion Abilities Clause: Evasion abilities are banned\n|rule|Evasion Items Clause: Evasion items are banned\n|rule|Evasion Moves Clause: Evasion moves are banned\n|rule|Species Clause: Limit one of each Pok\u00e9mon\n|rule|Sleep Clause Mod: Limit one foe put to sleep\n|clearpoke\n|poke|p1|Vikavolt, F|\n|poke|p1|Revavroom, M|\n|poke|p1|Iron Thorns|\n|poke|p1|Seismitoad, F|\n|poke|p1|Crabominable, M|\n|poke|p1|Landorus-Therian, M|\n|poke|p2|Cloyster, F|\n|poke|p2|Blastoise, M|\n|poke|p2|Shuckle, M|\n|poke|p2|Polteageist|\n|poke|p2|Barbaracle, M|\n|poke|p2|Gorebyss, F|\n|teampreview\n|\n|t:|1700764641\n|start\n|switch|p1a: Landorus|Landorus-Therian, M|100\/100\n|switch|p2a: Gorebyss|Gorebyss, F|100\/100\n|-ability|p1a: Landorus|Intimidate|boost\n|-unboost|p2a: Gorebyss|atk|1\n|turn|1\n|\n|t:|1700764653\n|move|p1a: Landorus|Stealth Rock|p2a: Gorebyss\n|-sidestart|p2: LeafStormHimNotMe|move: Stealth Rock\n|move|p2a: Gorebyss|Shell Smash|p2a: Gorebyss\n|-unboost|p2a: Gorebyss|def|1\n|-unboost|p2a: Gorebyss|spd|1\n|-boost|p2a: Gorebyss|atk|2\n|-boost|p2a: Gorebyss|spa|2\n|-boost|p2a: Gorebyss|spe|2\n|\n|upkeep\n|turn|2\n|\n|t:|1700764661\n|switch|p1a: Seismitoad|Seismitoad, F|100\/100\n|move|p2a: Gorebyss|Scald|p1a: Seismitoad\n|-damage|p1a: Seismitoad|12\/100\n|-status|p1a: Seismitoad|brn\n|\n|-damage|p1a: Seismitoad|6\/100 brn|[from] brn\n|upkeep\n|turn|3\n|\n|t:|1700764671\n|move|p2a: Gorebyss|Psychic|p1a: Seismitoad\n|-damage|p1a: Seismitoad|0 fnt\n|faint|p1a: Seismitoad\n|\n|upkeep\n|\n|t:|1700764677\n|switch|p1a: Iron Thorns|Iron Thorns|100\/100\n|-enditem|p1a: Iron Thorns|Booster Energy\n|-activate|p1a: Iron Thorns|ability: Quark Drive|[fromitem]\n|-start|p1a: Iron Thorns|quarkdriveatk\n|turn|4\n|\n|t:|1700764680\n|move|p2a: Gorebyss|Scald|p1a: Iron Thorns\n|-supereffective|p1a: Iron Thorns\n|-damage|p1a: Iron Thorns|0 fnt\n|faint|p1a: Iron Thorns\n|-end|p1a: Iron Thorns|Quark Drive|[silent]\n|\n|upkeep\n|\n|t:|1700764686\n|switch|p1a: Vikavolt|Vikavolt, F|100\/100\n|turn|5\n|inactive|Battle timer is ON: inactive players will automatically lose when time's up. (requested by LeafStormHimNotMe)\n|\n|t:|1700764690\n|move|p2a: Gorebyss|Scald|p1a: Vikavolt\n|-damage|p1a: Vikavolt|0 fnt\n|faint|p1a: Vikavolt\n|\n|upkeep\n|\n|t:|1700764693\n|switch|p1a: Landorus|Landorus-Therian, M|100\/100\n|-ability|p1a: Landorus|Intimidate|boost\n|-unboost|p2a: Gorebyss|atk|1\n|turn|6\n|\n|t:|1700764699\n|move|p2a: Gorebyss|Scald|p1a: Landorus\n|-supereffective|p1a: Landorus\n|-damage|p1a: Landorus|0 fnt\n|faint|p1a: Landorus\n|\n|upkeep\n|\n|t:|1700764705\n|switch|p1a: Revavroom|Revavroom, M|100\/100\n|turn|7\n|\n|t:|1700764710\n|move|p2a: Gorebyss|Psychic|p1a: Revavroom\n|-damage|p1a: Revavroom|0 fnt\n|faint|p1a: Revavroom\n|\n|upkeep\n|\n|t:|1700764712\n|switch|p1a: Crabominable|Crabominable, M|100\/100\n|turn|8\n|\n|t:|1700764739\n|move|p2a: Gorebyss|Psychic|p1a: Crabominable\n|-supereffective|p1a: Crabominable\n|-damage|p1a: Crabominable|0 fnt\n|faint|p1a: Crabominable\n|\n|win|LeafStormHimNotMe\n|raw|Lgbeet's rating: 1109 &rarr; <strong>1084<\/strong><br \/>(-25 for losing)\n|raw|LeafStormHimNotMe's rating: 1114 &rarr; <strong>1139<\/strong><br \/>(+25 for winning)\n|l|\u2606Lgbeet\n","uploadtime":1700764748,"views":17,"p1id":"lgbeet","p2id":"leafstormhimnotme","formatid":"gen9nationaldex","rating":1084,"private":0,"password":""}