{"id":"gen9nationaldex-1996686316","p1":"WSoldat","p2":"FullForceNonStop","format":"[Gen 9] National Dex","log":"|html|<div class=\"broadcast-blue\"><strong>[Gen 9] National Dex is currently suspecting Sneasler! For information on how to participate check out the <a href=\"https:\/\/www.smogon.com\/forums\/threads\/sv-national-dex-suspect-8-just-dance.3731534\/\">suspect thread<\/a>.<\/strong><\/div>\n|j|\u2606WSoldat\n|j|\u2606FullForceNonStop\n|t:|1700709652\n|gametype|singles\n|player|p1|WSoldat|n|1261\n|player|p2|FullForceNonStop|nurse|1230\n|teamsize|p1|6\n|teamsize|p2|6\n|gen|9\n|tier|[Gen 9] National Dex\n|rated|\n|rule|HP Percentage Mod: HP is shown in percentages\n|rule|Endless Battle Clause: Forcing endless battles is banned\n|rule|OHKO Clause: OHKO moves are banned\n|rule|Evasion Clause: Evasion abilities, items, and moves are banned\n|rule|Evasion Abilities Clause: Evasion abilities are banned\n|rule|Evasion Items Clause: Evasion items are banned\n|rule|Evasion Moves Clause: Evasion moves are banned\n|rule|Species Clause: Limit one of each Pok\u00e9mon\n|rule|Sleep Clause Mod: Limit one foe put to sleep\n|clearpoke\n|poke|p1|Clodsire, M|\n|poke|p1|Corviknight, M|\n|poke|p1|Goodra-Hisui, M|\n|poke|p1|Scizor, M|\n|poke|p1|Xurkitree|\n|poke|p1|Zapdos-Galar|\n|poke|p2|Beedrill, F|\n|poke|p2|Torterra, M|\n|poke|p2|Volcarona, M|\n|poke|p2|Manaphy|\n|poke|p2|Shiftry, F|\n|poke|p2|Ribombee, M|\n|teampreview\n|\n|t:|1700709667\n|start\n|switch|p1a: Manolo|Xurkitree, shiny|100\/100\n|switch|p2a: Buck Bumble Jr|Ribombee, M|100\/100\n|turn|1\n|\n|t:|1700709674\n|move|p2a: Buck Bumble Jr|Sticky Web|p1a: Manolo\n|-sidestart|p1: WSoldat|move: Sticky Web\n|-zpower|p1a: Manolo\n|move|p1a: Manolo|Z-Hypnosis|p2a: Buck Bumble Jr|[anim]Hypnosis\n|-boost|p1a: Manolo|spe|1|[zeffect]\n|-status|p2a: Buck Bumble Jr|slp|[from] move: Hypnosis\n|\n|upkeep\n|turn|2\n|\n|t:|1700709685\n|move|p1a: Manolo|Tail Glow|p1a: Manolo\n|-boost|p1a: Manolo|spa|3\n|cant|p2a: Buck Bumble Jr|slp\n|\n|upkeep\n|turn|3\n|\n|t:|1700709695\n|move|p1a: Manolo|Hidden Power|p2a: Buck Bumble Jr\n|-enditem|p2a: Buck Bumble Jr|Focus Sash\n|-damage|p2a: Buck Bumble Jr|1\/100 slp\n|cant|p2a: Buck Bumble Jr|slp\n|\n|upkeep\n|turn|4\n|\n|t:|1700709704\n|move|p1a: Manolo|Discharge|p2a: Buck Bumble Jr\n|-damage|p2a: Buck Bumble Jr|0 fnt\n|faint|p2a: Buck Bumble Jr\n|-ability|p1a: Manolo|Beast Boost|boost\n|-boost|p1a: Manolo|spa|1\n|\n|upkeep\n|\n|t:|1700709708\n|switch|p2a: Da Boy|Shiftry, F|100\/100\n|turn|5\n|\n|t:|1700709713\n|move|p1a: Manolo|Hidden Power|p2a: Da Boy\n|-supereffective|p2a: Da Boy\n|-enditem|p2a: Da Boy|Focus Sash\n|-damage|p2a: Da Boy|1\/100\n|move|p2a: Da Boy|Explosion|p1a: Manolo\n|-damage|p1a: Manolo|1\/100\n|faint|p2a: Da Boy\n|\n|upkeep\n|\n|t:|1700709720\n|switch|p2a: Buck Bumble|Beedrill, F|100\/100\n|turn|6\n|\n|t:|1700709725\n|detailschange|p2a: Buck Bumble|Beedrill-Mega, F\n|-mega|p2a: Buck Bumble|Beedrill|Beedrillite\n|move|p1a: Manolo|Discharge|p2a: Buck Bumble\n|-damage|p2a: Buck Bumble|0 fnt\n|faint|p2a: Buck Bumble\n|-ability|p1a: Manolo|Beast Boost|boost\n|-boost|p1a: Manolo|spa|1\n|\n|upkeep\n|-message|FullForceNonStop forfeited.\n|\n|win|WSoldat\n|raw|WSoldat's rating: 1261 &rarr; <strong>1284<\/strong><br \/>(+23 for winning)\n|raw|FullForceNonStop's rating: 1230 &rarr; <strong>1207<\/strong><br \/>(-23 for losing)\n|l|\u2606FullForceNonStop\n","uploadtime":1700709739,"views":1,"p1id":"wsoldat","p2id":"fullforcenonstop","formatid":"gen9nationaldex","rating":1207,"private":0,"password":""}