{"id":"gen9nationaldex-1993591014","p1":"Prankbox454","p2":"pickapup","format":"[Gen 9] National Dex","log":"|j|\u2606Prankbox454\n|j|\u2606pickapup\n|t:|1700335142\n|gametype|singles\n|player|p1|Prankbox454|burgh|1101\n|player|p2|pickapup|cynthia|1044\n|teamsize|p1|6\n|teamsize|p2|6\n|gen|9\n|tier|[Gen 9] National Dex\n|rated|\n|rule|HP Percentage Mod: HP is shown in percentages\n|rule|Endless Battle Clause: Forcing endless battles is banned\n|rule|OHKO Clause: OHKO moves are banned\n|rule|Evasion Clause: Evasion abilities, items, and moves are banned\n|rule|Evasion Abilities Clause: Evasion abilities are banned\n|rule|Evasion Items Clause: Evasion items are banned\n|rule|Evasion Moves Clause: Evasion moves are banned\n|rule|Species Clause: Limit one of each Pok\u00e9mon\n|rule|Sleep Clause Mod: Limit one foe put to sleep\n|clearpoke\n|poke|p1|Lopunny, F|\n|poke|p1|Staraptor, F|\n|poke|p1|Ursaluna, F|\n|poke|p1|Meloetta|\n|poke|p1|Zoroark-Hisui, M|\n|poke|p1|Slaking, F|\n|poke|p2|Venusaur, M|\n|poke|p2|Rabsca, F|\n|poke|p2|Beedrill, M|\n|poke|p2|Iron Leaves|\n|poke|p2|Zoroark-Hisui, M|\n|poke|p2|Sneasler, M|\n|teampreview\n|j| Saularez\n|\n|t:|1700335171\n|start\n|switch|p1a: Ursaluna|Ursaluna, F|100\/100\n|switch|p2a: Venusaur|Venusaur, M|100\/100\n|turn|1\n|-message|pickapup forfeited.\n|\n|win|Prankbox454\n|raw|Prankbox454's rating: 1101 &rarr; <strong>1122<\/strong><br \/>(+21 for winning)\n|raw|pickapup's rating: 1044 &rarr; <strong>1030<\/strong><br \/>(-14 for losing)\n|l|\u2606pickapup\n|c|\u2606Prankbox454|.-.\n|c|\u2606Prankbox454|Man people are so impatient nowadays\n","uploadtime":1700335220,"views":12,"p1id":"prankbox454","p2id":"pickapup","formatid":"gen9nationaldex","rating":1030,"private":0,"password":""}