{"id":"gen9nationaldex-1999865808","p1":"adfgsafsa","p2":"YinYang colorized","format":"[Gen 9] National Dex","log":"|html|<div class=\"broadcast-blue\"><strong>[Gen 9] National Dex is currently suspecting Sneasler! For information on how to participate check out the <a href=\"https:\/\/www.smogon.com\/forums\/threads\/sv-national-dex-suspect-8-just-dance.3731534\/\">suspect thread<\/a>.<\/strong><\/div>\n|j|\u2606adfgsafsa\n|j|\u2606YinYang colorized\n|t:|1701124236\n|gametype|singles\n|player|p1|adfgsafsa|170|1000\n|player|p2|YinYang colorized|102|1091\n|teamsize|p1|6\n|teamsize|p2|4\n|gen|9\n|tier|[Gen 9] National Dex\n|rated|\n|rule|HP Percentage Mod: HP is shown in percentages\n|rule|Endless Battle Clause: Forcing endless battles is banned\n|rule|OHKO Clause: OHKO moves are banned\n|rule|Evasion Clause: Evasion abilities, items, and moves are banned\n|rule|Evasion Abilities Clause: Evasion abilities are banned\n|rule|Evasion Items Clause: Evasion items are banned\n|rule|Evasion Moves Clause: Evasion moves are banned\n|rule|Species Clause: Limit one of each Pok\u00e9mon\n|rule|Sleep Clause Mod: Limit one foe put to sleep\n|clearpoke\n|poke|p1|Tyranitar, M|\n|poke|p1|Scizor, F|\n|poke|p1|Salamence, F|\n|poke|p1|Manectric, M|\n|poke|p1|Blastoise, M|\n|poke|p1|Exeggutor, F|\n|poke|p2|Kommo-o, M|\n|poke|p2|Iron Valiant|\n|poke|p2|Gliscor, M|\n|poke|p2|Ogerpon-Wellspring, F|\n|teampreview\n|inactive|Battle timer is ON: inactive players will automatically lose when time's up. (requested by YinYang colorized)\n|\n|t:|1701124244\n|start\n|switch|p1a: Salamence|Salamence, F|100\/100\n|switch|p2a: Lagartaegis|Kommo-o, M, shiny|100\/100\n|turn|1\n|\n|t:|1701124253\n|-terastallize|p1a: Salamence|Dragon\n|-zpower|p2a: Lagartaegis\n|move|p2a: Lagartaegis|Clangorous Soulblaze|p1a: Salamence|[zeffect]\n|-supereffective|p1a: Salamence\n|-damage|p1a: Salamence|0 fnt\n|faint|p1a: Salamence\n|-boost|p2a: Lagartaegis|atk|1\n|-boost|p2a: Lagartaegis|def|1\n|-boost|p2a: Lagartaegis|spa|1\n|-boost|p2a: Lagartaegis|spd|1\n|-boost|p2a: Lagartaegis|spe|1\n|\n|upkeep\n|\n|t:|1701124272\n|switch|p1a: Manectric|Manectric, M|100\/100\n|turn|2\n|\n|t:|1701124276\n|move|p2a: Lagartaegis|Clangorous Soul|p2a: Lagartaegis\n|-boost|p2a: Lagartaegis|atk|1\n|-boost|p2a: Lagartaegis|def|1\n|-boost|p2a: Lagartaegis|spa|1\n|-boost|p2a: Lagartaegis|spd|1\n|-boost|p2a: Lagartaegis|spe|1\n|-damage|p2a: Lagartaegis|68\/100\n|move|p1a: Manectric|Psychic Fangs|p2a: Lagartaegis\n|-supereffective|p2a: Lagartaegis\n|-damage|p2a: Lagartaegis|51\/100\n|\n|upkeep\n|turn|3\n|\n|t:|1701124288\n|move|p2a: Lagartaegis|Drain Punch|p1a: Manectric\n|-damage|p1a: Manectric|4\/100\n|-heal|p2a: Lagartaegis|98\/100|[from] drain|[of] p1a: Manectric\n|move|p1a: Manectric|Volt Switch|p2a: Lagartaegis\n|-resisted|p2a: Lagartaegis\n|-damage|p2a: Lagartaegis|88\/100\n|-message|adfgsafsa forfeited.\n|\n|win|YinYang colorized\n|raw|adfgsafsa's rating: 1000 &rarr; <strong>1000<\/strong><br \/>(+0 for losing)\n|raw|YinYang colorized's rating: 1091 &rarr; <strong>1111<\/strong><br \/>(+20 for winning)\n|l|\u2606adfgsafsa\n","uploadtime":1701124299,"views":3,"p1id":"adfgsafsa","p2id":"yinyangcolorized","formatid":"gen9nationaldex","rating":1000,"private":0,"password":""}