{"id":"gen9nationaldex-1989910782","p1":"Garchompbestpsuedo","p2":"maksxxYT","format":"[Gen 9] National Dex","log":"|j|\u2606Garchompbestpsuedo\n|j|\u2606maksxxYT\n|t:|1699906000\n|gametype|singles\n|player|p1|Garchompbestpsuedo|lyra|1103\n|player|p2|maksxxYT|gardenia|1155\n|teamsize|p1|6\n|teamsize|p2|6\n|gen|9\n|tier|[Gen 9] National Dex\n|rated|\n|rule|HP Percentage Mod: HP is shown in percentages\n|rule|Endless Battle Clause: Forcing endless battles is banned\n|rule|OHKO Clause: OHKO moves are banned\n|rule|Evasion Clause: Evasion abilities, items, and moves are banned\n|rule|Evasion Abilities Clause: Evasion abilities are banned\n|rule|Evasion Items Clause: Evasion items are banned\n|rule|Evasion Moves Clause: Evasion moves are banned\n|rule|Species Clause: Limit one of each Pok\u00e9mon\n|rule|Sleep Clause Mod: Limit one foe put to sleep\n|clearpoke\n|poke|p1|Flamigo, F|\n|poke|p1|Slither Wing|\n|poke|p1|Tauros-Paldea-Combat, M|\n|poke|p1|Grapploct, F|\n|poke|p1|Hitmontop, M|\n|poke|p1|Passimian, F|\n|poke|p2|Exeggutor, F|\n|poke|p2|Arcanine, F|\n|poke|p2|Omastar, F|\n|poke|p2|Mr. Mime, M|\n|poke|p2|Beedrill, F|\n|poke|p2|Arbok, F|\n|teampreview\n|\n|t:|1699906016\n|start\n|switch|p1a: Flamigo|Flamigo, F|100\/100\n|switch|p2a: Mr. Mime|Mr. Mime, M|100\/100\n|turn|1\n|\n|t:|1699906024\n|move|p2a: Mr. Mime|Reflect|p2a: Mr. Mime\n|-sidestart|p2: maksxxYT|Reflect\n|move|p1a: Flamigo|Bulk Up|p1a: Flamigo\n|-boost|p1a: Flamigo|atk|1\n|-boost|p1a: Flamigo|def|1\n|\n|upkeep\n|turn|2\n|\n|t:|1699906049\n|move|p2a: Mr. Mime|Toxic|p1a: Flamigo|[miss]\n|-miss|p2a: Mr. Mime|p1a: Flamigo\n|move|p1a: Flamigo|Brave Bird|p2a: Mr. Mime\n|-damage|p2a: Mr. Mime|24\/100\n|-damage|p1a: Flamigo|77\/100|[from] Recoil\n|\n|-heal|p1a: Flamigo|83\/100|[from] item: Leftovers\n|upkeep\n|turn|3\n|-message|maksxxYT forfeited.\n|\n|win|Garchompbestpsuedo\n|raw|Garchompbestpsuedo's rating: 1103 &rarr; <strong>1132<\/strong><br \/>(+29 for winning)\n|raw|maksxxYT's rating: 1155 &rarr; <strong>1126<\/strong><br \/>(-29 for losing)\n|l|\u2606maksxxYT\n","uploadtime":1699906061,"views":4,"p1id":"garchompbestpsuedo","p2id":"maksxxyt","formatid":"gen9nationaldex","rating":1126,"private":0,"password":""}