{"id":"gen9nationaldex-1997397047","p1":"SuperBlackMan64","p2":"Demcrawdads","format":"[Gen 9] National Dex","log":"|html|<div class=\"broadcast-blue\"><strong>[Gen 9] National Dex is currently suspecting Sneasler! For information on how to participate check out the <a href=\"https:\/\/www.smogon.com\/forums\/threads\/sv-national-dex-suspect-8-just-dance.3731534\/\">suspect thread<\/a>.<\/strong><\/div>\n|j|\u2606SuperBlackMan64\n|j|\u2606Demcrawdads\n|t:|1700798868\n|gametype|singles\n|player|p1|SuperBlackMan64|hau|1275\n|player|p2|Demcrawdads|pokemaniac|1331\n|teamsize|p1|6\n|teamsize|p2|6\n|gen|9\n|tier|[Gen 9] National Dex\n|rated|\n|rule|HP Percentage Mod: HP is shown in percentages\n|rule|Endless Battle Clause: Forcing endless battles is banned\n|rule|OHKO Clause: OHKO moves are banned\n|rule|Evasion Clause: Evasion abilities, items, and moves are banned\n|rule|Evasion Abilities Clause: Evasion abilities are banned\n|rule|Evasion Items Clause: Evasion items are banned\n|rule|Evasion Moves Clause: Evasion moves are banned\n|rule|Species Clause: Limit one of each Pok\u00e9mon\n|rule|Sleep Clause Mod: Limit one foe put to sleep\n|clearpoke\n|poke|p1|Samurott-Hisui, M|\n|poke|p1|Zoroark-Hisui, F|\n|poke|p1|Xurkitree|\n|poke|p1|Dragonite, F|\n|poke|p1|Great Tusk|\n|poke|p1|Heatran, F|\n|poke|p2|Gyarados, M|\n|poke|p2|Aegislash, F|\n|poke|p2|Ferrothorn, F|\n|poke|p2|Zapdos-Galar|\n|poke|p2|Rotom-Heat|\n|poke|p2|Garchomp, F|\n|teampreview\n|inactive|Battle timer is ON: inactive players will automatically lose when time's up. (requested by Demcrawdads)\n|\n|t:|1700798884\n|start\n|switch|p1a: Samurott|Samurott-Hisui, M|100\/100\n|switch|p2a: Zapdos|Zapdos-Galar|100\/100\n|turn|1\n|\n|t:|1700798890\n|move|p2a: Zapdos|Close Combat|p1a: Samurott\n|-supereffective|p1a: Samurott\n|-enditem|p1a: Samurott|Focus Sash\n|-damage|p1a: Samurott|1\/100\n|-unboost|p2a: Zapdos|def|1\n|-unboost|p2a: Zapdos|spd|1\n|-damage|p2a: Zapdos|91\/100|[from] item: Life Orb\n|move|p1a: Samurott|Ceaseless Edge|p2a: Zapdos\n|-resisted|p2a: Zapdos\n|-damage|p2a: Zapdos|55\/100\n|-sidestart|p2: Demcrawdads|Spikes\n|\n|upkeep\n|turn|2\n|\n|t:|1700798896\n|move|p2a: Zapdos|U-turn|p1a: Samurott\n|-supereffective|p1a: Samurott\n|-damage|p1a: Samurott|0 fnt\n|faint|p1a: Samurott\n|-damage|p2a: Zapdos|45\/100|[from] item: Life Orb\n|\n|t:|1700798901\n|switch|p2a: Rotom|Rotom-Heat|100\/100|[from] U-turn\n|\n|upkeep\n|\n|t:|1700798909\n|switch|p1a: Xurkitree|Xurkitree|100\/100\n|turn|3\n|\n|t:|1700798913\n|-zpower|p1a: Xurkitree\n|move|p1a: Xurkitree|Z-Hypnosis|p2a: Rotom|[anim]Hypnosis\n|-boost|p1a: Xurkitree|spe|1|[zeffect]\n|-status|p2a: Rotom|slp|[from] move: Hypnosis\n|cant|p2a: Rotom|slp\n|\n|upkeep\n|turn|4\n|c|\u2606Demcrawdads|rude\n|c|\u2606SuperBlackMan64|;3\n|c|\u2606Demcrawdads|also, why does it give a speed boost, you sang me a lullaby\n|inactive|Demcrawdads has 120 seconds left.\n|c|\u2606SuperBlackMan64|z-move\n|\n|t:|1700798944\n|switch|p2a: Garchomp|Garchomp, F|100\/100\n|-damage|p2a: Garchomp|88\/100|[from] Spikes\n|move|p1a: Xurkitree|Tail Glow|p1a: Xurkitree\n|-boost|p1a: Xurkitree|spa|3\n|\n|upkeep\n|turn|5\n|inactive|Demcrawdads has 120 seconds left.\n|c|\u2606Demcrawdads|no, i mean why does the z-move boost speed\n|\n|t:|1700798960\n|move|p1a: Xurkitree|Energy Ball|p2a: Garchomp\n|-damage|p2a: Garchomp|0 fnt\n|faint|p2a: Garchomp\n|-ability|p1a: Xurkitree|Beast Boost|boost\n|-boost|p1a: Xurkitree|spa|1\n|\n|upkeep\n|c|\u2606SuperBlackMan64|cause i hype myself up when i sing\n|c|\u2606Demcrawdads|like its not like you drop a nuke and then sing mary had a little lamb\n|inactive|Demcrawdads has 90 seconds left.\n|n|!Demcrawdads|demcrawdads\n|inactive|Demcrawdads has 60 seconds left.\n|\n|t:|1700799024\n|switch|p2a: Aegislash|Aegislash, F|100\/100\n|-damage|p2a: Aegislash|88\/100|[from] Spikes\n|turn|6\n|\n|t:|1700799032\n|move|p1a: Xurkitree|Thunderbolt|p2a: Aegislash\n|-damage|p2a: Aegislash|0 fnt\n|faint|p2a: Aegislash\n|-ability|p1a: Xurkitree|Beast Boost|boost\n|-boost|p1a: Xurkitree|spa|1\n|\n|upkeep\n|-message|Demcrawdads forfeited.\n|\n|win|SuperBlackMan64\n|raw|SuperBlackMan64's rating: 1275 &rarr; <strong>1304<\/strong><br \/>(+29 for winning)\n|raw|Demcrawdads's rating: 1331 &rarr; <strong>1308<\/strong><br \/>(-23 for losing)\n|l|!Demcrawdads\n","uploadtime":1700798997,"views":3,"p1id":"superblackman64","p2id":"demcrawdads","formatid":"gen9nationaldex","rating":1304,"private":0,"password":""}