{"id":"gen9nationaldex-1997559095","p1":"genesisupernova007","p2":"xingkongzhong","format":"[Gen 9] National Dex","log":"|html|<div class=\"broadcast-blue\"><strong>[Gen 9] National Dex is currently suspecting Sneasler! For information on how to participate check out the <a href=\"https:\/\/www.smogon.com\/forums\/threads\/sv-national-dex-suspect-8-just-dance.3731534\/\">suspect thread<\/a>.<\/strong><\/div>\n|j|\u2606genesisupernova007\n|j|\u2606xingkongzhong\n|t:|1700825376\n|gametype|singles\n|player|p1|genesisupernova007|wallace|1114\n|player|p2|xingkongzhong|rosa|1184\n|teamsize|p1|6\n|teamsize|p2|6\n|gen|9\n|tier|[Gen 9] National Dex\n|rated|\n|rule|HP Percentage Mod: HP is shown in percentages\n|rule|Endless Battle Clause: Forcing endless battles is banned\n|rule|OHKO Clause: OHKO moves are banned\n|rule|Evasion Clause: Evasion abilities, items, and moves are banned\n|rule|Evasion Abilities Clause: Evasion abilities are banned\n|rule|Evasion Items Clause: Evasion items are banned\n|rule|Evasion Moves Clause: Evasion moves are banned\n|rule|Species Clause: Limit one of each Pok\u00e9mon\n|rule|Sleep Clause Mod: Limit one foe put to sleep\n|clearpoke\n|poke|p1|Gliscor, M|\n|poke|p1|Blaziken, M|\n|poke|p1|Empoleon, M|\n|poke|p1|Venusaur, F|\n|poke|p1|Umbreon, F|\n|poke|p1|Mew|\n|poke|p2|Pelipper, F|\n|poke|p2|Swampert, F|\n|poke|p2|Barraskewda, M|\n|poke|p2|Celesteela|\n|poke|p2|Garchomp, F|\n|poke|p2|Rotom-Wash|\n|teampreview\n|\n|t:|1700825380\n|start\n|switch|p1a: Scorpio|Gliscor, M|100\/100\n|switch|p2a: Garchomp|Garchomp, F|100\/100\n|turn|1\n|\n|t:|1700825389\n|move|p2a: Garchomp|Stealth Rock|p1a: Scorpio\n|-sidestart|p1: genesisupernova007|move: Stealth Rock\n|move|p1a: Scorpio|Stealth Rock|p2a: Garchomp\n|-sidestart|p2: xingkongzhong|move: Stealth Rock\n|\n|-status|p1a: Scorpio|tox|[from] item: Toxic Orb\n|upkeep\n|turn|2\n|\n|t:|1700825400\n|move|p2a: Garchomp|Swords Dance|p2a: Garchomp\n|-boost|p2a: Garchomp|atk|2\n|move|p1a: Scorpio|Toxic Spikes|p2a: Garchomp\n|-sidestart|p2: xingkongzhong|move: Toxic Spikes\n|\n|upkeep\n|turn|3\n|\n|t:|1700825407\n|move|p2a: Garchomp|Outrage|p1a: Scorpio\n|-damage|p1a: Scorpio|0 fnt\n|faint|p1a: Scorpio\n|\n|upkeep\n|\n|t:|1700825414\n|switch|p1a: Eon|Umbreon, F, shiny|100\/100\n|-damage|p1a: Eon|88\/100|[from] Stealth Rock\n|turn|4\n|\n|t:|1700825420\n|move|p1a: Eon|Protect|p1a: Eon\n|-singleturn|p1a: Eon|Protect\n|move|p2a: Garchomp|Outrage|p1a: Eon|[from]lockedmove\n|-activate|p1a: Eon|move: Protect\n|\n|-heal|p1a: Eon|94\/100|[from] item: Leftovers\n|upkeep\n|turn|5\n|\n|t:|1700825431\n|move|p2a: Garchomp|Outrage|p1a: Eon\n|-damage|p1a: Eon|0 fnt\n|faint|p1a: Eon\n|\n|upkeep\n|\n|t:|1700825436\n|switch|p1a: Yad|Venusaur, F|100\/100\n|-damage|p1a: Yad|88\/100|[from] Stealth Rock\n|turn|6\n|\n|t:|1700825440\n|detailschange|p1a: Yad|Venusaur-Mega, F\n|-mega|p1a: Yad|Venusaur|Venusaurite\n|move|p2a: Garchomp|Outrage|p1a: Yad|[from]lockedmove\n|-damage|p1a: Yad|0 fnt\n|faint|p1a: Yad\n|-start|p2a: Garchomp|confusion|[fatigue]\n|\n|upkeep\n|-message|genesisupernova007 forfeited.\n|\n|win|xingkongzhong\n|raw|genesisupernova007's rating: 1114 &rarr; <strong>1094<\/strong><br \/>(-20 for losing)\n|raw|xingkongzhong's rating: 1184 &rarr; <strong>1204<\/strong><br \/>(+20 for winning)\n","uploadtime":1700825460,"views":1,"p1id":"genesisupernova007","p2id":"xingkongzhong","formatid":"gen9nationaldex","rating":1094,"private":0,"password":""}