{"id":"gen9nationaldex-1992741736","p1":"The_Matouflamme","p2":"creatousmaster","format":"[Gen 9] National Dex","log":"|j|\u2606The_Matouflamme\n|j|\u2606creatousmaster\n|t:|1700231170\n|gametype|singles\n|player|p1|The_Matouflamme|richboy|1000\n|player|p2|creatousmaster|lusamine-nihilego|1000\n|teamsize|p1|6\n|teamsize|p2|6\n|gen|9\n|tier|[Gen 9] National Dex\n|rated|\n|rule|HP Percentage Mod: HP is shown in percentages\n|rule|Endless Battle Clause: Forcing endless battles is banned\n|rule|OHKO Clause: OHKO moves are banned\n|rule|Evasion Clause: Evasion abilities, items, and moves are banned\n|rule|Evasion Abilities Clause: Evasion abilities are banned\n|rule|Evasion Items Clause: Evasion items are banned\n|rule|Evasion Moves Clause: Evasion moves are banned\n|rule|Species Clause: Limit one of each Pok\u00e9mon\n|rule|Sleep Clause Mod: Limit one foe put to sleep\n|clearpoke\n|poke|p1|Gliscor, F|\n|poke|p1|Slither Wing|\n|poke|p1|Great Tusk|\n|poke|p1|Heatran, M|\n|poke|p1|Volcarona, M|\n|poke|p1|Charizard, F|\n|poke|p2|Garchomp, M|\n|poke|p2|Gliscor, M|\n|poke|p2|Great Tusk|\n|poke|p2|Clodsire, M|\n|poke|p2|Sandaconda, M|\n|poke|p2|Krookodile, M|\n|teampreview\n|inactive|Battle timer is ON: inactive players will automatically lose when time's up. (requested by The_Matouflamme)\n|\n|t:|1700231178\n|start\n|switch|p1a: Great Tusk|Great Tusk|100\/100\n|switch|p2a: Krookodile|Krookodile, M, shiny|100\/100\n|turn|1\n|j| Drascore666\n|c| Drascore666|MATOU MATOU ALLLEZ\n|\n|t:|1700231191\n|move|p2a: Krookodile|Power-Up Punch|p1a: Great Tusk\n|-damage|p1a: Great Tusk|91\/100\n|-boost|p2a: Krookodile|atk|1\n|move|p1a: Great Tusk|Ice Spinner|p2a: Krookodile\n|-supereffective|p2a: Krookodile\n|-damage|p2a: Krookodile|36\/100\n|-damage|p1a: Great Tusk|74\/100|[from] item: Rocky Helmet|[of] p2a: Krookodile\n|\n|-heal|p1a: Great Tusk|81\/100|[from] item: Leftovers\n|upkeep\n|turn|2\n|\n|t:|1700231209\n|move|p2a: Krookodile|Power-Up Punch|p1a: Great Tusk\n|-damage|p1a: Great Tusk|67\/100\n|-boost|p2a: Krookodile|atk|1\n|move|p1a: Great Tusk|Ice Spinner|p2a: Krookodile\n|-supereffective|p2a: Krookodile\n|-damage|p2a: Krookodile|0 fnt\n|-damage|p1a: Great Tusk|50\/100|[from] item: Rocky Helmet|[of] p2a: Krookodile\n|faint|p2a: Krookodile\n|\n|-heal|p1a: Great Tusk|57\/100|[from] item: Leftovers\n|upkeep\n|c| Drascore666|YESSS ALLEZ\n|\n|t:|1700231222\n|switch|p2a: Great Tusk|Great Tusk|100\/100\n|-enditem|p2a: Great Tusk|Booster Energy\n|-activate|p2a: Great Tusk|ability: Protosynthesis|[fromitem]\n|-start|p2a: Great Tusk|protosynthesisatk\n|turn|3\n|\n|t:|1700231233\n|-end|p1a: Great Tusk|Protosynthesis|[silent]\n|switch|p1a: Charizard|Charizard, F|100\/100\n|move|p2a: Great Tusk|Earthquake|p1a: Charizard\n|-immune|p1a: Charizard\n|\n|upkeep\n|turn|4\n|\n|t:|1700231242\n|detailschange|p1a: Charizard|Charizard-Mega-Y, F\n|-mega|p1a: Charizard|Charizard|Charizardite Y\n|-weather|SunnyDay|[from] ability: Drought|[of] p1a: Charizard\n|move|p1a: Charizard|Solar Beam||[still]\n|-prepare|p1a: Charizard|Solar Beam\n|-anim|p1a: Charizard|Solar Beam|p2a: Great Tusk\n|-supereffective|p2a: Great Tusk\n|-damage|p2a: Great Tusk|0 fnt\n|faint|p2a: Great Tusk\n|-end|p2a: Great Tusk|Protosynthesis|[silent]\n|\n|-weather|SunnyDay|[upkeep]\n|upkeep\n|c| Drascore666|LETS GOOOOOOOOOO\n|-message|creatousmaster forfeited.\n|\n|win|The_Matouflamme\n|raw|The_Matouflamme's rating: 1000 &rarr; <strong>1040<\/strong><br \/>(+40 for winning)\n|raw|creatousmaster's rating: 1000 &rarr; <strong>1000<\/strong><br \/>(+0 for losing)\n|l|\u2606creatousmaster\n","uploadtime":1700231279,"views":15,"p1id":"thematouflamme","p2id":"creatousmaster","formatid":"gen9nationaldex","rating":1000,"private":0,"password":""}