{"id":"gen9nationaldex-1999019516","p1":"Alex001221","p2":"ilovemale","format":"[Gen 9] National Dex","log":"|html|<div class=\"broadcast-blue\"><strong>[Gen 9] National Dex is currently suspecting Sneasler! For information on how to participate check out the <a href=\"https:\/\/www.smogon.com\/forums\/threads\/sv-national-dex-suspect-8-just-dance.3731534\/\">suspect thread<\/a>.<\/strong><\/div>\n|j|\u2606Alex001221\n|j|\u2606ilovemale\n|t:|1701024539\n|gametype|singles\n|player|p1|Alex001221|265|1126\n|player|p2|ilovemale|hilbert-wonderlauncher|1000\n|teamsize|p1|6\n|teamsize|p2|1\n|gen|9\n|tier|[Gen 9] National Dex\n|rated|\n|rule|HP Percentage Mod: HP is shown in percentages\n|rule|Endless Battle Clause: Forcing endless battles is banned\n|rule|OHKO Clause: OHKO moves are banned\n|rule|Evasion Clause: Evasion abilities, items, and moves are banned\n|rule|Evasion Abilities Clause: Evasion abilities are banned\n|rule|Evasion Items Clause: Evasion items are banned\n|rule|Evasion Moves Clause: Evasion moves are banned\n|rule|Species Clause: Limit one of each Pok\u00e9mon\n|rule|Sleep Clause Mod: Limit one foe put to sleep\n|clearpoke\n|poke|p1|Ferrothorn, M|\n|poke|p1|Zapdos|\n|poke|p1|Garganacl, M|\n|poke|p1|Aerodactyl, F|\n|poke|p1|Alomomola, F|\n|poke|p1|Tyranitar, M|\n|poke|p2|Lilligant, F|\n|teampreview\n|inactive|Battle timer is ON: inactive players will automatically lose when time's up. (requested by ilovemale)\n|\n|t:|1701024555\n|start\n|switch|p1a: Aerodactyl|Aerodactyl, F|100\/100\n|switch|p2a: Lilligant|Lilligant, F|100\/100\n|turn|1\n|\n|t:|1701024563\n|detailschange|p1a: Aerodactyl|Aerodactyl-Mega, F\n|-mega|p1a: Aerodactyl|Aerodactyl|Aerodactylite\n|-terastallize|p2a: Lilligant|Psychic\n|move|p1a: Aerodactyl|Dual Wingbeat|p2a: Lilligant\n|-damage|p2a: Lilligant|55\/100\n|-damage|p2a: Lilligant|5\/100\n|-hitcount|p2a: Lilligant|2\n|move|p2a: Lilligant|Sleep Powder|p1a: Aerodactyl\n|-status|p1a: Aerodactyl|slp|[from] move: Sleep Powder\n|\n|upkeep\n|turn|2\n|\n|t:|1701024574\n|switch|p1a: Zapdos|Zapdos|100\/100\n|move|p2a: Lilligant|Dream Eater|p1a: Zapdos\n|-immune|p1a: Zapdos\n|\n|upkeep\n|turn|3\n|\n|t:|1701024585\n|move|p1a: Zapdos|Volt Switch|p2a: Lilligant\n|-damage|p2a: Lilligant|0 fnt\n|faint|p2a: Lilligant\n|\n|win|Alex001221\n|raw|Alex001221's rating: 1126 &rarr; <strong>1142<\/strong><br \/>(+16 for winning)\n|raw|ilovemale's rating: 1000 &rarr; <strong>1000<\/strong><br \/>(+0 for losing)\n|l|\u2606ilovemale\n","uploadtime":1701024600,"views":4,"p1id":"alex001221","p2id":"ilovemale","formatid":"gen9nationaldex","rating":1000,"private":0,"password":""}