{"id":"gen9nationaldex-1987259943","p1":"GmaxWailord1","p2":"Kozuru_Koken","format":"[Gen 9] National Dex","log":"|j|\u2606GmaxWailord1\n|j|\u2606Kozuru_Koken\n|t:|1699570452\n|gametype|singles\n|player|p1|GmaxWailord1|steven|1256\n|player|p2|Kozuru_Koken|red|1293\n|teamsize|p1|6\n|teamsize|p2|6\n|gen|9\n|tier|[Gen 9] National Dex\n|rated|\n|rule|HP Percentage Mod: HP is shown in percentages\n|rule|Endless Battle Clause: Forcing endless battles is banned\n|rule|OHKO Clause: OHKO moves are banned\n|rule|Evasion Clause: Evasion abilities, items, and moves are banned\n|rule|Evasion Abilities Clause: Evasion abilities are banned\n|rule|Evasion Items Clause: Evasion items are banned\n|rule|Evasion Moves Clause: Evasion moves are banned\n|rule|Species Clause: Limit one of each Pok\u00e9mon\n|rule|Sleep Clause Mod: Limit one foe put to sleep\n|clearpoke\n|poke|p1|Gliscor, M|\n|poke|p1|Urshifu-*, F|\n|poke|p1|Rillaboom, M|\n|poke|p1|Volcarona, F|\n|poke|p1|Xurkitree|\n|poke|p1|Latios, M|\n|poke|p2|Kartana|\n|poke|p2|Blacephalon|\n|poke|p2|Nihilego|\n|poke|p2|Ribombee, F|\n|poke|p2|Altaria, M|\n|poke|p2|Quaquaval, F|\n|teampreview\n|inactive|Battle timer is ON: inactive players will automatically lose when time's up. (requested by GmaxWailord1)\n|inactive|Kozuru_Koken has 120 seconds left.\n|\n|t:|1699570493\n|start\n|switch|p1a: Xurkitree|Xurkitree, shiny|100\/100\n|switch|p2a: Blacephalon|Blacephalon|100\/100\n|turn|1\n|c|\u2606Kozuru_Koken|The legendary battle\n|c|\u2606Kozuru_Koken|Which one is the most flashy??\n|inactive|GmaxWailord1 has 120 seconds left.\n|\n|t:|1699570524\n|-zpower|p2a: Blacephalon\n|move|p2a: Blacephalon|Z-Hypnosis|p1a: Xurkitree|[anim]Hypnosis\n|-boost|p2a: Blacephalon|spe|1|[zeffect]\n|-status|p1a: Xurkitree|slp|[from] move: Hypnosis\n|cant|p1a: Xurkitree|slp\n|\n|upkeep\n|turn|2\n|-message|GmaxWailord1 forfeited.\n|\n|win|Kozuru_Koken\n|raw|GmaxWailord1's rating: 1256 &rarr; <strong>1234<\/strong><br \/>(-22 for losing)\n|raw|Kozuru_Koken's rating: 1293 &rarr; <strong>1315<\/strong><br \/>(+22 for winning)\n|l|\u2606GmaxWailord1\n","uploadtime":1699570537,"views":10,"p1id":"gmaxwailord1","p2id":"kozurukoken","formatid":"gen9nationaldex","rating":1234,"private":0,"password":""}