{"id":"gen9nationaldex-1998657056","p1":"Cambrian James","p2":"JUNRIN ULTIMATE","format":"[Gen 9] National Dex","log":"|html|<div class=\"broadcast-blue\"><strong>[Gen 9] National Dex is currently suspecting Sneasler! For information on how to participate check out the <a href=\"https:\/\/www.smogon.com\/forums\/threads\/sv-national-dex-suspect-8-just-dance.3731534\/\">suspect thread<\/a>.<\/strong><\/div>\n|j|\u2606Cambrian James\n|j|\u2606JUNRIN ULTIMATE\n|t:|1700968501\n|gametype|singles\n|player|p1|Cambrian James|bugcatcher-gen4dp|1010\n|player|p2|JUNRIN ULTIMATE|cynthia|1000\n|teamsize|p1|6\n|teamsize|p2|6\n|gen|9\n|tier|[Gen 9] National Dex\n|rated|\n|rule|HP Percentage Mod: HP is shown in percentages\n|rule|Endless Battle Clause: Forcing endless battles is banned\n|rule|OHKO Clause: OHKO moves are banned\n|rule|Evasion Clause: Evasion abilities, items, and moves are banned\n|rule|Evasion Abilities Clause: Evasion abilities are banned\n|rule|Evasion Items Clause: Evasion items are banned\n|rule|Evasion Moves Clause: Evasion moves are banned\n|rule|Species Clause: Limit one of each Pok\u00e9mon\n|rule|Sleep Clause Mod: Limit one foe put to sleep\n|clearpoke\n|poke|p1|Vaporeon, F|\n|poke|p1|Espeon, M|\n|poke|p1|Leafeon, F|\n|poke|p1|Sylveon, F|\n|poke|p1|Umbreon, M|\n|poke|p1|Eevee, M|\n|poke|p2|Gardevoir, F|\n|poke|p2|Gallade, M|\n|poke|p2|Iron Valiant|\n|poke|p2|Crobat, M|\n|poke|p2|Dragonite, M|\n|poke|p2|Golbat, M|\n|teampreview\n|inactive|Battle timer is ON: inactive players will automatically lose when time's up. (requested by JUNRIN ULTIMATE)\n|\n|t:|1700968525\n|start\n|switch|p1a: Eevee|Eevee, M|100\/100\n|switch|p2a: Golbat|Golbat, M|100\/100\n|turn|1\n|\n|t:|1700968536\n|-zpower|p1a: Eevee\n|move|p1a: Eevee|Extreme Evoboost|p1a: Eevee\n|-boost|p1a: Eevee|atk|2\n|-boost|p1a: Eevee|def|2\n|-boost|p1a: Eevee|spa|2\n|-boost|p1a: Eevee|spd|2\n|-boost|p1a: Eevee|spe|2\n|move|p2a: Golbat|Toxic|p1a: Eevee\n|-status|p1a: Eevee|tox\n|\n|-damage|p1a: Eevee|95\/100 tox|[from] psn\n|upkeep\n|turn|2\n|\n|t:|1700968548\n|move|p1a: Eevee|Frustration|p2a: Golbat\n|-damage|p2a: Golbat|26\/100\n|move|p2a: Golbat|Super Fang|p1a: Eevee\n|-damage|p1a: Eevee|48\/100 tox\n|\n|-damage|p1a: Eevee|36\/100 tox|[from] psn\n|upkeep\n|turn|3\n|\n|t:|1700968574\n|move|p1a: Eevee|Frustration|p2a: Golbat\n|-damage|p2a: Golbat|0 fnt\n|faint|p2a: Golbat\n|\n|-damage|p1a: Eevee|18\/100 tox|[from] psn\n|upkeep\n|\n|t:|1700968578\n|switch|p2a: Dragonite|Dragonite, M|100\/100\n|turn|4\n|\n|t:|1700968582\n|move|p1a: Eevee|Frustration|p2a: Dragonite\n|-damage|p2a: Dragonite|54\/100\n|move|p2a: Dragonite|Dragon Dance|p2a: Dragonite\n|-boost|p2a: Dragonite|atk|1\n|-boost|p2a: Dragonite|spe|1\n|\n|-damage|p1a: Eevee|0 fnt|[from] psn\n|faint|p1a: Eevee\n|upkeep\n|\n|t:|1700968592\n|switch|p1a: Vaporeon|Vaporeon, F|100\/100\n|turn|5\n|\n|t:|1700968603\n|move|p2a: Dragonite|Outrage|p1a: Vaporeon\n|-damage|p1a: Vaporeon|0 fnt\n|faint|p1a: Vaporeon\n|\n|upkeep\n|\n|t:|1700968612\n|switch|p1a: Sylveon|Sylveon, F|100\/100\n|turn|6\n|\n|t:|1700968616\n|move|p2a: Dragonite|Outrage|p1a: Sylveon|[from]lockedmove\n|-immune|p1a: Sylveon\n|-start|p2a: Dragonite|confusion|[fatigue]\n|move|p1a: Sylveon|Calm Mind|p1a: Sylveon\n|-boost|p1a: Sylveon|spa|1\n|-boost|p1a: Sylveon|spd|1\n|\n|upkeep\n|turn|7\n|\n|t:|1700968628\n|-terastallize|p2a: Dragonite|Steel\n|-activate|p2a: Dragonite|confusion\n|move|p2a: Dragonite|Iron Head|p1a: Sylveon\n|-supereffective|p1a: Sylveon\n|-damage|p1a: Sylveon|0 fnt\n|faint|p1a: Sylveon\n|\n|upkeep\n|-message|Cambrian James forfeited.\n|\n|win|JUNRIN ULTIMATE\n|raw|Cambrian James's rating: 1010 &rarr; <strong>1000<\/strong><br \/>(-10 for losing)\n|raw|JUNRIN ULTIMATE's rating: 1000 &rarr; <strong>1041<\/strong><br \/>(+41 for winning)\n|l|\u2606Cambrian James\n","uploadtime":1700968666,"views":2,"p1id":"cambrianjames","p2id":"junrinultimate","formatid":"gen9nationaldex","rating":1000,"private":0,"password":""}