{"id":"gen9nationaldex-1996311494","p1":"fishcakesalad","p2":"schoolboy333","format":"[Gen 9] National Dex","log":"|html|<div class=\"broadcast-blue\"><strong>[Gen 9] National Dex is currently suspecting Sneasler! For information on how to participate check out the <a href=\"https:\/\/www.smogon.com\/forums\/threads\/sv-national-dex-suspect-8-just-dance.3731534\/\">suspect thread<\/a>.<\/strong><\/div>\n|j|\u2606fishcakesalad\n|j|\u2606schoolboy333\n|t:|1700670024\n|gametype|singles\n|player|p1|fishcakesalad|266|1335\n|player|p2|schoolboy333|byron|1265\n|teamsize|p1|6\n|teamsize|p2|6\n|gen|9\n|tier|[Gen 9] National Dex\n|rated|\n|rule|HP Percentage Mod: HP is shown in percentages\n|rule|Endless Battle Clause: Forcing endless battles is banned\n|rule|OHKO Clause: OHKO moves are banned\n|rule|Evasion Clause: Evasion abilities, items, and moves are banned\n|rule|Evasion Abilities Clause: Evasion abilities are banned\n|rule|Evasion Items Clause: Evasion items are banned\n|rule|Evasion Moves Clause: Evasion moves are banned\n|rule|Species Clause: Limit one of each Pok\u00e9mon\n|rule|Sleep Clause Mod: Limit one foe put to sleep\n|clearpoke\n|poke|p1|Charizard, F|\n|poke|p1|Greninja-*, M|\n|poke|p1|Gliscor, F|\n|poke|p1|Rillaboom, F|\n|poke|p1|Ribombee, M|\n|poke|p1|Kommo-o, F|\n|poke|p2|Dragonite, M|\n|poke|p2|Hatterene, F|\n|poke|p2|Keldeo|\n|poke|p2|Ogerpon-Cornerstone, F|\n|poke|p2|Bisharp, M|\n|poke|p2|Skeledirge, M|\n|teampreview\n|\n|t:|1700670030\n|start\n|switch|p1a: Ribombee|Ribombee, M|100\/100\n|switch|p2a: Hatterene|Hatterene, F|100\/100\n|turn|1\n|\n|t:|1700670038\n|switch|p1a: Charizard|Charizard, F|100\/100\n|move|p2a: Hatterene|Mystical Fire|p1a: Charizard\n|-resisted|p1a: Charizard\n|-damage|p1a: Charizard|80\/100\n|-unboost|p1a: Charizard|spa|1\n|\n|upkeep\n|turn|2\n|\n|t:|1700670045\n|move|p1a: Charizard|Dragon Dance|p1a: Charizard\n|-boost|p1a: Charizard|atk|1\n|-boost|p1a: Charizard|spe|1\n|move|p2a: Hatterene|Nuzzle|p1a: Charizard\n|-supereffective|p1a: Charizard\n|-damage|p1a: Charizard|68\/100\n|-status|p1a: Charizard|par\n|\n|upkeep\n|turn|3\n|\n|t:|1700670064\n|switch|p2a: Dragonite|Dragonite, M|100\/100\n|cant|p1a: Charizard|par\n|\n|upkeep\n|turn|4\n|\n|t:|1700670087\n|switch|p1a: Gliscor|Gliscor, F|100\/100\n|move|p2a: Dragonite|Curse|p2a: Dragonite\n|-unboost|p2a: Dragonite|spe|1\n|-boost|p2a: Dragonite|atk|1\n|-boost|p2a: Dragonite|def|1\n|\n|-status|p1a: Gliscor|tox|[from] item: Toxic Orb\n|upkeep\n|turn|5\n|\n|t:|1700670102\n|move|p1a: Gliscor|Toxic|p2a: Dragonite\n|-status|p2a: Dragonite|tox\n|move|p2a: Dragonite|Curse|p2a: Dragonite\n|-unboost|p2a: Dragonite|spe|1\n|-boost|p2a: Dragonite|atk|1\n|-boost|p2a: Dragonite|def|1\n|\n|-damage|p2a: Dragonite|94\/100 tox|[from] psn\n|upkeep\n|turn|6\n|inactive|Battle timer is ON: inactive players will automatically lose when time's up. (requested by schoolboy333)\n|l|\u2606fishcakesalad\n|inactive|fishcakesalad disconnected and has a minute to reconnect!\n|player|p1|\n|inactive|fishcakesalad has 30 seconds to reconnect!\n|inactive|fishcakesalad has 20 seconds to reconnect!\n|inactive|fishcakesalad has 15 seconds to reconnect!\n|inactive|fishcakesalad has 10 seconds to reconnect!\n|inactive|fishcakesalad has 5 seconds to reconnect!\n|-message|fishcakesalad lost due to inactivity.\n|\n|win|schoolboy333\n|raw|fishcakesalad's rating: 1335 &rarr; <strong>1311<\/strong><br \/>(-24 for losing)\n|raw|schoolboy333's rating: 1265 &rarr; <strong>1295<\/strong><br \/>(+30 for winning)\n","uploadtime":1700670230,"views":3,"p1id":"fishcakesalad","p2id":"schoolboy333","formatid":"gen9nationaldex","rating":1295,"private":0,"password":""}