{"id":"gen9nationaldex-1997629795","p1":"IamNotDuc","p2":"VonBlossom","format":"[Gen 9] National Dex","log":"|html|<div class=\"broadcast-blue\"><strong>[Gen 9] National Dex is currently suspecting Sneasler! For information on how to participate check out the <a href=\"https:\/\/www.smogon.com\/forums\/threads\/sv-national-dex-suspect-8-just-dance.3731534\/\">suspect thread<\/a>.<\/strong><\/div>\n|j|\u2606IamNotDuc\n|j|\u2606VonBlossom\n|t:|1700835100\n|gametype|singles\n|player|p1|IamNotDuc|1|1020\n|player|p2|VonBlossom|acetrainerf-gen4dp|1000\n|teamsize|p1|4\n|teamsize|p2|6\n|gen|9\n|tier|[Gen 9] National Dex\n|rated|\n|rule|HP Percentage Mod: HP is shown in percentages\n|rule|Endless Battle Clause: Forcing endless battles is banned\n|rule|OHKO Clause: OHKO moves are banned\n|rule|Evasion Clause: Evasion abilities, items, and moves are banned\n|rule|Evasion Abilities Clause: Evasion abilities are banned\n|rule|Evasion Items Clause: Evasion items are banned\n|rule|Evasion Moves Clause: Evasion moves are banned\n|rule|Species Clause: Limit one of each Pok\u00e9mon\n|rule|Sleep Clause Mod: Limit one foe put to sleep\n|clearpoke\n|poke|p1|Riolu, M|\n|poke|p1|Gliscor, F|\n|poke|p1|Audino, F|\n|poke|p1|Aron, M|\n|poke|p2|Sylveon, M|\n|poke|p2|Enamorus, F|\n|poke|p2|Clefable, F|\n|poke|p2|Milotic, F|\n|poke|p2|Cinccino, M|\n|poke|p2|Lopunny, F|\n|teampreview\n|\n|t:|1700835110\n|start\n|switch|p1a: Gliscor|Gliscor, F|100\/100\n|switch|p2a: Clefable|Clefable, F|100\/100\n|turn|1\n|c|\u2606IamNotDuc|:))\n|c|\u2606IamNotDuc|g\n|c|\u2606IamNotDuc|gg\n|c|\u2606VonBlossom|Gg\n|\n|t:|1700835123\n|move|p1a: Gliscor|Spikes|p2a: Clefable\n|-sidestart|p2: VonBlossom|Spikes\n|move|p2a: Clefable|Stealth Rock|p1a: Gliscor\n|-sidestart|p1: IamNotDuc|move: Stealth Rock\n|\n|-status|p1a: Gliscor|tox|[from] item: Toxic Orb\n|upkeep\n|turn|2\n|inactive|Battle timer is ON: inactive players will automatically lose when time's up. (requested by VonBlossom)\n|c|\u2606IamNotDuc|This is my troll squad :))\n|\n|t:|1700835142\n|move|p1a: Gliscor|Spikes|p2a: Clefable\n|-sidestart|p2: VonBlossom|Spikes\n|move|p2a: Clefable|Moonblast|p1a: Gliscor\n|-damage|p1a: Gliscor|40\/100 tox\n|\n|-heal|p1a: Gliscor|52\/100 tox|[from] ability: Poison Heal\n|upkeep\n|turn|3\n|c|\u2606VonBlossom|Ah ok cool\n|\n|t:|1700835151\n|move|p1a: Gliscor|Spikes|p2a: Clefable\n|-sidestart|p2: VonBlossom|Spikes\n|move|p2a: Clefable|Moonblast|p1a: Gliscor\n|-damage|p1a: Gliscor|0 fnt\n|faint|p1a: Gliscor\n|\n|upkeep\n|\n|t:|1700835153\n|switch|p1a: Audino|Audino, F|100\/100\n|-damage|p1a: Audino|88\/100|[from] Stealth Rock\n|turn|4\n|\n|t:|1700835160\n|detailschange|p1a: Audino|Audino-Mega, F\n|-mega|p1a: Audino|Audino|Audinite\n|move|p2a: Clefable|Moonblast|p1a: Audino\n|-damage|p1a: Audino|60\/100\n|move|p1a: Audino|Trick Room|p1a: Audino\n|-fieldstart|move: Trick Room|[of] p1a: Audino\n|\n|upkeep\n|turn|5\n|\n|t:|1700835168\n|switch|p1a: Aron|Aron, M|100\/100\n|-damage|p1a: Aron|94\/100|[from] Stealth Rock\n|move|p2a: Clefable|Moonblast|p1a: Aron\n|-resisted|p1a: Aron\n|-damage|p1a: Aron|42\/100\n|\n|upkeep\n|turn|6\n|\n|t:|1700835176\n|move|p1a: Aron|Endeavor|p2a: Clefable\n|-damage|p2a: Clefable|33\/100\n|-heal|p1a: Aron|53\/100|[from] item: Shell Bell|[of] p2a: Clefable\n|move|p2a: Clefable|Moonblast|p1a: Aron\n|-resisted|p1a: Aron\n|-damage|p1a: Aron|0 fnt\n|faint|p1a: Aron\n|\n|-heal|p2a: Clefable|39\/100|[from] item: Leftovers\n|upkeep\n|\n|t:|1700835184\n|switch|p1a: Riolu|Riolu, M|100\/100\n|-damage|p1a: Riolu|94\/100|[from] Stealth Rock\n|turn|7\n|\n|t:|1700835189\n|move|p2a: Clefable|Moonblast|p1a: Riolu\n|-supereffective|p1a: Riolu\n|-damage|p1a: Riolu|0 fnt\n|faint|p1a: Riolu\n|\n|-heal|p2a: Clefable|45\/100|[from] item: Leftovers\n|upkeep\n|c|\u2606IamNotDuc|gg\n|-message|IamNotDuc forfeited.\n|\n|win|VonBlossom\n|raw|IamNotDuc's rating: 1020 &rarr; <strong>1006<\/strong><br \/>(-14 for losing)\n|raw|VonBlossom's rating: 1000 &rarr; <strong>1042<\/strong><br \/>(+42 for winning)\n|l|\u2606IamNotDuc\n|c|\u2606VonBlossom|Im not using choice specs k?\n","uploadtime":1700835207,"views":3,"p1id":"iamnotduc","p2id":"vonblossom","formatid":"gen9nationaldex","rating":1006,"private":0,"password":""}