{"id":"gen9nationaldex-1992311378","p1":"KosherPepper","p2":"MarioHasAGun","format":"[Gen 9] National Dex","log":"|j|\u2606KosherPepper\n|j|\u2606MarioHasAGun\n|t:|1700173463\n|gametype|singles\n|player|p1|KosherPepper|rosa-pokestar|\n|player|p2|MarioHasAGun|juggler-gen3|\n|teamsize|p1|6\n|teamsize|p2|1\n|gen|9\n|tier|[Gen 9] National Dex\n|rule|HP Percentage Mod: HP is shown in percentages\n|rule|Endless Battle Clause: Forcing endless battles is banned\n|rule|OHKO Clause: OHKO moves are banned\n|rule|Evasion Clause: Evasion abilities, items, and moves are banned\n|rule|Evasion Abilities Clause: Evasion abilities are banned\n|rule|Evasion Items Clause: Evasion items are banned\n|rule|Evasion Moves Clause: Evasion moves are banned\n|rule|Species Clause: Limit one of each Pok\u00e9mon\n|rule|Sleep Clause Mod: Limit one foe put to sleep\n|clearpoke\n|poke|p1|Pelipper, M|\n|poke|p1|Abomasnow, F|\n|poke|p1|Gigalith, M|\n|poke|p1|Drampa, M|\n|poke|p1|Avalugg-Hisui, F|\n|poke|p1|Arctovish|\n|poke|p2|Golem, F|\n|teampreview\n|inactive|Battle timer is ON: inactive players will automatically lose when time's up. (requested by MarioHasAGun)\n|\n|t:|1700173482\n|start\n|switch|p1a: Pelipper|Pelipper, M|100\/100\n|switch|p2a: Golem|Golem, F|100\/100\n|-weather|RainDance|[from] ability: Drizzle|[of] p1a: Pelipper\n|turn|1\n|\n|t:|1700173490\n|move|p2a: Golem|Rock Polish|p2a: Golem\n|-boost|p2a: Golem|spe|2\n|move|p1a: Pelipper|Weather Ball|p2a: Golem\n|-supereffective|p2a: Golem\n|-ability|p2a: Golem|Sturdy\n|-damage|p2a: Golem|1\/100\n|-enditem|p2a: Golem|Salac Berry|[eat]\n|-boost|p2a: Golem|spe|1|[from] item: Salac Berry\n|\n|-weather|RainDance|[upkeep]\n|upkeep\n|turn|2\n|\n|t:|1700173496\n|-terastallize|p2a: Golem|Rock\n|move|p2a: Golem|Stone Edge|p1a: Pelipper\n|-supereffective|p1a: Pelipper\n|-damage|p1a: Pelipper|0 fnt\n|faint|p1a: Pelipper\n|\n|-weather|RainDance|[upkeep]\n|upkeep\n|\n|t:|1700173501\n|switch|p1a: Gigalith|Gigalith, M|100\/100\n|-weather|Sandstorm|[from] ability: Sand Stream|[of] p1a: Gigalith\n|turn|3\n|\n|t:|1700173504\n|move|p2a: Golem|Earthquake|p1a: Gigalith\n|-supereffective|p1a: Gigalith\n|-damage|p1a: Gigalith|17\/100\n|move|p1a: Gigalith|Body Press|p2a: Golem\n|-supereffective|p2a: Golem\n|-crit|p2a: Golem\n|-damage|p2a: Golem|0 fnt\n|faint|p2a: Golem\n|\n|win|KosherPepper\n","uploadtime":1700173532,"views":5,"p1id":"kosherpepper","p2id":"mariohasagun","formatid":"gen9nationaldex","rating":0,"private":0,"password":""}