{"id":"gen9nationaldex-1994104143","p1":"Unwornwolf","p2":"UncleGenga","format":"[Gen 9] National Dex","log":"|j|\u2606Unwornwolf\n|j|\u2606UncleGenga\n|t:|1700407317\n|gametype|singles\n|player|p1|Unwornwolf|265|1237\n|player|p2|UncleGenga|wattson|1133\n|teamsize|p1|6\n|teamsize|p2|6\n|gen|9\n|tier|[Gen 9] National Dex\n|rated|\n|rule|HP Percentage Mod: HP is shown in percentages\n|rule|Endless Battle Clause: Forcing endless battles is banned\n|rule|OHKO Clause: OHKO moves are banned\n|rule|Evasion Clause: Evasion abilities, items, and moves are banned\n|rule|Evasion Abilities Clause: Evasion abilities are banned\n|rule|Evasion Items Clause: Evasion items are banned\n|rule|Evasion Moves Clause: Evasion moves are banned\n|rule|Species Clause: Limit one of each Pok\u00e9mon\n|rule|Sleep Clause Mod: Limit one foe put to sleep\n|clearpoke\n|poke|p1|Claydol|\n|poke|p1|Rotom-Mow|\n|poke|p1|Emboar, M|\n|poke|p1|Bisharp, M|\n|poke|p1|Enamorus-Therian, F|\n|poke|p1|Muk-Alola, F|\n|poke|p2|Emboar, F|\n|poke|p2|Grimmsnarl, M|\n|poke|p2|Gastrodon, M|\n|poke|p2|Doublade, F|\n|poke|p2|Skuntank, M|\n|poke|p2|Volcanion|\n|teampreview\n|\n|t:|1700407328\n|start\n|switch|p1a: Bisharp|Bisharp, M|100\/100\n|switch|p2a: Grimmsnarl|Grimmsnarl, M|100\/100\n|turn|1\n|\n|t:|1700407336\n|move|p2a: Grimmsnarl|Reflect|p2a: Grimmsnarl\n|-sidestart|p2: UncleGenga|Reflect\n|move|p1a: Bisharp|Iron Head|p2a: Grimmsnarl\n|-supereffective|p2a: Grimmsnarl\n|-damage|p2a: Grimmsnarl|52\/100\n|\n|upkeep\n|turn|2\n|\n|t:|1700407339\n|move|p2a: Grimmsnarl|Light Screen|p2a: Grimmsnarl\n|-sidestart|p2: UncleGenga|move: Light Screen\n|move|p1a: Bisharp|Swords Dance|p1a: Bisharp\n|-boost|p1a: Bisharp|atk|2\n|\n|upkeep\n|turn|3\n|\n|t:|1700407341\n|move|p1a: Bisharp|Iron Head|p2a: Grimmsnarl\n|-supereffective|p2a: Grimmsnarl\n|-damage|p2a: Grimmsnarl|0 fnt\n|faint|p2a: Grimmsnarl\n|\n|upkeep\n|\n|t:|1700407345\n|switch|p2a: Skuntank|Skuntank, M, shiny|100\/100\n|turn|4\n|\n|t:|1700407351\n|move|p2a: Skuntank|Memento|p1a: Bisharp\n|-unboost|p1a: Bisharp|atk|2\n|-ability|p1a: Bisharp|Defiant|boost\n|-boost|p1a: Bisharp|atk|2\n|-unboost|p1a: Bisharp|spa|2\n|-ability|p1a: Bisharp|Defiant|boost\n|-boost|p1a: Bisharp|atk|2\n|faint|p2a: Skuntank\n|move|p1a: Bisharp|Iron Head|p2: Skuntank|[notarget]\n|-fail|p1a: Bisharp\n|\n|upkeep\n|-message|UncleGenga forfeited.\n|\n|win|Unwornwolf\n|raw|Unwornwolf's rating: 1237 &rarr; <strong>1255<\/strong><br \/>(+18 for winning)\n|raw|UncleGenga's rating: 1133 &rarr; <strong>1115<\/strong><br \/>(-18 for losing)\n|l|\u2606UncleGenga\n","uploadtime":1700407365,"views":12,"p1id":"unwornwolf","p2id":"unclegenga","formatid":"gen9nationaldex","rating":1115,"private":0,"password":""}