{"id":"gen9nationaldex-1994964226","p1":"Rodan123","p2":"redimas","format":"[Gen 9] National Dex","log":"|html|<div class=\"broadcast-blue\"><strong>[Gen 9] National Dex is currently suspecting Sneasler! For information on how to participate check out the <a href=\"https:\/\/www.smogon.com\/forums\/threads\/sv-national-dex-suspect-8-just-dance.3731534\/\">suspect thread<\/a>.<\/strong><\/div>\n|j|\u2606Rodan123\n|j|\u2606redimas\n|t:|1700508616\n|gametype|singles\n|player|p1|Rodan123|fisherman-gen4|1132\n|player|p2|redimas|n|1010\n|teamsize|p1|6\n|teamsize|p2|6\n|gen|9\n|tier|[Gen 9] National Dex\n|rated|\n|rule|HP Percentage Mod: HP is shown in percentages\n|rule|Endless Battle Clause: Forcing endless battles is banned\n|rule|OHKO Clause: OHKO moves are banned\n|rule|Evasion Clause: Evasion abilities, items, and moves are banned\n|rule|Evasion Abilities Clause: Evasion abilities are banned\n|rule|Evasion Items Clause: Evasion items are banned\n|rule|Evasion Moves Clause: Evasion moves are banned\n|rule|Species Clause: Limit one of each Pok\u00e9mon\n|rule|Sleep Clause Mod: Limit one foe put to sleep\n|clearpoke\n|poke|p1|Gardevoir, F|\n|poke|p1|Gothitelle, F|\n|poke|p1|Indeedee-F, F|\n|poke|p1|Articuno-Galar|\n|poke|p1|Raichu-Alola, M|\n|poke|p1|Rapidash-Galar, F|\n|poke|p2|Eelektross, F|\n|poke|p2|Swampert, F|\n|poke|p2|Ceruledge, F|\n|poke|p2|Ferrothorn, M|\n|poke|p2|Gliscor, M|\n|poke|p2|Ambipom, F|\n|teampreview\n|\n|t:|1700508623\n|start\n|switch|p1a: Gothitelle|Gothitelle, F, shiny|100\/100\n|switch|p2a: Ambipom|Ambipom, F, shiny|100\/100\n|turn|1\n|\n|t:|1700508631\n|move|p2a: Ambipom|Fake Out|p1a: Gothitelle\n|-damage|p1a: Gothitelle|70\/100\n|cant|p1a: Gothitelle|flinch\n|\n|upkeep\n|turn|2\n|\n|t:|1700508636\n|move|p2a: Ambipom|Last Resort|p1a: Gothitelle\n|-damage|p1a: Gothitelle|0 fnt\n|faint|p1a: Gothitelle\n|\n|upkeep\n|\n|t:|1700508650\n|switch|p1a: Raichu|Raichu-Alola, M|100\/100\n|turn|3\n|\n|t:|1700508657\n|move|p2a: Ambipom|Last Resort|p1a: Raichu\n|-damage|p1a: Raichu|0 fnt\n|faint|p1a: Raichu\n|\n|upkeep\n|-message|Rodan123 forfeited.\n|\n|win|redimas\n|raw|Rodan123's rating: 1132 &rarr; <strong>1099<\/strong><br \/>(-33 for losing)\n|raw|redimas's rating: 1010 &rarr; <strong>1061<\/strong><br \/>(+51 for winning)\n|l|\u2606Rodan123\n","uploadtime":1700510037,"views":4,"p1id":"rodan123","p2id":"redimas","formatid":"gen9nationaldex","rating":1061,"private":0,"password":""}