{"id":"gen9nationaldex-1993882693","p1":"ws94dm","p2":"Ultrasadhere","format":"[Gen 9] National Dex","log":"|j|\u2606ws94dm\n|j|\u2606Ultrasadhere\n|t:|1700369630\n|gametype|singles\n|player|p1|ws94dm|pokemonranger-gen4|1132\n|player|p2|Ultrasadhere|barry|1171\n|teamsize|p1|6\n|teamsize|p2|6\n|gen|9\n|tier|[Gen 9] National Dex\n|rated|\n|rule|HP Percentage Mod: HP is shown in percentages\n|rule|Endless Battle Clause: Forcing endless battles is banned\n|rule|OHKO Clause: OHKO moves are banned\n|rule|Evasion Clause: Evasion abilities, items, and moves are banned\n|rule|Evasion Abilities Clause: Evasion abilities are banned\n|rule|Evasion Items Clause: Evasion items are banned\n|rule|Evasion Moves Clause: Evasion moves are banned\n|rule|Species Clause: Limit one of each Pok\u00e9mon\n|rule|Sleep Clause Mod: Limit one foe put to sleep\n|clearpoke\n|poke|p1|Charizard, F|\n|poke|p1|Lilligant-Hisui, F|\n|poke|p1|Volcarona, M|\n|poke|p1|Torkoal, F|\n|poke|p1|Heatran, M|\n|poke|p1|Great Tusk|\n|poke|p2|Ogerpon-Cornerstone, F|\n|poke|p2|Charizard, F|\n|poke|p2|Hatterene, F|\n|poke|p2|Great Tusk|\n|poke|p2|Torkoal, M|\n|poke|p2|Venusaur, M|\n|teampreview\n|inactive|Battle timer is ON: inactive players will automatically lose when time's up. (requested by ws94dm)\n|\n|t:|1700369653\n|start\n|switch|p1a: Volcarona|Volcarona, M|100\/100\n|switch|p2a: Great Tusk|Great Tusk|100\/100\n|turn|1\n|j| Carrotfromkanto\n|\n|t:|1700369680\n|move|p1a: Volcarona|Quiver Dance|p1a: Volcarona\n|-boost|p1a: Volcarona|spa|1\n|-boost|p1a: Volcarona|spd|1\n|-boost|p1a: Volcarona|spe|1\n|move|p2a: Great Tusk|Headlong Rush|p1a: Volcarona\n|-damage|p1a: Volcarona|0 fnt\n|-unboost|p2a: Great Tusk|def|1\n|-unboost|p2a: Great Tusk|spd|1\n|faint|p1a: Volcarona\n|\n|upkeep\n|c| Carrotfromkanto|battle of the suns\n|\n|t:|1700369695\n|switch|p1a: Torkoal|Torkoal, F|100\/100\n|-weather|SunnyDay|[from] ability: Drought|[of] p1a: Torkoal\n|-activate|p2a: Great Tusk|ability: Protosynthesis\n|-start|p2a: Great Tusk|protosynthesisatk\n|turn|2\n|c| Carrotfromkanto|how dare you set up volcarona in front os tusk\n|j| CleverDactyl\n|inactive|Ultrasadhere has 120 seconds left.\n|inactive|Ultrasadhere has 90 seconds left.\n|\n|t:|1700369749\n|move|p2a: Great Tusk|Headlong Rush|p1a: Torkoal\n|-supereffective|p1a: Torkoal\n|-damage|p1a: Torkoal|0 fnt\n|-unboost|p2a: Great Tusk|def|1\n|-unboost|p2a: Great Tusk|spd|1\n|faint|p1a: Torkoal\n|\n|-weather|SunnyDay|[upkeep]\n|upkeep\n|\n|t:|1700369761\n|switch|p1a: Lilligant|Lilligant-Hisui, F|100\/100\n|turn|3\n|inactive|Ultrasadhere has 90 seconds left.\n|\n|t:|1700369777\n|move|p1a: Lilligant|Solar Blade||[still]\n|-prepare|p1a: Lilligant|Solar Blade\n|-anim|p1a: Lilligant|Solar Blade|p2a: Great Tusk\n|-supereffective|p2a: Great Tusk\n|-damage|p2a: Great Tusk|0 fnt\n|faint|p2a: Great Tusk\n|-end|p2a: Great Tusk|Protosynthesis|[silent]\n|-damage|p1a: Lilligant|91\/100|[from] item: Life Orb\n|\n|-weather|SunnyDay|[upkeep]\n|upkeep\n|inactive|Ultrasadhere has 90 seconds left.\n|\n|t:|1700369788\n|switch|p2a: Venusaur|Venusaur, M|100\/100\n|turn|4\n|inactive|Ultrasadhere has 90 seconds left.\n|\n|t:|1700369809\n|switch|p1a: Great Tusk|Great Tusk|100\/100\n|-activate|p1a: Great Tusk|ability: Protosynthesis\n|-start|p1a: Great Tusk|protosynthesisdef\n|move|p2a: Venusaur|Growth|p2a: Venusaur\n|-boost|p2a: Venusaur|atk|2\n|-boost|p2a: Venusaur|spa|2\n|\n|-weather|SunnyDay|[upkeep]\n|upkeep\n|turn|5\n|\n|t:|1700369820\n|move|p2a: Venusaur|Energy Ball|p1a: Great Tusk\n|-supereffective|p1a: Great Tusk\n|-damage|p1a: Great Tusk|0 fnt\n|faint|p1a: Great Tusk\n|-end|p1a: Great Tusk|Protosynthesis|[silent]\n|-damage|p2a: Venusaur|91\/100|[from] item: Life Orb\n|\n|-weather|SunnyDay|[upkeep]\n|upkeep\n|\n|t:|1700369824\n|switch|p1a: Heatran|Heatran, M|100\/100\n|turn|6\n|\n|t:|1700369840\n|move|p2a: Venusaur|Earth Power|p1a: Heatran\n|-supereffective|p1a: Heatran\n|-damage|p1a: Heatran|0 fnt\n|faint|p1a: Heatran\n|-damage|p2a: Venusaur|81\/100|[from] item: Life Orb\n|\n|-weather|SunnyDay|[upkeep]\n|upkeep\n|-message|ws94dm forfeited.\n|\n|win|Ultrasadhere\n|raw|ws94dm's rating: 1132 &rarr; <strong>1110<\/strong><br \/>(-22 for losing)\n|raw|Ultrasadhere's rating: 1171 &rarr; <strong>1193<\/strong><br \/>(+22 for winning)\n|l|\u2606ws94dm\n","uploadtime":1700369851,"views":7,"p1id":"ws94dm","p2id":"ultrasadhere","formatid":"gen9nationaldex","rating":1110,"private":0,"password":""}