{"id":"gen9nationaldex-1996605974","p1":"Chimchar87","p2":"TheMuj","format":"[Gen 9] National Dex","log":"|html|<div class=\"broadcast-blue\"><strong>[Gen 9] National Dex is currently suspecting Sneasler! For information on how to participate check out the <a href=\"https:\/\/www.smogon.com\/forums\/threads\/sv-national-dex-suspect-8-just-dance.3731534\/\">suspect thread<\/a>.<\/strong><\/div>\n|j|\u2606Chimchar87\n|j|\u2606TheMuj\n|t:|1700699783\n|gametype|singles\n|player|p1|Chimchar87|nate|1061\n|player|p2|TheMuj|steven|1167\n|teamsize|p1|1\n|teamsize|p2|6\n|gen|9\n|tier|[Gen 9] National Dex\n|rated|\n|rule|HP Percentage Mod: HP is shown in percentages\n|rule|Endless Battle Clause: Forcing endless battles is banned\n|rule|OHKO Clause: OHKO moves are banned\n|rule|Evasion Clause: Evasion abilities, items, and moves are banned\n|rule|Evasion Abilities Clause: Evasion abilities are banned\n|rule|Evasion Items Clause: Evasion items are banned\n|rule|Evasion Moves Clause: Evasion moves are banned\n|rule|Species Clause: Limit one of each Pok\u00e9mon\n|rule|Sleep Clause Mod: Limit one foe put to sleep\n|clearpoke\n|poke|p1|Bidoof, M|\n|poke|p2|Beedrill, M|\n|poke|p2|Iron Moth|\n|poke|p2|Dracozolt|\n|poke|p2|Great Tusk|\n|poke|p2|Sneasler, F|\n|poke|p2|Iron Valiant|\n|teampreview\n|inactive|Battle timer is ON: inactive players will automatically lose when time's up. (requested by TheMuj)\n|inactive|Chimchar87 also wants the timer to be on.\n|c|\u2606TheMuj|oh no\n|c|\u2606Chimchar87|bidoof\n|c|\u2606TheMuj|god bidoof\n|c|\u2606TheMuj|i forfiet\n|c|\u2606Chimchar87|I actually named him God\n|\n|t:|1700699809\n|start\n|switch|p1a: God|Bidoof, M, shiny|100\/100\n|switch|p2a: Beedrill|Beedrill, M|100\/100\n|turn|1\n|c|\u2606Chimchar87|I'm not too good\n|c|\u2606Chimchar87|I'm not Tempt6 level good\n|c|\u2606TheMuj|im willing to lose elo t for u to win with him\n|c|\u2606TheMuj|just wait for timer to run out\n|c|\u2606Chimchar87|thanks\n|inactive|TheMuj has 120 seconds left.\n|inactive|TheMuj has 90 seconds left.\n|inactive|TheMuj has 60 seconds left.\n|inactive|TheMuj has 30 seconds left.\n|inactive|TheMuj has 20 seconds left.\n|inactive|TheMuj has 15 seconds left.\n|inactive|TheMuj has 10 seconds left.\n|inactive|TheMuj has 5 seconds left.\n|-message|TheMuj lost due to inactivity.\n|\n|win|Chimchar87\n|raw|Chimchar87's rating: 1061 &rarr; <strong>1101<\/strong><br \/>(+40 for winning)\n|raw|TheMuj's rating: 1167 &rarr; <strong>1135<\/strong><br \/>(-32 for losing)\n|c|\u2606TheMuj|gg\n|c|\u2606Chimchar87|gg\n|l|\u2606Chimchar87\n","uploadtime":1700699967,"views":20,"p1id":"chimchar87","p2id":"themuj","formatid":"gen9nationaldex","rating":1101,"private":0,"password":""}