{"id":"gen9nationaldex-1992005607","p1":"Raseninnegan","p2":"KarmaNightraide","format":"[Gen 9] National Dex","log":"|j|\u2606Raseninnegan\n|j|\u2606KarmaNightraide\n|t:|1700147050\n|gametype|singles\n|player|p1|Raseninnegan|170|1143\n|player|p2|KarmaNightraide|unknown|1193\n|teamsize|p1|6\n|teamsize|p2|6\n|gen|9\n|tier|[Gen 9] National Dex\n|rated|\n|rule|HP Percentage Mod: HP is shown in percentages\n|rule|Endless Battle Clause: Forcing endless battles is banned\n|rule|OHKO Clause: OHKO moves are banned\n|rule|Evasion Clause: Evasion abilities, items, and moves are banned\n|rule|Evasion Abilities Clause: Evasion abilities are banned\n|rule|Evasion Items Clause: Evasion items are banned\n|rule|Evasion Moves Clause: Evasion moves are banned\n|rule|Species Clause: Limit one of each Pok\u00e9mon\n|rule|Sleep Clause Mod: Limit one foe put to sleep\n|clearpoke\n|poke|p1|Metagross|\n|poke|p1|Zangoose, F|\n|poke|p1|Ampharos, M|\n|poke|p1|Haxorus, F|\n|poke|p1|Gardevoir, M|\n|poke|p1|Corviknight, M|\n|poke|p2|Basculegion-F, F|\n|poke|p2|Mimikyu, M|\n|poke|p2|Banette, F|\n|poke|p2|Polteageist-Antique|\n|poke|p2|Dhelmise|\n|poke|p2|Skeledirge, M|\n|teampreview\n|inactive|Battle timer is ON: inactive players will automatically lose when time's up. (requested by KarmaNightraide)\n|\n|t:|1700147061\n|start\n|switch|p1a: Will E. Peyote|Zangoose, F, shiny|100\/100\n|switch|p2a: Go to sleep...|Banette, F|100\/100\n|turn|1\n|c|\u2606KarmaNightraide|Ghosts only\n|c|\u2606KarmaNightraide|Best of luck\n|c|\u2606Raseninnegan|spoopy\n|c|\u2606KarmaNightraide|Thank you thank you\n|c|\u2606KarmaNightraide|Very spoopy\n|\n|t:|1700147088\n|detailschange|p2a: Go to sleep...|Banette-Mega, F\n|-mega|p2a: Go to sleep...|Banette|Banettite\n|move|p2a: Go to sleep...|Taunt|p1a: Will E. Peyote\n|-start|p1a: Will E. Peyote|move: Taunt\n|move|p1a: Will E. Peyote|Knock Off|p2a: Go to sleep...\n|-supereffective|p2a: Go to sleep...\n|-damage|p2a: Go to sleep...|32\/100\n|\n|-status|p1a: Will E. Peyote|tox|[from] item: Toxic Orb\n|upkeep\n|turn|2\n|c|\u2606KarmaNightraide|Ow\n|inactive|KarmaNightraide has 120 seconds left.\n|\n|t:|1700147108\n|move|p2a: Go to sleep...|Destiny Bond|p2a: Go to sleep...\n|-singlemove|p2a: Go to sleep...|Destiny Bond\n|move|p1a: Will E. Peyote|Knock Off|p2a: Go to sleep...\n|-supereffective|p2a: Go to sleep...\n|-damage|p2a: Go to sleep...|0 fnt\n|faint|p2a: Go to sleep...\n|-activate|p2a: Go to sleep...|move: Destiny Bond\n|faint|p1a: Will E. Peyote\n|\n|upkeep\n|inactive|KarmaNightraide has 120 seconds left.\n|c|\u2606Raseninnegan|soul 4 soul eh\n|c|\u2606KarmaNightraide|Never fought that guy before so I didn't know if you were gonna hazard or not\n|c|\u2606KarmaNightraide|Usually its OU abusers\n|inactive|KarmaNightraide has 90 seconds left.\n|\n|t:|1700147154\n|switch|p1a: Sade|Gardevoir, M, shiny|100\/100\n|switch|p2a: Wanna sip?|Polteageist-Antique|100\/100\n|turn|3\n|inactive|KarmaNightraide has 90 seconds left.\n|c|\u2606KarmaNightraide|Now\n|c|\u2606Raseninnegan|nah usually set up to spam facade but since its ghost I pulled back\n|c|\u2606KarmaNightraide|P o u r. T h e. T e a\n|\n|t:|1700147183\n|move|p1a: Sade|Trick|p2a: Wanna sip?\n|-activate|p1a: Sade|move: Trick|[of] p2a: Wanna sip?\n|-item|p2a: Wanna sip?|Choice Scarf|[from] move: Trick\n|-item|p1a: Sade|Focus Sash|[from] move: Trick\n|move|p2a: Wanna sip?|Shell Smash|p2a: Wanna sip?\n|-unboost|p2a: Wanna sip?|def|1\n|-unboost|p2a: Wanna sip?|spd|1\n|-boost|p2a: Wanna sip?|atk|2\n|-boost|p2a: Wanna sip?|spa|2\n|-boost|p2a: Wanna sip?|spe|2\n|\n|upkeep\n|turn|4\n|c|\u2606Raseninnegan|NOT TODAY\n|c|\u2606KarmaNightraide|Oh you're evil\n|c|\u2606Raseninnegan|YESSIR\n|inactive|KarmaNightraide has 60 seconds left.\n|\n|t:|1700147215\n|switch|p2a: Avast ye shitters|Dhelmise|100\/100\n|move|p1a: Sade|Psychic|p2a: Avast ye shitters\n|-damage|p2a: Avast ye shitters|37\/100\n|\n|upkeep\n|turn|5\n|\n|t:|1700147225\n|move|p1a: Sade|Psychic|p2a: Avast ye shitters\n|-damage|p2a: Avast ye shitters|0 fnt\n|faint|p2a: Avast ye shitters\n|\n|upkeep\n|\n|t:|1700147230\n|switch|p2a: Dundy|Skeledirge, M|100\/100\n|turn|6\n|inactive|KarmaNightraide has 60 seconds left.\n|c|\u2606Raseninnegan|this classy gal aint scared o ghosties\n|\n|t:|1700147253\n|-terastallize|p2a: Dundy|Fire\n|move|p2a: Dundy|Torch Song|p1a: Sade\n|-damage|p1a: Sade|59\/100\n|-boost|p2a: Dundy|spa|1\n|move|p1a: Sade|Psychic|p2a: Dundy\n|-damage|p2a: Dundy|46\/100\n|\n|-heal|p2a: Dundy|52\/100|[from] item: Leftovers\n|upkeep\n|turn|7\n|c|\u2606Raseninnegan|but i am scared of dundy\n|c|\u2606Raseninnegan|that guy is bulkyyy\n|c|\u2606KarmaNightraide|Dundyyyyy\n|inactive|KarmaNightraide has 30 seconds left.\n|c|\u2606KarmaNightraide|Lucky you I don't have runerigus on this team\n|inactive|KarmaNightraide has 20 seconds left.\n|c|\u2606KarmaNightraide|He's a wall that hits like a truck\n|inactive|KarmaNightraide has 15 seconds left.\n|\n|t:|1700147296\n|move|p2a: Dundy|Torch Song|p1a: Sade\n|-damage|p1a: Sade|0 fnt\n|-boost|p2a: Dundy|spa|1\n|faint|p1a: Sade\n|\n|-heal|p2a: Dundy|58\/100|[from] item: Leftovers\n|upkeep\n|inactive|KarmaNightraide has 20 seconds left this turn.\n|\n|t:|1700147314\n|switch|p1a: Ampharos|Ampharos, M, shiny|100\/100\n|turn|8\n|inactive|KarmaNightraide has 30 seconds left this turn.\n|c|\u2606KarmaNightraide|He's replacing Aegislash for now\n|inactive|KarmaNightraide has 20 seconds left.\n|c|\u2606KarmaNightraide|Trying out new stuff\n|inactive|KarmaNightraide has 15 seconds left.\n|\n|t:|1700147331\n|move|p2a: Dundy|Earth Power|p1a: Ampharos\n|-supereffective|p1a: Ampharos\n|-damage|p1a: Ampharos|0 fnt\n|faint|p1a: Ampharos\n|\n|-heal|p2a: Dundy|64\/100|[from] item: Leftovers\n|upkeep\n|inactive|KarmaNightraide has 20 seconds left this turn.\n|c|\u2606Raseninnegan|damn\n|\n|t:|1700147338\n|switch|p1a: Sangrust|Haxorus, F, shiny|100\/100\n|-ability|p1a: Sangrust|Mold Breaker\n|turn|9\n|inactive|KarmaNightraide has 30 seconds left this turn.\n|\n|t:|1700147348\n|-terastallize|p1a: Sangrust|Dragon\n|move|p1a: Sangrust|Scale Shot|p2a: Dundy\n|-damage|p2a: Dundy|45\/100\n|-damage|p2a: Dundy|26\/100\n|-damage|p2a: Dundy|8\/100\n|-damage|p2a: Dundy|0 fnt\n|faint|p2a: Dundy\n|-hitcount|p2: Dundy|4\n|-unboost|p1a: Sangrust|def|1\n|-boost|p1a: Sangrust|spe|1\n|\n|upkeep\n|inactive|KarmaNightraide has 30 seconds left this turn.\n|c|\u2606Raseninnegan|desperate times call for desperate measures\n|inactive|KarmaNightraide has 20 seconds left.\n|c|\u2606KarmaNightraide|Ow\n|inactive|KarmaNightraide has 15 seconds left.\n|c|\u2606KarmaNightraide|Now you must face the sack\n|inactive|KarmaNightraide has 10 seconds left.\n|\n|t:|1700147369\n|switch|p2a: Lil guy my man|Mimikyu, M|100\/100\n|turn|10\n|inactive|KarmaNightraide has 20 seconds left this turn.\n|\n|t:|1700147376\n|move|p1a: Sangrust|Poison Jab|p2a: Lil guy my man\n|-damage|p2a: Lil guy my man|50\/100\n|-status|p2a: Lil guy my man|psn\n|move|p2a: Lil guy my man|Play Rough|p1a: Sangrust\n|-supereffective|p1a: Sangrust\n|-crit|p1a: Sangrust\n|-damage|p1a: Sangrust|0 fnt\n|faint|p1a: Sangrust\n|-damage|p2a: Lil guy my man|40\/100 psn|[from] item: Life Orb\n|\n|-damage|p2a: Lil guy my man|28\/100 psn|[from] psn\n|upkeep\n|inactive|KarmaNightraide has 25 seconds left this turn.\n|c|\u2606Raseninnegan|oof\n|\n|t:|1700147389\n|switch|p1a: Steel Wing|Corviknight, M, shiny|100\/100\n|-ability|p1a: Steel Wing|Pressure\n|turn|11\n|c|\u2606KarmaNightraide|Lil guy? My man\n|inactive|KarmaNightraide has 30 seconds left.\n|inactive|KarmaNightraide has 20 seconds left.\n|\n|t:|1700147405\n|move|p2a: Lil guy my man|Swords Dance|p2a: Lil guy my man\n|-boost|p2a: Lil guy my man|atk|2\n|move|p1a: Steel Wing|Bulk Up|p1a: Steel Wing\n|-boost|p1a: Steel Wing|atk|1\n|-boost|p1a: Steel Wing|def|1\n|\n|-damage|p2a: Lil guy my man|16\/100 psn|[from] psn\n|upkeep\n|turn|12\n|inactive|KarmaNightraide has 30 seconds left this turn.\n|c|\u2606Raseninnegan|lil guy is big where it counts\n|c|\u2606Raseninnegan|unfortunately for him time aint on his side\n|c|\u2606Raseninnegan|CALL A DOCTOR\n|\n|t:|1700147426\n|move|p2a: Lil guy my man|Drain Punch|p1a: Steel Wing\n|-crit|p1a: Steel Wing\n|-damage|p1a: Steel Wing|34\/100\n|-heal|p2a: Lil guy my man|60\/100 psn|[from] drain|[of] p1a: Steel Wing\n|-damage|p2a: Lil guy my man|50\/100 psn|[from] item: Life Orb\n|move|p1a: Steel Wing|Bulk Up|p1a: Steel Wing\n|-boost|p1a: Steel Wing|atk|1\n|-boost|p1a: Steel Wing|def|1\n|\n|-heal|p1a: Steel Wing|40\/100|[from] item: Leftovers\n|-damage|p2a: Lil guy my man|38\/100 psn|[from] psn\n|upkeep\n|turn|13\n|c|\u2606KarmaNightraide|Hm\n|inactive|KarmaNightraide has 30 seconds left.\n|c|\u2606KarmaNightraide|No need when I can slurp\n|inactive|KarmaNightraide has 20 seconds left.\n|c|\u2606KarmaNightraide|Jimmy my health back\n|inactive|Raseninnegan has 120 seconds left.\n|inactive|KarmaNightraide has 15 seconds left.\n|\n|t:|1700147450\n|move|p2a: Lil guy my man|Swords Dance|p2a: Lil guy my man\n|-boost|p2a: Lil guy my man|atk|2\n|move|p1a: Steel Wing|Brave Bird|p2a: Lil guy my man\n|-activate|p2a: Lil guy my man|ability: Disguise\n|-damage|p2a: Lil guy my man|38\/100 psn\n|detailschange|p2a: Lil guy my man|Mimikyu-Busted, M\n|-damage|p2a: Lil guy my man|25\/100 psn|[from] pokemon: Mimikyu-Busted\n|\n|-heal|p1a: Steel Wing|46\/100|[from] item: Leftovers\n|-damage|p2a: Lil guy my man|13\/100 psn|[from] psn\n|upkeep\n|turn|14\n|inactive|KarmaNightraide has 25 seconds left this turn.\n|inactive|KarmaNightraide has 20 seconds left.\n|inactive|Raseninnegan has 120 seconds left.\n|inactive|KarmaNightraide has 15 seconds left.\n|\n|t:|1700147463\n|move|p2a: Lil guy my man|Drain Punch|p1a: Steel Wing\n|-damage|p1a: Steel Wing|16\/100\n|-heal|p2a: Lil guy my man|34\/100 psn|[from] drain|[of] p1a: Steel Wing\n|-damage|p2a: Lil guy my man|24\/100 psn|[from] item: Life Orb\n|move|p1a: Steel Wing|Bulk Up|p1a: Steel Wing\n|-boost|p1a: Steel Wing|atk|1\n|-boost|p1a: Steel Wing|def|1\n|\n|-heal|p1a: Steel Wing|22\/100|[from] item: Leftovers\n|-damage|p2a: Lil guy my man|12\/100 psn|[from] psn\n|upkeep\n|turn|15\n|inactive|KarmaNightraide has 25 seconds left this turn.\n|inactive|KarmaNightraide has 20 seconds left.\n|c|\u2606Raseninnegan|yus\n|inactive|Raseninnegan has 120 seconds left.\n|inactive|KarmaNightraide has 15 seconds left.\n|\n|t:|1700147480\n|move|p2a: Lil guy my man|Drain Punch|p1a: Steel Wing\n|-damage|p1a: Steel Wing|0 fnt\n|-heal|p2a: Lil guy my man|26\/100 psn|[from] drain|[of] p1a: Steel Wing\n|faint|p1a: Steel Wing\n|-damage|p2a: Lil guy my man|16\/100 psn|[from] item: Life Orb\n|\n|-damage|p2a: Lil guy my man|4\/100 psn|[from] psn\n|upkeep\n|inactive|KarmaNightraide has 20 seconds left this turn.\n|c|\u2606KarmaNightraide|Beefy bird\n|c|\u2606Raseninnegan|indeed he is\n|\n|t:|1700147494\n|switch|p1a: Steely Dan|Metagross, shiny|100\/100\n|turn|16\n|inactive|KarmaNightraide has 30 seconds left this turn.\n|c|\u2606KarmaNightraide|Wheres a tinkaton when you need her\n|inactive|KarmaNightraide has 20 seconds left.\n|c|\u2606Raseninnegan|this will make or break the game\n|inactive|KarmaNightraide has 15 seconds left.\n|inactive|KarmaNightraide has 10 seconds left.\n|\n|t:|1700147516\n|move|p2a: Lil guy my man|Drain Punch|p1a: Steely Dan\n|-damage|p1a: Steely Dan|34\/100\n|-heal|p2a: Lil guy my man|44\/100 psn|[from] drain|[of] p1a: Steely Dan\n|-damage|p2a: Lil guy my man|34\/100 psn|[from] item: Life Orb\n|move|p1a: Steely Dan|Agility|p1a: Steely Dan\n|-boost|p1a: Steely Dan|spe|2\n|\n|-damage|p2a: Lil guy my man|22\/100 psn|[from] psn\n|upkeep\n|turn|17\n|inactive|KarmaNightraide has 20 seconds left this turn.\n|inactive|KarmaNightraide has 15 seconds left.\n|inactive|KarmaNightraide has 10 seconds left.\n|c|\u2606Raseninnegan|looks like it made\n|\n|t:|1700147529\n|move|p2a: Lil guy my man|Shadow Sneak|p1a: Steely Dan\n|-supereffective|p1a: Steely Dan\n|-damage|p1a: Steely Dan|0 fnt\n|faint|p1a: Steely Dan\n|-damage|p2a: Lil guy my man|12\/100 psn|[from] item: Life Orb\n|\n|win|KarmaNightraide\n|inactive|KarmaNightraide has 15 seconds left this turn.\n|raw|Raseninnegan's rating: 1143 &rarr; <strong>1122<\/strong><br \/>(-21 for losing)\n|raw|KarmaNightraide's rating: 1193 &rarr; <strong>1214<\/strong><br \/>(+21 for winning)\n|c|\u2606Raseninnegan|rip\n|c|\u2606KarmaNightraide|S a c k\n|c|\u2606Raseninnegan|gg\n|c|\u2606Raseninnegan|run it back?\n|c|\u2606KarmaNightraide|That was fun\n|c|\u2606KarmaNightraide|Friends?\n|c|\u2606Raseninnegan|yeah friends!\n|c|\u2606KarmaNightraide|Got discord by chance?\n|c|\u2606Raseninnegan|yeah\n|c|\u2606Raseninnegan|its actually ironic lol\n|c|\u2606KarmaNightraide|KarmaNightraide\n|c|\u2606KarmaNightraide|What i\n|c|\u2606KarmaNightraide|*is?\n|c|\u2606Raseninnegan|my discord name has phantom in it lmao\n","uploadtime":1700147597,"views":6,"p1id":"raseninnegan","p2id":"karmanightraide","formatid":"gen9nationaldex","rating":1122,"private":0,"password":""}