{"id":"gen9nationaldex-1988070875","p1":"TreinadorDeMemes","p2":"Hyperionnn","format":"[Gen 9] National Dex","log":"|j|\u2606TreinadorDeMemes\n|j|\u2606Hyperionnn\n|t:|1699665960\n|gametype|singles\n|player|p1|TreinadorDeMemes|barry|1146\n|player|p2|Hyperionnn|crasherwake|1192\n|teamsize|p1|6\n|teamsize|p2|6\n|gen|9\n|tier|[Gen 9] National Dex\n|rated|\n|rule|HP Percentage Mod: HP is shown in percentages\n|rule|Endless Battle Clause: Forcing endless battles is banned\n|rule|OHKO Clause: OHKO moves are banned\n|rule|Evasion Clause: Evasion abilities, items, and moves are banned\n|rule|Evasion Abilities Clause: Evasion abilities are banned\n|rule|Evasion Items Clause: Evasion items are banned\n|rule|Evasion Moves Clause: Evasion moves are banned\n|rule|Species Clause: Limit one of each Pok\u00e9mon\n|rule|Sleep Clause Mod: Limit one foe put to sleep\n|clearpoke\n|poke|p1|Scrafty, M|\n|poke|p1|Frosmoth, F|\n|poke|p1|Toxtricity, M|\n|poke|p1|Sableye, F|\n|poke|p1|Pyukumuku, M|\n|poke|p1|Shuckle, F|\n|poke|p2|Blastoise, M|\n|poke|p2|Sableye, M|\n|poke|p2|Clefable, F|\n|poke|p2|Ambipom, M|\n|poke|p2|Slowbro, M|\n|poke|p2|Mamoswine, M|\n|teampreview\n|\n|t:|1699665967\n|start\n|switch|p1a: Shuckle|Shuckle, F|100\/100\n|switch|p2a: Taco Bell|Sableye, M|100\/100\n|turn|1\n|\n|t:|1699665990\n|detailschange|p2a: Taco Bell|Sableye-Mega, M\n|-mega|p2a: Taco Bell|Sableye|Sablenite\n|move|p2a: Taco Bell|Toxic|p1a: Shuckle\n|-status|p1a: Shuckle|tox\n|move|p1a: Shuckle|Sticky Web|p2a: Taco Bell\n|move|p2a: Taco Bell|Sticky Web|p1a: Shuckle|[from]ability: Magic Bounce\n|-sidestart|p1: TreinadorDeMemes|move: Sticky Web\n|\n|-damage|p1a: Shuckle|94\/100 tox|[from] psn\n|upkeep\n|turn|2\n|-message|TreinadorDeMemes forfeited.\n|\n|win|Hyperionnn\n|raw|TreinadorDeMemes's rating: 1146 &rarr; <strong>1124<\/strong><br \/>(-22 for losing)\n|raw|Hyperionnn's rating: 1192 &rarr; <strong>1214<\/strong><br \/>(+22 for winning)\n|l|\u2606TreinadorDeMemes\n","uploadtime":1699666007,"views":36,"p1id":"treinadordememes","p2id":"hyperionnn","formatid":"gen9nationaldex","rating":1124,"private":0,"password":""}