{"id":"gen9nationaldex-1991957157","p1":"angelrd","p2":"registeelflygon","format":"[Gen 9] National Dex","log":"|j|\u2606angelrd\n|j|\u2606registeelflygon\n|t:|1700142419\n|gametype|singles\n|player|p1|angelrd|hoopster|1126\n|player|p2|registeelflygon|lance|1185\n|teamsize|p1|6\n|teamsize|p2|6\n|gen|9\n|tier|[Gen 9] National Dex\n|rated|\n|rule|HP Percentage Mod: HP is shown in percentages\n|rule|Endless Battle Clause: Forcing endless battles is banned\n|rule|OHKO Clause: OHKO moves are banned\n|rule|Evasion Clause: Evasion abilities, items, and moves are banned\n|rule|Evasion Abilities Clause: Evasion abilities are banned\n|rule|Evasion Items Clause: Evasion items are banned\n|rule|Evasion Moves Clause: Evasion moves are banned\n|rule|Species Clause: Limit one of each Pok\u00e9mon\n|rule|Sleep Clause Mod: Limit one foe put to sleep\n|clearpoke\n|poke|p1|Whimsicott, F|\n|poke|p1|Kommo-o, F|\n|poke|p1|Aerodactyl, M|\n|poke|p1|Porygon-Z|\n|poke|p1|Gyarados, M|\n|poke|p1|Gallade, M|\n|poke|p2|Dragonite, F|\n|poke|p2|Charizard, F|\n|poke|p2|Noivern, M|\n|poke|p2|Kommo-o, M|\n|poke|p2|Duraludon, F|\n|poke|p2|Kyurem|\n|teampreview\n|inactive|Battle timer is ON: inactive players will automatically lose when time's up. (requested by angelrd)\n|\n|t:|1700142449\n|start\n|switch|p1a: Aerodactyl|Aerodactyl, M|100\/100\n|switch|p2a: Kyurem|Kyurem|100\/100\n|-ability|p2a: Kyurem|Pressure\n|turn|1\n|\n|t:|1700142462\n|switch|p2a: Duraludon|Duraludon, F|100\/100\n|move|p1a: Aerodactyl|Stealth Rock|p2a: Duraludon\n|-sidestart|p2: registeelflygon|move: Stealth Rock\n|\n|upkeep\n|turn|2\n|\n|t:|1700142477\n|move|p1a: Aerodactyl|Earthquake|p2a: Duraludon\n|-supereffective|p2a: Duraludon\n|-damage|p2a: Duraludon|36\/100\n|move|p2a: Duraludon|Thunderbolt|p1a: Aerodactyl\n|-supereffective|p1a: Aerodactyl\n|-enditem|p1a: Aerodactyl|Focus Sash\n|-damage|p1a: Aerodactyl|1\/100\n|\n|upkeep\n|turn|3\n|\n|t:|1700142487\n|switch|p2a: Dragonite|Dragonite, F|100\/100\n|-damage|p2a: Dragonite|76\/100|[from] Stealth Rock\n|move|p1a: Aerodactyl|Earthquake|p2a: Dragonite\n|-immune|p2a: Dragonite\n|\n|upkeep\n|turn|4\n|\n|t:|1700142502\n|move|p2a: Dragonite|Extreme Speed|p1a: Aerodactyl\n|-resisted|p1a: Aerodactyl\n|-damage|p1a: Aerodactyl|0 fnt\n|faint|p1a: Aerodactyl\n|\n|upkeep\n|\n|t:|1700142506\n|switch|p1a: Porygon-Z|Porygon-Z|100\/100\n|turn|5\n|\n|t:|1700142512\n|move|p1a: Porygon-Z|Ice Beam|p2a: Dragonite\n|-supereffective|p2a: Dragonite\n|-damage|p2a: Dragonite|0 fnt\n|faint|p2a: Dragonite\n|\n|upkeep\n|\n|t:|1700142517\n|switch|p2a: Kommo-o|Kommo-o, M|100\/100\n|-damage|p2a: Kommo-o|94\/100|[from] Stealth Rock\n|turn|6\n|\n|t:|1700142537\n|move|p1a: Porygon-Z|Ice Beam|p2a: Kommo-o\n|-supereffective|p2a: Kommo-o\n|-damage|p2a: Kommo-o|16\/100\n|move|p2a: Kommo-o|Clangorous Soul||[still]\n|-fail|p2a: Kommo-o\n|\n|upkeep\n|turn|7\n|-message|registeelflygon forfeited.\n|\n|win|angelrd\n|raw|angelrd's rating: 1142 &rarr; <strong>1170<\/strong><br \/>(+28 for winning)\n|raw|registeelflygon's rating: 1185 &rarr; <strong>1157<\/strong><br \/>(-28 for losing)\n|l|\u2606registeelflygon\n","uploadtime":1700142545,"views":5,"p1id":"angelrd","p2id":"registeelflygon","formatid":"gen9nationaldex","rating":1157,"private":0,"password":""}