{"id":"gen9nationaldex-1990463230","p1":"WOAINI2024","p2":"elvisma","format":"[Gen 9] National Dex","log":"|j|\u2606WOAINI2024\n|j|\u2606elvisma\n|t:|1699973304\n|gametype|singles\n|player|p1|WOAINI2024|bugsy|1567\n|player|p2|elvisma|red-masters|1648\n|teamsize|p1|6\n|teamsize|p2|6\n|gen|9\n|tier|[Gen 9] National Dex\n|rated|\n|rule|HP Percentage Mod: HP is shown in percentages\n|rule|Endless Battle Clause: Forcing endless battles is banned\n|rule|OHKO Clause: OHKO moves are banned\n|rule|Evasion Clause: Evasion abilities, items, and moves are banned\n|rule|Evasion Abilities Clause: Evasion abilities are banned\n|rule|Evasion Items Clause: Evasion items are banned\n|rule|Evasion Moves Clause: Evasion moves are banned\n|rule|Species Clause: Limit one of each Pok\u00e9mon\n|rule|Sleep Clause Mod: Limit one foe put to sleep\n|clearpoke\n|poke|p1|Tapu Koko|\n|poke|p1|Iron Valiant|\n|poke|p1|Moltres|\n|poke|p1|Ting-Lu|\n|poke|p1|Ogerpon-Wellspring, F|\n|poke|p1|Sneasler, F|\n|poke|p2|Azelf|\n|poke|p2|Charizard, M|\n|poke|p2|Ribombee, M|\n|poke|p2|Great Tusk|\n|poke|p2|Ogerpon-Wellspring, F|\n|poke|p2|Victini|\n|teampreview\n|inactive|Battle timer is ON: inactive players will automatically lose when time's up. (requested by WOAINI2024)\n|\n|t:|1699973328\n|start\n|switch|p1a: Tapu Koko|Tapu Koko|100\/100\n|switch|p2a: V create spam|Victini|100\/100\n|-fieldstart|move: Electric Terrain|[from] ability: Electric Surge|[of] p1a: Tapu Koko\n|turn|1\n|-message|WOAINI2024 forfeited.\n|\n|win|elvisma\n|raw|WOAINI2024's rating: 1567 &rarr; <strong>1552<\/strong><br \/>(-15 for losing)\n|raw|elvisma's rating: 1648 &rarr; <strong>1663<\/strong><br \/>(+15 for winning)\n|l|\u2606WOAINI2024\n","uploadtime":1699973350,"views":6,"p1id":"woaini2024","p2id":"elvisma","formatid":"gen9nationaldex","rating":1552,"private":0,"password":""}