{"id":"gen9nationaldex-1991694402","p1":"nijika1001","p2":"yuzhibo","format":"[Gen 9] National Dex","log":"|j|\u2606nijika1001\n|j|\u2606yuzhibo\n|t:|1700103536\n|gametype|singles\n|player|p1|nijika1001|102|1394\n|player|p2|yuzhibo|169|1351\n|teamsize|p1|6\n|teamsize|p2|6\n|gen|9\n|tier|[Gen 9] National Dex\n|rated|\n|rule|HP Percentage Mod: HP is shown in percentages\n|rule|Endless Battle Clause: Forcing endless battles is banned\n|rule|OHKO Clause: OHKO moves are banned\n|rule|Evasion Clause: Evasion abilities, items, and moves are banned\n|rule|Evasion Abilities Clause: Evasion abilities are banned\n|rule|Evasion Items Clause: Evasion items are banned\n|rule|Evasion Moves Clause: Evasion moves are banned\n|rule|Species Clause: Limit one of each Pok\u00e9mon\n|rule|Sleep Clause Mod: Limit one foe put to sleep\n|clearpoke\n|poke|p1|Diancie|\n|poke|p1|Slowking-Galar, F|\n|poke|p1|Zapdos|\n|poke|p1|Dragonite, F|\n|poke|p1|Bisharp, M|\n|poke|p1|Blaziken, M|\n|poke|p2|Weezing-Galar, M|\n|poke|p2|Alomomola, F|\n|poke|p2|Banette, M|\n|poke|p2|Xurkitree|\n|poke|p2|Kartana|\n|poke|p2|Corviknight, M|\n|teampreview\n|\n|t:|1700103565\n|start\n|switch|p1a: Bisharp|Bisharp, M|100\/100\n|switch|p2a: Corviknight|Corviknight, M, shiny|100\/100\n|turn|1\n|\n|t:|1700103582\n|-terastallize|p1a: Bisharp|Fairy\n|move|p1a: Bisharp|Swords Dance|p1a: Bisharp\n|-boost|p1a: Bisharp|atk|2\n|move|p2a: Corviknight|Tailwind|p2a: Corviknight\n|-sidestart|p2: yuzhibo|move: Tailwind\n|\n|upkeep\n|turn|2\n|\n|t:|1700103593\n|move|p2a: Corviknight|U-turn|p1a: Bisharp\n|-resisted|p1a: Bisharp\n|-damage|p1a: Bisharp|95\/100\n|\n|t:|1700103605\n|switch|p2a: Banette|Banette, M, shiny|100\/100|[from] U-turn\n|-item|p1a: Bisharp|Eviolite|[from] ability: Frisk|[of] p2a: Banette|[identify]\n|move|p1a: Bisharp|Knock Off|p2a: Banette\n|-supereffective|p2a: Banette\n|-damage|p2a: Banette|0 fnt\n|faint|p2a: Banette\n|\n|upkeep\n|\n|t:|1700103615\n|switch|p2a: Kartana|Kartana|100\/100\n|turn|3\n|\n|t:|1700103620\n|move|p1a: Bisharp|Sucker Punch|p2a: Kartana\n|-damage|p2a: Kartana|14\/100\n|move|p2a: Kartana|Smart Strike|p1a: Bisharp\n|-supereffective|p1a: Bisharp\n|-damage|p1a: Bisharp|9\/100\n|-damage|p2a: Kartana|4\/100|[from] item: Life Orb\n|\n|upkeep\n|turn|4\n|\n|t:|1700103636\n|switch|p2a: Corviknight|Corviknight, M, shiny|100\/100\n|move|p1a: Bisharp|Knock Off|p2a: Corviknight\n|-crit|p2a: Corviknight\n|-damage|p2a: Corviknight|0 fnt\n|-damage|p1a: Bisharp|0 fnt|[from] item: Rocky Helmet|[of] p2a: Corviknight\n|faint|p2a: Corviknight\n|faint|p1a: Bisharp\n|\n|-sideend|p2: yuzhibo|move: Tailwind\n|upkeep\n|-message|yuzhibo forfeited.\n|\n|win|nijika1001\n|raw|nijika1001's rating: 1394 &rarr; <strong>1412<\/strong><br \/>(+18 for winning)\n|raw|yuzhibo's rating: 1351 &rarr; <strong>1333<\/strong><br \/>(-18 for losing)\n|l|\u2606yuzhibo\n","uploadtime":1700103654,"views":5,"p1id":"nijika1001","p2id":"yuzhibo","formatid":"gen9nationaldex","rating":1333,"private":0,"password":""}