{"id":"gen9nationaldex-1989106720","p1":"moongo","p2":"rax lemon","format":"[Gen 9] National Dex","log":"|j|\u2606moongo\n|j|\u2606rax lemon\n|t:|1699812906\n|gametype|singles\n|player|p1|moongo|pokemonranger|1489\n|player|p2|rax lemon|juan|1358\n|teamsize|p1|6\n|teamsize|p2|6\n|gen|9\n|tier|[Gen 9] National Dex\n|rated|\n|rule|HP Percentage Mod: HP is shown in percentages\n|rule|Endless Battle Clause: Forcing endless battles is banned\n|rule|OHKO Clause: OHKO moves are banned\n|rule|Evasion Clause: Evasion abilities, items, and moves are banned\n|rule|Evasion Abilities Clause: Evasion abilities are banned\n|rule|Evasion Items Clause: Evasion items are banned\n|rule|Evasion Moves Clause: Evasion moves are banned\n|rule|Species Clause: Limit one of each Pok\u00e9mon\n|rule|Sleep Clause Mod: Limit one foe put to sleep\n|clearpoke\n|poke|p1|Sableye, M|\n|poke|p1|Dondozo, M|\n|poke|p1|Gliscor, M|\n|poke|p1|Latias, F|\n|poke|p1|Corviknight, F|\n|poke|p1|Clodsire, F|\n|poke|p2|Nihilego|\n|poke|p2|Bewear, M|\n|poke|p2|Reuniclus, M|\n|poke|p2|Kartana|\n|poke|p2|Claydol|\n|poke|p2|Mawile, F|\n|teampreview\n|inactive|Battle timer is ON: inactive players will automatically lose when time's up. (requested by rax lemon)\n|\n|t:|1699812911\n|start\n|switch|p1a: Sableye|Sableye, M|100\/100\n|switch|p2a: Nihilego|Nihilego, shiny|100\/100\n|turn|1\n|\n|t:|1699812921\n|switch|p2a: Kartana|Kartana, shiny|100\/100\n|detailschange|p1a: Sableye|Sableye-Mega, M\n|-mega|p1a: Sableye|Sableye|Sablenite\n|move|p1a: Sableye|Will-O-Wisp|p2a: Kartana\n|-status|p2a: Kartana|brn\n|\n|-damage|p2a: Kartana|94\/100 brn|[from] brn\n|upkeep\n|turn|2\n|\n|t:|1699812932\n|switch|p2a: Nihilego|Nihilego, shiny|100\/100\n|move|p1a: Sableye|Foul Play|p2a: Nihilego\n|-damage|p2a: Nihilego|77\/100\n|\n|upkeep\n|turn|3\n|\n|t:|1699812939\n|switch|p1a: Clodsire|Clodsire, F|100\/100\n|move|p2a: Nihilego|Meteor Beam||[still]\n|-prepare|p2a: Nihilego|Meteor Beam\n|-boost|p2a: Nihilego|spa|1\n|-enditem|p2a: Nihilego|Power Herb\n|-anim|p2a: Nihilego|Meteor Beam|p1a: Clodsire\n|-resisted|p1a: Clodsire\n|-damage|p1a: Clodsire|84\/100\n|\n|upkeep\n|turn|4\n|\n|t:|1699812950\n|switch|p2a: Reuniclus|Reuniclus, M|100\/100\n|move|p1a: Clodsire|Earthquake|p2a: Reuniclus\n|-damage|p2a: Reuniclus|72\/100\n|\n|upkeep\n|turn|5\n|\n|t:|1699812957\n|switch|p1a: Sableye|Sableye-Mega, M|100\/100\n|move|p2a: Reuniclus|Psychic|p1a: Sableye\n|-immune|p1a: Sableye\n|\n|upkeep\n|turn|6\n|-message|rax lemon forfeited.\n|\n|win|moongo\n|raw|moongo's rating: 1489 &rarr; <strong>1502<\/strong><br \/>(+13 for winning)\n|raw|rax lemon's rating: 1358 &rarr; <strong>1345<\/strong><br \/>(-13 for losing)\n|l|\u2606rax lemon\n|l|\u2606moongo\n","uploadtime":1699813156,"views":4,"p1id":"moongo","p2id":"raxlemon","formatid":"gen9nationaldex","rating":1345,"private":0,"password":""}