{"id":"gen9nationaldex-1992916999","p1":"Xenonishere","p2":"Emperor Dave420xx","format":"[Gen 9] National Dex","log":"|j|\u2606Xenonishere\n|j|\u2606Emperor Dave420xx\n|t:|1700246615\n|gametype|singles\n|player|p1|Xenonishere|n|1061\n|player|p2|Emperor Dave420xx|red-masters|1063\n|teamsize|p1|6\n|teamsize|p2|6\n|gen|9\n|tier|[Gen 9] National Dex\n|rated|\n|rule|HP Percentage Mod: HP is shown in percentages\n|rule|Endless Battle Clause: Forcing endless battles is banned\n|rule|OHKO Clause: OHKO moves are banned\n|rule|Evasion Clause: Evasion abilities, items, and moves are banned\n|rule|Evasion Abilities Clause: Evasion abilities are banned\n|rule|Evasion Items Clause: Evasion items are banned\n|rule|Evasion Moves Clause: Evasion moves are banned\n|rule|Species Clause: Limit one of each Pok\u00e9mon\n|rule|Sleep Clause Mod: Limit one foe put to sleep\n|clearpoke\n|poke|p1|Wailord, M|\n|poke|p1|Politoed, F|\n|poke|p1|Barraskewda, M|\n|poke|p1|Kingdra, M|\n|poke|p1|Barbaracle, M|\n|poke|p1|Swampert, M|\n|poke|p2|Jolteon, M|\n|poke|p2|Scyther, F|\n|poke|p2|Tentacruel, M|\n|poke|p2|Snorlax, M|\n|poke|p2|Machamp, M|\n|poke|p2|Charizard, M|\n|teampreview\n|inactive|Battle timer is ON: inactive players will automatically lose when time's up. (requested by Xenonishere)\n|\n|t:|1700246634\n|start\n|switch|p1a: Barbaracle|Barbaracle, M|100\/100\n|switch|p2a: Jolteon|Jolteon, M|100\/100\n|-item|p2a: Jolteon|Air Balloon\n|turn|1\n|\n|t:|1700246662\n|-terastallize|p2a: Jolteon|Electric\n|move|p2a: Jolteon|Discharge|p1a: Barbaracle\n|-supereffective|p1a: Barbaracle\n|-damage|p1a: Barbaracle|0 fnt\n|faint|p1a: Barbaracle\n|\n|upkeep\n|inactive|Xenonishere has 120 seconds left.\n|\n|t:|1700246675\n|switch|p1a: Swampert|Swampert, M|100\/100\n|turn|2\n|inactive|Xenonishere has 120 seconds left.\n|\n|t:|1700246704\n|detailschange|p1a: Swampert|Swampert-Mega, M\n|-mega|p1a: Swampert|Swampert|Swampertite\n|move|p2a: Jolteon|Toxic|p1a: Swampert\n|-status|p1a: Swampert|tox\n|move|p1a: Swampert|Earthquake|p2a: Jolteon\n|-immune|p2a: Jolteon\n|\n|-damage|p1a: Swampert|94\/100 tox|[from] psn\n|upkeep\n|turn|3\n|\n|t:|1700246728\n|move|p2a: Jolteon|Shadow Ball|p1a: Swampert\n|-damage|p1a: Swampert|76\/100 tox\n|move|p1a: Swampert|Darkest Lariat|p2a: Jolteon\n|-damage|p2a: Jolteon|29\/100\n|-enditem|p2a: Jolteon|Air Balloon\n|\n|-damage|p1a: Swampert|64\/100 tox|[from] psn\n|upkeep\n|turn|4\n|inactive|Xenonishere has 90 seconds left.\n|\n|t:|1700246757\n|switch|p2a: Scyther|Scyther, F|100\/100\n|move|p1a: Swampert|Darkest Lariat|p2a: Scyther\n|-damage|p2a: Scyther|66\/100\n|\n|-damage|p1a: Swampert|45\/100 tox|[from] psn\n|upkeep\n|turn|5\n|inactive|Xenonishere has 90 seconds left.\n|inactive|Xenonishere has 60 seconds left.\n|-message|Xenonishere forfeited.\n|\n|win|Emperor Dave420xx\n|raw|Xenonishere's rating: 1061 &rarr; <strong>1042<\/strong><br \/>(-19 for losing)\n|raw|Emperor Dave420xx's rating: 1063 &rarr; <strong>1093<\/strong><br \/>(+30 for winning)\n|l|\u2606Xenonishere\n","uploadtime":1700246811,"views":6,"p1id":"xenonishere","p2id":"emperordave420xx","formatid":"gen9nationaldex","rating":1042,"private":0,"password":""}