{"id":"gen9nationaldex-1996594380","p1":"Frffttttttt","p2":"JustGonerSire","format":"[Gen 9] National Dex","log":"|html|<div class=\"broadcast-blue\"><strong>[Gen 9] National Dex is currently suspecting Sneasler! For information on how to participate check out the <a href=\"https:\/\/www.smogon.com\/forums\/threads\/sv-national-dex-suspect-8-just-dance.3731534\/\">suspect thread<\/a>.<\/strong><\/div>\n|j|\u2606Frffttttttt\n|j|\u2606JustGonerSire\n|t:|1700698371\n|gametype|singles\n|player|p1|Frffttttttt|102|1054\n|player|p2|JustGonerSire|1|1005\n|teamsize|p1|1\n|teamsize|p2|6\n|gen|9\n|tier|[Gen 9] National Dex\n|rated|\n|rule|HP Percentage Mod: HP is shown in percentages\n|rule|Endless Battle Clause: Forcing endless battles is banned\n|rule|OHKO Clause: OHKO moves are banned\n|rule|Evasion Clause: Evasion abilities, items, and moves are banned\n|rule|Evasion Abilities Clause: Evasion abilities are banned\n|rule|Evasion Items Clause: Evasion items are banned\n|rule|Evasion Moves Clause: Evasion moves are banned\n|rule|Species Clause: Limit one of each Pok\u00e9mon\n|rule|Sleep Clause Mod: Limit one foe put to sleep\n|clearpoke\n|poke|p1|Polteageist|\n|poke|p2|Toxapex, F|\n|poke|p2|Garganacl, F|\n|poke|p2|Ferrothorn, F|\n|poke|p2|Clodsire, F|\n|poke|p2|Gyarados, F|\n|poke|p2|Sneasler, F|\n|teampreview\n|inactive|Battle timer is ON: inactive players will automatically lose when time's up. (requested by Frffttttttt)\n|\n|t:|1700698381\n|start\n|switch|p1a: Polteageist|Polteageist, shiny|100\/100\n|switch|p2a: Clodsire|Clodsire, F|100\/100\n|turn|1\n|\n|t:|1700698388\n|move|p1a: Polteageist|Shell Smash|p1a: Polteageist\n|-unboost|p1a: Polteageist|def|1\n|-unboost|p1a: Polteageist|spd|1\n|-boost|p1a: Polteageist|atk|2\n|-boost|p1a: Polteageist|spa|2\n|-boost|p1a: Polteageist|spe|2\n|move|p2a: Clodsire|Toxic|p1a: Polteageist\n|-status|p1a: Polteageist|tox\n|\n|-damage|p1a: Polteageist|94\/100 tox|[from] psn\n|upkeep\n|turn|2\n|\n|t:|1700698398\n|move|p1a: Polteageist|Stored Power|p2a: Clodsire\n|-supereffective|p2a: Clodsire\n|-damage|p2a: Clodsire|41\/100\n|move|p2a: Clodsire|Stockpile|p2a: Clodsire\n|-start|p2a: Clodsire|stockpile1\n|-boost|p2a: Clodsire|def|1\n|-boost|p2a: Clodsire|spd|1\n|\n|-heal|p2a: Clodsire|48\/100|[from] item: Leftovers\n|-damage|p1a: Polteageist|82\/100 tox|[from] psn\n|upkeep\n|turn|3\n|\n|t:|1700698409\n|move|p1a: Polteageist|Shell Smash|p1a: Polteageist\n|-unboost|p1a: Polteageist|def|1\n|-unboost|p1a: Polteageist|spd|1\n|-boost|p1a: Polteageist|atk|2\n|-boost|p1a: Polteageist|spa|2\n|-boost|p1a: Polteageist|spe|2\n|move|p2a: Clodsire|Recover|p2a: Clodsire\n|-heal|p2a: Clodsire|98\/100\n|\n|-heal|p2a: Clodsire|100\/100|[from] item: Leftovers\n|-damage|p1a: Polteageist|64\/100 tox|[from] psn\n|upkeep\n|turn|4\n|\n|t:|1700698418\n|move|p1a: Polteageist|Stored Power|p2a: Clodsire\n|-supereffective|p2a: Clodsire\n|-damage|p2a: Clodsire|24\/100\n|move|p2a: Clodsire|Stockpile|p2a: Clodsire\n|-start|p2a: Clodsire|stockpile2\n|-boost|p2a: Clodsire|def|1\n|-boost|p2a: Clodsire|spd|1\n|\n|-heal|p2a: Clodsire|30\/100|[from] item: Leftovers\n|-damage|p1a: Polteageist|39\/100 tox|[from] psn\n|upkeep\n|turn|5\n|-message|Frffttttttt forfeited.\n|\n|win|JustGonerSire\n|raw|Frffttttttt's rating: 1054 &rarr; <strong>1033<\/strong><br \/>(-21 for losing)\n|raw|JustGonerSire's rating: 1005 &rarr; <strong>1050<\/strong><br \/>(+45 for winning)\n|l|\u2606Frffttttttt\n","uploadtime":1700698432,"views":10,"p1id":"frffttttttt","p2id":"justgonersire","formatid":"gen9nationaldex","rating":1033,"private":0,"password":""}