{"id":"gen9nationaldex-1989479769","p1":"lonely_small","p2":"Fubuki09k","format":"[Gen 9] National Dex","log":"|j|\u2606lonely_small\n|j|\u2606Fubuki09k\n|t:|1699857394\n|gametype|singles\n|player|p1|lonely_small|265|1395\n|player|p2|Fubuki09k|backpacker|1311\n|teamsize|p1|6\n|teamsize|p2|6\n|gen|9\n|tier|[Gen 9] National Dex\n|rated|\n|rule|HP Percentage Mod: HP is shown in percentages\n|rule|Endless Battle Clause: Forcing endless battles is banned\n|rule|OHKO Clause: OHKO moves are banned\n|rule|Evasion Clause: Evasion abilities, items, and moves are banned\n|rule|Evasion Abilities Clause: Evasion abilities are banned\n|rule|Evasion Items Clause: Evasion items are banned\n|rule|Evasion Moves Clause: Evasion moves are banned\n|rule|Species Clause: Limit one of each Pok\u00e9mon\n|rule|Sleep Clause Mod: Limit one foe put to sleep\n|clearpoke\n|poke|p1|Mawile, F|\n|poke|p1|Alomomola, M|\n|poke|p1|Tapu Koko|\n|poke|p1|Iron Valiant|\n|poke|p1|Garchomp, F|\n|poke|p1|Dragonite, F|\n|poke|p2|Charizard, M|\n|poke|p2|Ditto|\n|poke|p2|Dragonite, M|\n|poke|p2|Scizor, M|\n|poke|p2|Staraptor, M|\n|poke|p2|Serperior, F|\n|teampreview\n|inactive|Battle timer is ON: inactive players will automatically lose when time's up. (requested by Fubuki09k)\n|\n|t:|1699857407\n|start\n|switch|p1a: Dragonite|Dragonite, F|100\/100\n|switch|p2a: Ichi|Charizard, M|100\/100\n|turn|1\n|\n|t:|1699857421\n|move|p2a: Ichi|Dragon Dance|p2a: Ichi\n|-boost|p2a: Ichi|atk|1\n|-boost|p2a: Ichi|spe|1\n|move|p1a: Dragonite|Curse|p1a: Dragonite\n|-unboost|p1a: Dragonite|spe|1\n|-boost|p1a: Dragonite|atk|1\n|-boost|p1a: Dragonite|def|1\n|\n|upkeep\n|turn|2\n|\n|t:|1699857436\n|-terastallize|p1a: Dragonite|Normal\n|move|p1a: Dragonite|Extreme Speed|p2a: Ichi\n|-damage|p2a: Ichi|36\/100\n|move|p2a: Ichi|Dragon Dance|p2a: Ichi\n|-boost|p2a: Ichi|atk|1\n|-boost|p2a: Ichi|spe|1\n|\n|upkeep\n|turn|3\n|\n|t:|1699857447\n|detailschange|p2a: Ichi|Charizard-Mega-X, M\n|-mega|p2a: Ichi|Charizard|Charizardite X\n|move|p1a: Dragonite|Extreme Speed|p2a: Ichi\n|-damage|p2a: Ichi|0 fnt\n|faint|p2a: Ichi\n|\n|upkeep\n|\n|t:|1699857455\n|switch|p2a: Rimu|Ditto, shiny|100\/100\n|-transform|p2a: Rimu|p1a: Dragonite|[from] ability: Imposter\n|-start|p2a: Rimu|typechange|Dragon\/Flying|[silent]\n|turn|4\n|\n|t:|1699857468\n|move|p2a: Rimu|Extreme Speed|p1a: Dragonite\n|-damage|p1a: Dragonite|93\/100\n|move|p1a: Dragonite|Curse|p1a: Dragonite\n|-unboost|p1a: Dragonite|spe|1\n|-boost|p1a: Dragonite|atk|1\n|-boost|p1a: Dragonite|def|1\n|\n|-heal|p1a: Dragonite|99\/100|[from] item: Leftovers\n|upkeep\n|turn|5\n|\n|t:|1699857478\n|switch|p2a: Blades|Scizor, M|100\/100\n|move|p1a: Dragonite|Curse|p1a: Dragonite\n|-unboost|p1a: Dragonite|spe|1\n|-boost|p1a: Dragonite|atk|1\n|-boost|p1a: Dragonite|def|1\n|\n|-heal|p1a: Dragonite|100\/100|[from] item: Leftovers\n|upkeep\n|turn|6\n|\n|t:|1699857492\n|move|p2a: Blades|Bullet Punch|p1a: Dragonite\n|-damage|p1a: Dragonite|97\/100\n|move|p1a: Dragonite|Curse|p1a: Dragonite\n|-unboost|p1a: Dragonite|spe|1\n|-boost|p1a: Dragonite|atk|1\n|-boost|p1a: Dragonite|def|1\n|\n|-heal|p1a: Dragonite|100\/100|[from] item: Leftovers\n|upkeep\n|turn|7\n|\n|t:|1699857503\n|move|p2a: Blades|Swords Dance|p2a: Blades\n|-boost|p2a: Blades|atk|2\n|move|p1a: Dragonite|Earthquake|p2a: Blades\n|-damage|p2a: Blades|5\/100\n|\n|-heal|p2a: Blades|11\/100|[from] item: Leftovers\n|upkeep\n|turn|8\n|\n|t:|1699857511\n|move|p1a: Dragonite|Extreme Speed|p2a: Blades\n|-resisted|p2a: Blades\n|-damage|p2a: Blades|0 fnt\n|faint|p2a: Blades\n|\n|upkeep\n|\n|t:|1699857521\n|switch|p2a: Dragonite|Dragonite, M|100\/100\n|turn|9\n|inactive|Fubuki09k has 120 seconds left.\n|c|\u2606lonely_small|1\n|c|\u2606lonely_small|QAQ\n|inactive|Fubuki09k has 90 seconds left.\n|inactive|Fubuki09k has 60 seconds left.\n|inactive|Fubuki09k has 30 seconds left.\n|inactive|Fubuki09k has 20 seconds left.\n|inactive|Fubuki09k has 15 seconds left.\n|inactive|Fubuki09k has 10 seconds left.\n|inactive|Fubuki09k has 5 seconds left.\n|-message|Fubuki09k lost due to inactivity.\n|\n|win|lonely_small\n|raw|lonely_small's rating: 1395 &rarr; <strong>1409<\/strong><br \/>(+14 for winning)\n|raw|Fubuki09k's rating: 1295 &rarr; <strong>1277<\/strong><br \/>(-18 for losing)\n","uploadtime":1699857685,"views":6,"p1id":"lonelysmall","p2id":"fubuki09k","formatid":"gen9nationaldex","rating":1277,"private":0,"password":""}