{"id":"gen9nationaldex-1997405405","p1":"RedCoyote96","p2":"Skidoosh642","format":"[Gen 9] National Dex","log":"|html|<div class=\"broadcast-blue\"><strong>[Gen 9] National Dex is currently suspecting Sneasler! For information on how to participate check out the <a href=\"https:\/\/www.smogon.com\/forums\/threads\/sv-national-dex-suspect-8-just-dance.3731534\/\">suspect thread<\/a>.<\/strong><\/div>\n|j|\u2606RedCoyote96\n|j|\u2606Skidoosh642\n|t:|1700800064\n|gametype|singles\n|player|p1|RedCoyote96|steven|1188\n|player|p2|Skidoosh642|lucas|1085\n|teamsize|p1|6\n|teamsize|p2|6\n|gen|9\n|tier|[Gen 9] National Dex\n|rated|\n|rule|HP Percentage Mod: HP is shown in percentages\n|rule|Endless Battle Clause: Forcing endless battles is banned\n|rule|OHKO Clause: OHKO moves are banned\n|rule|Evasion Clause: Evasion abilities, items, and moves are banned\n|rule|Evasion Abilities Clause: Evasion abilities are banned\n|rule|Evasion Items Clause: Evasion items are banned\n|rule|Evasion Moves Clause: Evasion moves are banned\n|rule|Species Clause: Limit one of each Pok\u00e9mon\n|rule|Sleep Clause Mod: Limit one foe put to sleep\n|clearpoke\n|poke|p1|Typhlosion, F|\n|poke|p1|Espeon, M|\n|poke|p1|Tyranitar, F|\n|poke|p1|Heracross, M|\n|poke|p1|Crobat, F|\n|poke|p1|Steelix, M|\n|poke|p2|Rotom-Wash|\n|poke|p2|Zapdos|\n|poke|p2|Manectric, F|\n|poke|p2|Arctozolt|\n|poke|p2|Iron Hands|\n|poke|p2|Zeraora|\n|teampreview\n|inactive|Battle timer is ON: inactive players will automatically lose when time's up. (requested by Skidoosh642)\n|\n|t:|1700800071\n|start\n|switch|p1a: Crobat|Crobat, F|100\/100\n|switch|p2a: Zeraora|Zeraora, shiny|100\/100\n|turn|1\n|\n|t:|1700800086\n|switch|p1a: Steelix|Steelix, M|100\/100\n|move|p2a: Zeraora|Plasma Fists|p1a: Steelix\n|-immune|p1a: Steelix\n|\n|upkeep\n|turn|2\n|\n|t:|1700800097\n|move|p2a: Zeraora|Power-Up Punch|p1a: Steelix\n|-supereffective|p1a: Steelix\n|-damage|p1a: Steelix|88\/100\n|-boost|p2a: Zeraora|atk|1\n|move|p1a: Steelix|Earthquake|p2a: Zeraora\n|-supereffective|p2a: Zeraora\n|-enditem|p2a: Zeraora|Shuca Berry|[eat]\n|-enditem|p2a: Zeraora|Shuca Berry|[weaken]\n|-damage|p2a: Zeraora|45\/100\n|\n|-heal|p1a: Steelix|94\/100|[from] item: Leftovers\n|upkeep\n|turn|3\n|\n|t:|1700800109\n|-terastallize|p2a: Zeraora|Flying\n|move|p2a: Zeraora|Blaze Kick|p1a: Steelix\n|-supereffective|p1a: Steelix\n|-damage|p1a: Steelix|52\/100\n|move|p1a: Steelix|Earthquake|p2a: Zeraora\n|-immune|p2a: Zeraora\n|\n|-heal|p1a: Steelix|59\/100|[from] item: Leftovers\n|upkeep\n|turn|4\n|\n|t:|1700800120\n|switch|p1a: Typhlosion|Typhlosion, F|100\/100\n|move|p2a: Zeraora|Blaze Kick|p1a: Typhlosion\n|-start|p1a: Typhlosion|ability: Flash Fire\n|\n|upkeep\n|turn|5\n|\n|t:|1700800126\n|move|p1a: Typhlosion|Eruption|p2a: Zeraora\n|-damage|p2a: Zeraora|0 fnt\n|faint|p2a: Zeraora\n|\n|upkeep\n|\n|t:|1700800133\n|switch|p2a: Rotom|Rotom-Wash|100\/100\n|turn|6\n|\n|t:|1700800138\n|-terastallize|p1a: Typhlosion|Fire\n|move|p1a: Typhlosion|Eruption|p2a: Rotom\n|-resisted|p2a: Rotom\n|-damage|p2a: Rotom|0 fnt\n|faint|p2a: Rotom\n|\n|upkeep\n|\n|t:|1700800152\n|switch|p2a: Manectric|Manectric, F, shiny|100\/100\n|turn|7\n|\n|t:|1700800155\n|detailschange|p2a: Manectric|Manectric-Mega, F, shiny\n|-mega|p2a: Manectric|Manectric|Manectite\n|-ability|p2a: Manectric|Intimidate|boost\n|-unboost|p1a: Typhlosion|atk|1\n|move|p1a: Typhlosion|Eruption|p2a: Manectric\n|-damage|p2a: Manectric|0 fnt\n|faint|p2a: Manectric\n|\n|upkeep\n|-message|Skidoosh642 forfeited.\n|\n|win|RedCoyote96\n|raw|RedCoyote96's rating: 1188 &rarr; <strong>1206<\/strong><br \/>(+18 for winning)\n|raw|Skidoosh642's rating: 1085 &rarr; <strong>1069<\/strong><br \/>(-16 for losing)\n|l|\u2606Skidoosh642\n","uploadtime":1700800177,"views":14,"p1id":"redcoyote96","p2id":"skidoosh642","formatid":"gen9nationaldex","rating":1069,"private":0,"password":""}