{"id":"gen9nationaldex-2000235792","p1":"NDMS2O Bismarck","p2":"Annnnnnnn","format":"[Gen 9] National Dex","log":"|html|<div class=\"broadcast-blue\"><strong>[Gen 9] National Dex is currently suspecting Sneasler! For information on how to participate check out the <a href=\"https:\/\/www.smogon.com\/forums\/threads\/sv-national-dex-suspect-8-just-dance.3731534\/\">suspect thread<\/a>.<\/strong><\/div>\n|j|\u2606NDMS2O Bismarck\n|j|\u2606Annnnnnnn\n|t:|1701175823\n|gametype|singles\n|player|p1|NDMS2O Bismarck|pokemonrangerf-gen6|1091\n|player|p2|Annnnnnnn|169|1082\n|teamsize|p1|6\n|teamsize|p2|6\n|gen|9\n|tier|[Gen 9] National Dex\n|rated|\n|rule|HP Percentage Mod: HP is shown in percentages\n|rule|Endless Battle Clause: Forcing endless battles is banned\n|rule|OHKO Clause: OHKO moves are banned\n|rule|Evasion Clause: Evasion abilities, items, and moves are banned\n|rule|Evasion Abilities Clause: Evasion abilities are banned\n|rule|Evasion Items Clause: Evasion items are banned\n|rule|Evasion Moves Clause: Evasion moves are banned\n|rule|Species Clause: Limit one of each Pok\u00e9mon\n|rule|Sleep Clause Mod: Limit one foe put to sleep\n|clearpoke\n|poke|p1|Rillaboom, M|\n|poke|p1|Hawlucha, M|\n|poke|p1|Kartana|\n|poke|p1|Gliscor, M|\n|poke|p1|Heatran, F|\n|poke|p1|Great Tusk|\n|poke|p2|Absol, M|\n|poke|p2|Sneasler, M|\n|poke|p2|Ceruledge, M|\n|poke|p2|Kleavor, M|\n|poke|p2|Typhlosion, M|\n|poke|p2|Dragonite, M|\n|teampreview\n|inactive|Battle timer is ON: inactive players will automatically lose when time's up. (requested by NDMS2O Bismarck)\n|\n|t:|1701175827\n|start\n|switch|p1a: Rillaboom|Rillaboom, M|100\/100\n|switch|p2a: Absol|Absol, M|100\/100\n|-ability|p2a: Absol|Pressure\n|-fieldstart|move: Grassy Terrain|[from] ability: Grassy Surge|[of] p1a: Rillaboom\n|turn|1\n|\n|t:|1701175837\n|detailschange|p2a: Absol|Absol-Mega, M\n|-mega|p2a: Absol|Absol|Absolite\n|move|p2a: Absol|Knock Off|p1a: Rillaboom\n|-damage|p1a: Rillaboom|35\/100\n|-enditem|p1a: Rillaboom|Terrain Extender|[from] move: Knock Off|[of] p2a: Absol\n|move|p1a: Rillaboom|U-turn|p2a: Absol\n|-supereffective|p2a: Absol\n|-damage|p2a: Absol|17\/100\n|\n|t:|1701175844\n|switch|p1a: Kartana|Kartana|100\/100|[from] U-turn\n|\n|-heal|p2a: Absol|23\/100|[from] Grassy Terrain\n|upkeep\n|turn|2\n|\n|t:|1701175851\n|move|p1a: Kartana|Knock Off|p2a: Absol\n|-resisted|p2a: Absol\n|-damage|p2a: Absol|0 fnt\n|faint|p2a: Absol\n|-ability|p1a: Kartana|Beast Boost|boost\n|-boost|p1a: Kartana|atk|1\n|\n|upkeep\n|\n|t:|1701175862\n|switch|p2a: Typhlosion|Typhlosion, M|100\/100\n|turn|3\n|\n|t:|1701175867\n|move|p1a: Kartana|Knock Off|p2a: Typhlosion\n|-damage|p2a: Typhlosion|1\/100\n|-enditem|p2a: Typhlosion|Focus Sash|[from] move: Knock Off|[of] p1a: Kartana\n|move|p2a: Typhlosion|Eruption|p1a: Kartana\n|-supereffective|p1a: Kartana\n|-damage|p1a: Kartana|90\/100\n|\n|-heal|p1a: Kartana|96\/100|[from] Grassy Terrain\n|-heal|p2a: Typhlosion|7\/100|[from] Grassy Terrain\n|upkeep\n|turn|4\n|-message|Annnnnnnn forfeited.\n|\n|win|NDMS2O Bismarck\n|raw|NDMS2O Bismarck's rating: 1091 &rarr; <strong>1117<\/strong><br \/>(+26 for winning)\n|raw|Annnnnnnn's rating: 1082 &rarr; <strong>1060<\/strong><br \/>(-22 for losing)\n|l|\u2606Annnnnnnn\n","uploadtime":1701175890,"views":9,"p1id":"ndms2obismarck","p2id":"annnnnnnn","formatid":"gen9nationaldex","rating":1060,"private":0,"password":""}