{"id":"gen9nationaldex-1995245901","p1":"Lechonkisuber","p2":"Onlymanever","format":"[Gen 9] National Dex","log":"|html|<div class=\"broadcast-blue\"><strong>[Gen 9] National Dex is currently suspecting Sneasler! For information on how to participate check out the <a href=\"https:\/\/www.smogon.com\/forums\/threads\/sv-national-dex-suspect-8-just-dance.3731534\/\">suspect thread<\/a>.<\/strong><\/div>\n|j|\u2606Lechonkisuber\n|j|\u203dOnlymanever\n|t:|1700539539\n|gametype|singles\n|player|p1|Lechonkisuber|red|1134\n|player|p2|Onlymanever|lyra|1086\n|teamsize|p1|6\n|teamsize|p2|6\n|gen|9\n|tier|[Gen 9] National Dex\n|rated|\n|rule|HP Percentage Mod: HP is shown in percentages\n|rule|Endless Battle Clause: Forcing endless battles is banned\n|rule|OHKO Clause: OHKO moves are banned\n|rule|Evasion Clause: Evasion abilities, items, and moves are banned\n|rule|Evasion Abilities Clause: Evasion abilities are banned\n|rule|Evasion Items Clause: Evasion items are banned\n|rule|Evasion Moves Clause: Evasion moves are banned\n|rule|Species Clause: Limit one of each Pok\u00e9mon\n|rule|Sleep Clause Mod: Limit one foe put to sleep\n|clearpoke\n|poke|p1|Morpeko, F|\n|poke|p1|Tornadus-Therian, M|\n|poke|p1|Mawile, F|\n|poke|p1|Heatran, F|\n|poke|p1|Alomomola, M|\n|poke|p1|Gliscor, M|\n|poke|p2|Medicham, F|\n|poke|p2|Leafeon, F|\n|poke|p2|Staraptor, F|\n|poke|p2|Ceruledge, M|\n|poke|p2|Electivire, F|\n|poke|p2|Inteleon, M|\n|teampreview\n|inactive|Battle timer is ON: inactive players will automatically lose when time's up. (requested by Onlymanever)\n|\n|t:|1700539566\n|start\n|switch|p1a: Morpeko|Morpeko, F|100\/100\n|switch|p2a: Inteleon|Inteleon, M|100\/100\n|turn|1\n|inactive|Lechonkisuber has 120 seconds left.\n|\n|t:|1700539597\n|switch|p2a: Electivire|Electivire, F|100\/100\n|move|p1a: Morpeko|Aura Wheel|p2a: Electivire\n|-ability|p2a: Electivire|Motor Drive|boost\n|-boost|p2a: Electivire|spe|1\n|\n|-formechange|p1a: Morpeko|Morpeko-Hangry||[from] ability: Hunger Switch\n|upkeep\n|turn|2\n|-message|Lechonkisuber forfeited.\n|\n|win|Onlymanever\n|raw|Lechonkisuber's rating: 1134 &rarr; <strong>1106<\/strong><br \/>(-28 for losing)\n|raw|Onlymanever's rating: 1086 &rarr; <strong>1117<\/strong><br \/>(+31 for winning)\n|l|\u2606Lechonkisuber\n","uploadtime":1700539610,"views":1,"p1id":"lechonkisuber","p2id":"onlymanever","formatid":"gen9nationaldex","rating":1106,"private":0,"password":""}