{"id":"gen9nationaldex-2000590225","p1":"scummy bag","p2":"Avinobellissimo","format":"[Gen 9] National Dex","log":"|html|<div class=\"broadcast-blue\"><strong>[Gen 9] National Dex is currently suspecting Sneasler! For information on how to participate check out the <a href=\"https:\/\/www.smogon.com\/forums\/threads\/sv-national-dex-suspect-8-just-dance.3731534\/\">suspect thread<\/a>.<\/strong><\/div>\n|j|\u2606scummy bag\n|j|\u2606Avinobellissimo\n|t:|1701208225\n|gametype|singles\n|player|p1|scummy bag|bede-masters|1322\n|player|p2|Avinobellissimo|volkner|1368\n|teamsize|p1|6\n|teamsize|p2|6\n|gen|9\n|tier|[Gen 9] National Dex\n|rated|\n|rule|HP Percentage Mod: HP is shown in percentages\n|rule|Endless Battle Clause: Forcing endless battles is banned\n|rule|OHKO Clause: OHKO moves are banned\n|rule|Evasion Clause: Evasion abilities, items, and moves are banned\n|rule|Evasion Abilities Clause: Evasion abilities are banned\n|rule|Evasion Items Clause: Evasion items are banned\n|rule|Evasion Moves Clause: Evasion moves are banned\n|rule|Species Clause: Limit one of each Pok\u00e9mon\n|rule|Sleep Clause Mod: Limit one foe put to sleep\n|clearpoke\n|poke|p1|Cramorant, F|\n|poke|p1|Kartana|\n|poke|p1|Charizard, F|\n|poke|p1|Jirachi|\n|poke|p1|Krookodile, F|\n|poke|p1|Porygon-Z|\n|poke|p2|Kleavor, F|\n|poke|p2|Rotom-Wash|\n|poke|p2|Landorus-Therian, M|\n|poke|p2|Golisopod, M|\n|poke|p2|Typhlosion-Hisui, F|\n|poke|p2|Escavalier, F|\n|teampreview\n|c|\u2606scummy bag|glhf\n|inactive|Battle timer is ON: inactive players will automatically lose when time's up. (requested by Avinobellissimo)\n|c|\u2606scummy bag|or timer works too\n|\n|t:|1701208238\n|start\n|switch|p1a: Kartana|Kartana|100\/100\n|switch|p2a: Rotom|Rotom-Wash|100\/100\n|turn|1\n|c|\u2606Avinobellissimo|u2\n|c|\u2606Avinobellissimo|I am lagging a lot\n|\n|t:|1701208258\n|switch|p2a: Landorus|Landorus-Therian, M|100\/100\n|-ability|p2a: Landorus|Intimidate|boost\n|-unboost|p1a: Kartana|atk|1\n|move|p1a: Kartana|Leaf Blade|p2a: Landorus\n|-damage|p2a: Landorus|65\/100\n|-damage|p1a: Kartana|84\/100|[from] item: Rocky Helmet|[of] p2a: Landorus\n|-damage|p1a: Kartana|74\/100|[from] item: Life Orb\n|\n|upkeep\n|turn|2\n|\n|t:|1701208275\n|move|p1a: Kartana|Leaf Blade|p2a: Landorus\n|-damage|p2a: Landorus|32\/100\n|-damage|p1a: Kartana|58\/100|[from] item: Rocky Helmet|[of] p2a: Landorus\n|-damage|p1a: Kartana|48\/100|[from] item: Life Orb\n|move|p2a: Landorus|Defog|p1a: Kartana\n|-unboost|p1a: Kartana|evasion|1\n|\n|upkeep\n|turn|3\n|c|\u2606scummy bag|this is the wrong kartana\n|c|\u2606scummy bag|rip\n|c|\u2606Avinobellissimo|NOOOOOOO\n|l|\u2606Avinobellissimo\n|inactive|Avinobellissimo disconnected and has a minute to reconnect!\n|player|p2|\n|c|\u2606scummy bag|what?\n|c|\u2606scummy bag|lmao\n|c|\u2606scummy bag|wifi issues?\n|c|\u2606scummy bag|if so u set up the timer u have to turn it off\n|inactive|Avinobellissimo has 30 seconds to reconnect!\n|c|\u2606scummy bag|bbut wait\n|inactive|Avinobellissimo has 20 seconds to reconnect!\n|c|\u2606scummy bag|u aren't here to do so\n|inactive|Avinobellissimo has 15 seconds to reconnect!\n|j|\u2606Avinobellissimo\n|inactive|Avinobellissimo reconnected and has 80 seconds left.\n|player|p2|Avinobellissimo|volkner\n|c|\u2606scummy bag|welcome back\n|inactive|Avinobellissimo has 60 seconds left.\n|c|\u2606Avinobellissimo|muscle memory is bad\n|c|\u2606Avinobellissimo|timer is ale\n|c|\u2606Avinobellissimo|alr\n|c|\u2606Avinobellissimo|I like to risk\n|c|\u2606scummy bag|lol\n|inactive|Avinobellissimo has 30 seconds left.\n|c|\u2606scummy bag|after ive had LOSING STREAK BY TIMER\/WIFI ISSUES i just stop\n|\n|t:|1701208386\n|switch|p2a: Golisopod|Golisopod, M|100\/100\n|move|p1a: Kartana|Leaf Blade|p2a: Golisopod\n|-damage|p2a: Golisopod|63\/100\n|-damage|p1a: Kartana|38\/100|[from] item: Life Orb\n|\n|upkeep\n|turn|4\n|\n|t:|1701208395\n|move|p2a: Golisopod|First Impression|p1a: Kartana\n|-damage|p1a: Kartana|0 fnt\n|faint|p1a: Kartana\n|-damage|p2a: Golisopod|53\/100|[from] item: Life Orb\n|\n|upkeep\n|\n|t:|1701208398\n|switch|p1a: Cramorant|Cramorant, F, shiny|100\/100\n|turn|5\n|\n|t:|1701208402\n|switch|p2a: Rotom|Rotom-Wash|100\/100\n|move|p1a: Cramorant|Surf|p2a: Rotom\n|-formechange|p1a: Cramorant|Cramorant-Gulping|\n|-resisted|p2a: Rotom\n|-damage|p2a: Rotom|82\/100\n|\n|upkeep\n|turn|6\n|\n|t:|1701208408\n|switch|p1a: Krookodile|Krookodile, F|100\/100\n|move|p2a: Rotom|Volt Switch|p1a: Krookodile\n|-immune|p1a: Krookodile\n|\n|upkeep\n|turn|7\n|inactive|Avinobellissimo has 60 seconds left.\n|\n|t:|1701208414\n|switch|p2a: Golisopod|Golisopod, M|53\/100\n|move|p1a: Krookodile|Scale Shot|p2a: Golisopod\n|-damage|p2a: Golisopod|48\/100\n|-damage|p2a: Golisopod|43\/100\n|-damage|p2a: Golisopod|37\/100\n|-hitcount|p2a: Golisopod|3\n|-activate|p2a: Golisopod|ability: Emergency Exit\n|-unboost|p1a: Krookodile|def|1\n|-boost|p1a: Krookodile|spe|1\n|inactive|Avinobellissimo has 60 seconds left.\n|\n|t:|1701208425\n|switch|p2a: Rotom|Rotom-Wash|82\/100\n|\n|upkeep\n|turn|8\n|\n|t:|1701208441\n|move|p1a: Krookodile|Darkest Lariat|p2a: Rotom\n|-damage|p2a: Rotom|37\/100\n|move|p2a: Rotom|Hydro Pump|p1a: Krookodile|[miss]\n|-miss|p2a: Rotom|p1a: Krookodile\n|\n|upkeep\n|turn|9\n|\n|t:|1701208450\n|switch|p2a: Landorus|Landorus-Therian, M|32\/100\n|-ability|p2a: Landorus|Intimidate|boost\n|-unboost|p1a: Krookodile|atk|1\n|move|p1a: Krookodile|Darkest Lariat|p2a: Landorus\n|-damage|p2a: Landorus|13\/100\n|-damage|p1a: Krookodile|84\/100|[from] item: Rocky Helmet|[of] p2a: Landorus\n|\n|upkeep\n|turn|10\n|\n|t:|1701208460\n|switch|p2a: Escavalier|Escavalier, F|100\/100\n|move|p1a: Krookodile|Darkest Lariat|p2a: Escavalier\n|-damage|p2a: Escavalier|69\/100\n|\n|upkeep\n|turn|11\n|\n|t:|1701208466\n|move|p1a: Krookodile|Fire Fang|p2a: Escavalier\n|-supereffective|p2a: Escavalier\n|-damage|p2a: Escavalier|3\/100\n|move|p2a: Escavalier|Close Combat|p1a: Krookodile\n|-supereffective|p1a: Krookodile\n|-damage|p1a: Krookodile|0 fnt\n|-unboost|p2a: Escavalier|def|1\n|-unboost|p2a: Escavalier|spd|1\n|faint|p1a: Krookodile\n|\n|upkeep\n|\n|t:|1701208471\n|switch|p1a: Cramorant|Cramorant, F, shiny|100\/100\n|turn|12\n|c|\u2606Avinobellissimo|oof\n|inactive|Avinobellissimo has 90 seconds left.\n|c|\u2606scummy bag|?\n|\n|t:|1701208485\n|move|p1a: Cramorant|Surf|p2a: Escavalier\n|-formechange|p1a: Cramorant|Cramorant-Gulping|\n|-crit|p2a: Escavalier\n|-damage|p2a: Escavalier|0 fnt\n|faint|p2a: Escavalier\n|\n|upkeep\n|\n|t:|1701208490\n|switch|p2a: Kleavor|Kleavor, F|100\/100\n|turn|13\n|\n|t:|1701208496\n|move|p2a: Kleavor|Stone Axe|p1a: Cramorant\n|-supereffective|p1a: Cramorant\n|-damage|p1a: Cramorant|0 fnt\n|-damage|p2a: Kleavor|76\/100|[from] ability: Gulp Missile|[of] p1a: Cramorant\n|-unboost|p2a: Kleavor|def|1\n|-formechange|p1a: Cramorant|Cramorant|\n|-sidestart|p1: scummy bag|move: Stealth Rock\n|faint|p1a: Cramorant\n|\n|upkeep\n|\n|t:|1701208501\n|switch|p1a: Jirachi|Jirachi|100\/100\n|-damage|p1a: Jirachi|94\/100|[from] Stealth Rock\n|turn|14\n|c|\u2606Avinobellissimo|Nothing\n|c|\u2606scummy bag|ik i lose\n|\n|t:|1701208523\n|switch|p2a: Rotom|Rotom-Wash|37\/100\n|move|p1a: Jirachi|Ancient Power|p2a: Rotom\n|-damage|p2a: Rotom|22\/100\n|\n|-heal|p1a: Jirachi|100\/100|[from] item: Leftovers\n|upkeep\n|turn|15\n|inactive|Avinobellissimo has 90 seconds left.\n|l|\u2606Avinobellissimo\n|inactive|Avinobellissimo disconnected and has a minute to reconnect!\n|player|p2|\n|j|\u2606Avinobellissimo\n|inactive|Avinobellissimo reconnected and has 65 seconds left.\n|player|p2|Avinobellissimo|volkner\n|inactive|Avinobellissimo has 60 seconds left.\n|c|\u2606Avinobellissimo|its alr\n|c|\u2606Avinobellissimo|we all start somewhere\n|\n|t:|1701208587\n|move|p2a: Rotom|Thunder Wave|p1a: Jirachi|[miss]\n|-miss|p2a: Rotom|p1a: Jirachi\n|move|p1a: Jirachi|Ancient Power|p2a: Rotom\n|-damage|p2a: Rotom|5\/100\n|\n|upkeep\n|turn|16\n|c|\u2606scummy bag|30 games tho\n|c|\u2606scummy bag|is deep in\n|c|\u2606scummy bag|not a start\n|\n|t:|1701208599\n|move|p2a: Rotom|Thunder Wave|p1a: Jirachi\n|-status|p1a: Jirachi|par\n|move|p1a: Jirachi|Ancient Power|p2a: Rotom\n|-damage|p2a: Rotom|0 fnt\n|faint|p2a: Rotom\n|\n|upkeep\n|c|\u2606scummy bag|it is eternal\n|c|\u2606Avinobellissimo|I think you just hsve to study a bit more\n|c|\u2606scummy bag|. . .\n|\n|t:|1701208621\n|switch|p2a: Typhlosion|Typhlosion-Hisui, F|100\/100\n|-item|p1a: Jirachi|Leftovers|[from] ability: Frisk|[of] p2a: Typhlosion|[identify]\n|turn|17\n|c|\u2606scummy bag|knowledge means nothing to the losing streak\n|c|\u2606Avinobellissimo|you're objectively wrong\n|c|\u2606scummy bag|i may know everything yet lose to random luck or a noob\n|\n|t:|1701208644\n|move|p2a: Typhlosion|Hex|p1a: Jirachi\n|-supereffective|p1a: Jirachi\n|-damage|p1a: Jirachi|0 fnt\n|faint|p1a: Jirachi\n|\n|upkeep\n|\n|t:|1701208648\n|switch|p1a: Charizard|Charizard, F|100\/100\n|-damage|p1a: Charizard|51\/100|[from] Stealth Rock\n|turn|18\n|c|\u2606Avinobellissimo|you don't lose to random luck\n|c|\u2606Avinobellissimo|you need to know how to use logic\n|c|\u2606Avinobellissimo|you don't just use it in battle\n|inactive|Avinobellissimo has 30 seconds left.\n|c|\u2606scummy bag|?\n|c|\u2606scummy bag|we only battled once\n|c|\u2606Avinobellissimo|it all starts by getting an idea to teambuild\n|inactive|Avinobellissimo has 20 seconds left.\n|\n|t:|1701208684\n|move|p2a: Typhlosion|Hex|p1a: Charizard\n|-damage|p1a: Charizard|8\/100\n|move|p1a: Charizard|Dragon Claw|p2a: Typhlosion\n|-damage|p2a: Typhlosion|67\/100\n|\n|upkeep\n|turn|19\n|inactive|Avinobellissimo has 30 seconds left this turn.\n|c|\u2606scummy bag|you dont know how i play\n|c|\u2606Avinobellissimo|yeah Ik\n|c|\u2606scummy bag|i have multiple teams\n|inactive|Avinobellissimo has 20 seconds left.\n|inactive|Avinobellissimo has 15 seconds left.\n|c|\u2606Avinobellissimo|and thats great, i do too\n|c|\u2606scummy bag|this is jsut one of the eartlier ones form gen 9\n|\n|t:|1701208703\n|move|p2a: Typhlosion|Hex|p1a: Charizard\n|-damage|p1a: Charizard|0 fnt\n|faint|p1a: Charizard\n|\n|upkeep\n|inactive|Avinobellissimo has 20 seconds left this turn.\n|c|\u2606Avinobellissimo|same\n|c|\u2606scummy bag|i dont need to hear about how to be better\n|\n|t:|1701208721\n|switch|p1a: Porygon-Z|Porygon-Z, shiny|100\/100\n|-damage|p1a: Porygon-Z|88\/100|[from] Stealth Rock\n|turn|20\n|inactive|Avinobellissimo has 30 seconds left this turn.\n|c|\u2606Avinobellissimo|I'm sorry\n|c|\u2606scummy bag|are you\n|\n|t:|1701208728\n|switch|p2a: Landorus|Landorus-Therian, M|13\/100\n|-ability|p2a: Landorus|Intimidate|boost\n|-unboost|p1a: Porygon-Z|atk|1\n|-zpower|p1a: Porygon-Z\n|move|p1a: Porygon-Z|Z-Conversion|p1a: Porygon-Z|[anim]Conversion\n|-boost|p1a: Porygon-Z|atk|1|[zeffect]\n|-boost|p1a: Porygon-Z|def|1|[zeffect]\n|-boost|p1a: Porygon-Z|spa|1|[zeffect]\n|-boost|p1a: Porygon-Z|spd|1|[zeffect]\n|-boost|p1a: Porygon-Z|spe|1|[zeffect]\n|-start|p1a: Porygon-Z|typechange|Ghost\n|\n|upkeep\n|turn|21\n|inactive|Avinobellissimo has 30 seconds left.\n|c|\u2606Avinobellissimo|I just though i ciukd say that cause you said you had a thirty loss streak\n|\n|t:|1701208747\n|move|p1a: Porygon-Z|Ice Beam|p2a: Landorus\n|-supereffective|p2a: Landorus\n|-crit|p2a: Landorus\n|-damage|p2a: Landorus|0 fnt\n|faint|p2a: Landorus\n|\n|upkeep\n|inactive|Avinobellissimo has 30 seconds left this turn.\n|\n|t:|1701208754\n|switch|p2a: Golisopod|Golisopod, M|37\/100\n|turn|22\n|c|\u2606scummy bag|ive been thru multiple lsoing streaks. even changing my identity to losing simp\n|c|\u2606scummy bag|the worst was 80+\n|c|\u2606Avinobellissimo|oh my god\n|\n|t:|1701208776\n|move|p2a: Golisopod|First Impression|p1a: Porygon-Z\n|-resisted|p1a: Porygon-Z\n|-damage|p1a: Porygon-Z|59\/100\n|-damage|p2a: Golisopod|27\/100|[from] item: Life Orb\n|move|p1a: Porygon-Z|Shadow Ball|p2a: Golisopod\n|-damage|p2a: Golisopod|0 fnt\n|faint|p2a: Golisopod\n|\n|upkeep\n|inactive|Avinobellissimo has 30 seconds left.\n|\n|t:|1701208787\n|switch|p2a: Typhlosion|Typhlosion-Hisui, F|67\/100\n|-item|p1a: Porygon-Z|Normalium Z|[from] ability: Frisk|[of] p2a: Typhlosion|[identify]\n|turn|23\n|\n|t:|1701208793\n|-terastallize|p2a: Typhlosion|Fire\n|move|p1a: Porygon-Z|Shadow Ball|p2a: Typhlosion\n|-damage|p2a: Typhlosion|0 fnt\n|faint|p2a: Typhlosion\n|\n|upkeep\n|\n|t:|1701208798\n|switch|p2a: Kleavor|Kleavor, F|76\/100\n|turn|24\n|\n|t:|1701208803\n|move|p1a: Porygon-Z|Shadow Ball|p2a: Kleavor\n|-damage|p2a: Kleavor|0 fnt\n|faint|p2a: Kleavor\n|\n|win|scummy bag\n|raw|scummy bag's rating: 1322 &rarr; <strong>1345<\/strong><br \/>(+23 for winning)\n|raw|Avinobellissimo's rating: 1368 &rarr; <strong>1345<\/strong><br \/>(-23 for losing)\n|c|\u2606Avinobellissimo|fg\n|c|\u2606Avinobellissimo|gg\n|c|\u2606scummy bag|GG\n|l|\u2606Avinobellissimo\n","uploadtime":1701208835,"views":2,"p1id":"scummybag","p2id":"avinobellissimo","formatid":"gen9nationaldex","rating":1345,"private":0,"password":""}