{"id":"gen9nationaldex-1991372543","p1":"jaidpham29","p2":"PointedRanger11","format":"[Gen 9] National Dex","log":"|j|\u2606jaidpham29\n|j|\u2606PointedRanger11\n|t:|1700071661\n|gametype|singles\n|player|p1|jaidpham29|clown|1323\n|player|p2|PointedRanger11|n|1446\n|teamsize|p1|6\n|teamsize|p2|6\n|gen|9\n|tier|[Gen 9] National Dex\n|rated|\n|rule|HP Percentage Mod: HP is shown in percentages\n|rule|Endless Battle Clause: Forcing endless battles is banned\n|rule|OHKO Clause: OHKO moves are banned\n|rule|Evasion Clause: Evasion abilities, items, and moves are banned\n|rule|Evasion Abilities Clause: Evasion abilities are banned\n|rule|Evasion Items Clause: Evasion items are banned\n|rule|Evasion Moves Clause: Evasion moves are banned\n|rule|Species Clause: Limit one of each Pok\u00e9mon\n|rule|Sleep Clause Mod: Limit one foe put to sleep\n|clearpoke\n|poke|p1|Sinistcha-Masterpiece|\n|poke|p1|Tapu Lele|\n|poke|p1|Urshifu-*, F|\n|poke|p1|Heatran, M|\n|poke|p1|Landorus-Therian, M|\n|poke|p1|Weavile, F|\n|poke|p2|Aerodactyl, M|\n|poke|p2|Zoroark-Hisui, M|\n|poke|p2|Kyurem|\n|poke|p2|Skeledirge, M|\n|poke|p2|Hawlucha, F|\n|poke|p2|Iron Valiant|\n|teampreview\n|inactive|Battle timer is ON: inactive players will automatically lose when time's up. (requested by jaidpham29)\n|inactive|PointedRanger11 has 120 seconds left.\n|\n|t:|1700071697\n|start\n|switch|p1a: \u9ed1\u8c79|Weavile, F|100\/100\n|switch|p2a: WHAT KILLED DINO?|Kyurem|100\/100\n|-ability|p1a: \u9ed1\u8c79|Pressure\n|turn|1\n|\n|t:|1700071702\n|move|p1a: \u9ed1\u8c79|Triple Axel|p2a: WHAT KILLED DINO?\n|-damage|p2a: WHAT KILLED DINO?|71\/100\n|replace|p2a: lol|Zoroark-Hisui, M\n|-end|p2a: lol|Illusion\n|-damage|p2a: lol|13\/100\n|-damage|p2a: lol|0 fnt\n|faint|p2a: lol\n|-hitcount|p2: lol|3\n|\n|upkeep\n|c|\u2606PointedRanger11|wtf\n|c|\u2606jaidpham29|?\n|inactive|PointedRanger11 has 120 seconds left.\n|\n|t:|1700071738\n|switch|p2a: BIRD UP|Hawlucha, F|100\/100\n|-ability|p2a: BIRD UP|Mold Breaker\n|turn|2\n|inactive|jaidpham29 has 120 seconds left.\n|\n|t:|1700071785\n|move|p1a: \u9ed1\u8c79|Triple Axel|p2a: BIRD UP\n|-supereffective|p2a: BIRD UP\n|-damage|p2a: BIRD UP|54\/100\n|-supereffective|p2a: BIRD UP\n|-damage|p2a: BIRD UP|0 fnt\n|faint|p2a: BIRD UP\n|-hitcount|p2: BIRD UP|2\n|\n|upkeep\n|\n|t:|1700071793\n|switch|p2a: AAAAAAAAAAAAAA|Aerodactyl, M|100\/100\n|turn|3\n|\n|t:|1700071804\n|switch|p1a: \u5730\u864e|Landorus-Therian, M|100\/100\n|-ability|p1a: \u5730\u864e|Intimidate|boost\n|-unboost|p2a: AAAAAAAAAAAAAA|atk|1\n|detailschange|p2a: AAAAAAAAAAAAAA|Aerodactyl-Mega, M\n|-mega|p2a: AAAAAAAAAAAAAA|Aerodactyl|Aerodactylite\n|move|p2a: AAAAAAAAAAAAAA|Iron Head|p1a: \u5730\u864e\n|-damage|p1a: \u5730\u864e|84\/100\n|\n|-heal|p1a: \u5730\u864e|90\/100|[from] item: Leftovers\n|upkeep\n|turn|4\n|\n|t:|1700071814\n|switch|p2a: WHAT KILLED DINO?|Kyurem|100\/100\n|-ability|p2a: WHAT KILLED DINO?|Pressure\n|move|p1a: \u5730\u864e|Toxic|p2a: WHAT KILLED DINO?\n|-status|p2a: WHAT KILLED DINO?|tox\n|\n|-heal|p1a: \u5730\u864e|96\/100|[from] item: Leftovers\n|-damage|p2a: WHAT KILLED DINO?|94\/100 tox|[from] psn\n|upkeep\n|turn|5\n|inactive|jaidpham29 has 120 seconds left.\n|n|!PointedRanger11|pointedranger11\n|-message|PointedRanger11 forfeited.\n|\n|win|jaidpham29\n|raw|jaidpham29's rating: 1323 &rarr; <strong>1350<\/strong><br \/>(+27 for winning)\n|raw|PointedRanger11's rating: 1446 &rarr; <strong>1419<\/strong><br \/>(-27 for losing)\n|l|!PointedRanger11\n","uploadtime":1700071825,"views":15,"p1id":"jaidpham29","p2id":"pointedranger11","formatid":"gen9nationaldex","rating":1350,"private":0,"password":""}