{"id":"gen9nationaldex-1996153124","p1":"IceBerryCoffee","p2":"zhangsangua","format":"[Gen 9] National Dex","log":"|html|<div class=\"broadcast-blue\"><strong>[Gen 9] National Dex is currently suspecting Sneasler! For information on how to participate check out the <a href=\"https:\/\/www.smogon.com\/forums\/threads\/sv-national-dex-suspect-8-just-dance.3731534\/\">suspect thread<\/a>.<\/strong><\/div>\n|j|\u2606IceBerryCoffee\n|j|\u2606zhangsangua\n|t:|1700652074\n|gametype|singles\n|player|p1|IceBerryCoffee|266|1302\n|player|p2|zhangsangua|rocketgrunt|1336\n|teamsize|p1|6\n|teamsize|p2|6\n|gen|9\n|tier|[Gen 9] National Dex\n|rated|\n|rule|HP Percentage Mod: HP is shown in percentages\n|rule|Endless Battle Clause: Forcing endless battles is banned\n|rule|OHKO Clause: OHKO moves are banned\n|rule|Evasion Clause: Evasion abilities, items, and moves are banned\n|rule|Evasion Abilities Clause: Evasion abilities are banned\n|rule|Evasion Items Clause: Evasion items are banned\n|rule|Evasion Moves Clause: Evasion moves are banned\n|rule|Species Clause: Limit one of each Pok\u00e9mon\n|rule|Sleep Clause Mod: Limit one foe put to sleep\n|clearpoke\n|poke|p1|Maushold-Four|\n|poke|p1|Empoleon, M|\n|poke|p1|Conkeldurr, M|\n|poke|p1|Typhlosion-Hisui, M|\n|poke|p1|Gyarados, M|\n|poke|p1|Hydreigon, F|\n|poke|p2|Banette, F|\n|poke|p2|Ribombee, F|\n|poke|p2|Victini|\n|poke|p2|Sneasler, M|\n|poke|p2|Garchomp, F|\n|poke|p2|Kilowattrel, F|\n|teampreview\n|inactive|Battle timer is ON: inactive players will automatically lose when time's up. (requested by IceBerryCoffee)\n|\n|t:|1700652110\n|start\n|switch|p1a: Typhlosion|Typhlosion-Hisui, M|100\/100\n|switch|p2a: Ribombee|Ribombee, F|100\/100\n|-item|p2a: Ribombee|Focus Sash|[from] ability: Frisk|[of] p1a: Typhlosion|[identify]\n|turn|1\n|\n|t:|1700652117\n|move|p1a: Typhlosion|Eruption|p2a: Ribombee\n|-supereffective|p2a: Ribombee\n|-enditem|p2a: Ribombee|Focus Sash\n|-damage|p2a: Ribombee|1\/100\n|move|p2a: Ribombee|Sticky Web|p1a: Typhlosion\n|-sidestart|p1: IceBerryCoffee|move: Sticky Web\n|\n|upkeep\n|turn|2\n|\n|t:|1700652126\n|move|p1a: Typhlosion|Eruption|p2a: Ribombee\n|-supereffective|p2a: Ribombee\n|-damage|p2a: Ribombee|0 fnt\n|faint|p2a: Ribombee\n|\n|upkeep\n|\n|t:|1700652128\n|switch|p2a: Victini|Victini|100\/100\n|turn|3\n|\n|t:|1700652133\n|switch|p1a: Empoleon|Empoleon, M|100\/100\n|-activate|p1a: Empoleon|move: Sticky Web\n|-unboost|p1a: Empoleon|spe|1\n|-ability|p1a: Empoleon|Competitive|boost\n|-boost|p1a: Empoleon|spa|2\n|move|p2a: Victini|Blue Flare|p1a: Empoleon\n|-damage|p1a: Empoleon|63\/100\n|\n|-heal|p1a: Empoleon|69\/100|[from] item: Leftovers\n|upkeep\n|turn|4\n|\n|t:|1700652147\n|switch|p2a: Banette|Banette, F|100\/100\n|-item|p1a: Empoleon|Leftovers|[from] ability: Frisk|[of] p2a: Banette|[identify]\n|move|p1a: Empoleon|Surf|p2a: Banette\n|-crit|p2a: Banette\n|-damage|p2a: Banette|0 fnt\n|faint|p2a: Banette\n|\n|-heal|p1a: Empoleon|75\/100|[from] item: Leftovers\n|upkeep\n|\n|t:|1700652150\n|switch|p2a: Garchomp|Garchomp, F|100\/100\n|turn|5\n|\n|t:|1700652160\n|-terastallize|p2a: Garchomp|Fire\n|-terastallize|p1a: Empoleon|Ghost\n|move|p2a: Garchomp|Swords Dance|p2a: Garchomp\n|-boost|p2a: Garchomp|atk|2\n|move|p1a: Empoleon|Surf|p2a: Garchomp\n|-supereffective|p2a: Garchomp\n|-damage|p2a: Garchomp|0 fnt\n|faint|p2a: Garchomp\n|\n|-heal|p1a: Empoleon|82\/100|[from] item: Leftovers\n|upkeep\n|-message|zhangsangua forfeited.\n|\n|win|IceBerryCoffee\n|raw|IceBerryCoffee's rating: 1302 &rarr; <strong>1324<\/strong><br \/>(+22 for winning)\n|raw|zhangsangua's rating: 1336 &rarr; <strong>1314<\/strong><br \/>(-22 for losing)\n|l|\u2606zhangsangua\n","uploadtime":1700652177,"views":1,"p1id":"iceberrycoffee","p2id":"zhangsangua","formatid":"gen9nationaldex","rating":1314,"private":0,"password":""}