{"id":"gen9nationaldex-1999596054","p1":"Lgbeet","p2":"Night law","format":"[Gen 9] National Dex","log":"|html|<div class=\"broadcast-blue\"><strong>[Gen 9] National Dex is currently suspecting Sneasler! For information on how to participate check out the <a href=\"https:\/\/www.smogon.com\/forums\/threads\/sv-national-dex-suspect-8-just-dance.3731534\/\">suspect thread<\/a>.<\/strong><\/div>\n|j|\u2606Lgbeet\n|j|\u2606Night law\n|t:|1701099632\n|gametype|singles\n|player|p1|Lgbeet|skullgruntf|1019\n|player|p2|Night law|giovanni|1116\n|teamsize|p1|6\n|teamsize|p2|6\n|gen|9\n|tier|[Gen 9] National Dex\n|rated|\n|rule|HP Percentage Mod: HP is shown in percentages\n|rule|Endless Battle Clause: Forcing endless battles is banned\n|rule|OHKO Clause: OHKO moves are banned\n|rule|Evasion Clause: Evasion abilities, items, and moves are banned\n|rule|Evasion Abilities Clause: Evasion abilities are banned\n|rule|Evasion Items Clause: Evasion items are banned\n|rule|Evasion Moves Clause: Evasion moves are banned\n|rule|Species Clause: Limit one of each Pok\u00e9mon\n|rule|Sleep Clause Mod: Limit one foe put to sleep\n|clearpoke\n|poke|p1|Tatsugiri, M|\n|poke|p1|Zamazenta-*|\n|poke|p1|Whimsicott, F|\n|poke|p1|Clodsire, F|\n|poke|p1|Zoroark, F|\n|poke|p1|Lampent, M|\n|poke|p2|Probopass, F|\n|poke|p2|Hippowdon, M|\n|poke|p2|Salamence, F|\n|poke|p2|Starmie|\n|poke|p2|Stoutland, F|\n|poke|p2|Arcanine, F|\n|teampreview\n|c|\u2606Lgbeet|huh\n|\n|t:|1701099649\n|start\n|switch|p1a: Zamazenta|Zamazenta|100\/100\n|switch|p2a: Salamence|Salamence, F|100\/100\n|-ability|p1a: Zamazenta|Dauntless Shield|boost\n|-boost|p1a: Zamazenta|def|1\n|-ability|p2a: Salamence|Intimidate|boost\n|-unboost|p1a: Zamazenta|atk|1\n|turn|1\n|\n|t:|1701099682\n|-terastallize|p1a: Zamazenta|Water\n|move|p1a: Zamazenta|Iron Defense|p1a: Zamazenta\n|-boost|p1a: Zamazenta|def|2\n|move|p2a: Salamence|Draco Meteor|p1a: Zamazenta|[miss]\n|-miss|p2a: Salamence|p1a: Zamazenta\n|\n|upkeep\n|turn|2\n|\n|t:|1701099692\n|switch|p2a: Hippowdon|Hippowdon, M|100\/100\n|-weather|Sandstorm|[from] ability: Sand Stream|[of] p2a: Hippowdon\n|move|p1a: Zamazenta|Iron Defense|p1a: Zamazenta\n|-boost|p1a: Zamazenta|def|2\n|\n|-weather|Sandstorm|[upkeep]\n|-damage|p1a: Zamazenta|94\/100|[from] Sandstorm\n|-heal|p1a: Zamazenta|100\/100|[from] item: Leftovers\n|upkeep\n|turn|3\n|\n|t:|1701099717\n|move|p1a: Zamazenta|Body Press|p2a: Hippowdon\n|-damage|p2a: Hippowdon|25\/100\n|move|p2a: Hippowdon|Stealth Rock|p1a: Zamazenta\n|-sidestart|p1: Lgbeet|move: Stealth Rock\n|\n|-weather|Sandstorm|[upkeep]\n|-damage|p1a: Zamazenta|94\/100|[from] Sandstorm\n|-heal|p1a: Zamazenta|100\/100|[from] item: Leftovers\n|upkeep\n|turn|4\n|\n|t:|1701099722\n|switch|p2a: Salamence|Salamence, F|100\/100\n|-ability|p2a: Salamence|Intimidate|boost\n|-unboost|p1a: Zamazenta|atk|1\n|move|p1a: Zamazenta|Body Press|p2a: Salamence\n|-resisted|p2a: Salamence\n|-damage|p2a: Salamence|15\/100\n|-enditem|p2a: Salamence|Sitrus Berry|[eat]\n|-heal|p2a: Salamence|40\/100|[from] item: Sitrus Berry\n|\n|-weather|Sandstorm|[upkeep]\n|-damage|p1a: Zamazenta|94\/100|[from] Sandstorm\n|-damage|p2a: Salamence|34\/100|[from] Sandstorm\n|-heal|p1a: Zamazenta|100\/100|[from] item: Leftovers\n|upkeep\n|turn|5\n|\n|t:|1701099751\n|move|p1a: Zamazenta|Body Press|p2a: Salamence\n|-resisted|p2a: Salamence\n|-damage|p2a: Salamence|0 fnt\n|faint|p2a: Salamence\n|\n|-weather|Sandstorm|[upkeep]\n|-damage|p1a: Zamazenta|94\/100|[from] Sandstorm\n|-heal|p1a: Zamazenta|100\/100|[from] item: Leftovers\n|upkeep\n|l|\u2606Night law\n|player|p2|\n|inactive|Battle timer is ON: inactive players will automatically lose when time's up. (requested by Lgbeet)\n|inactive|Night law has 30 seconds to reconnect!\n|inactive|Night law has 20 seconds to reconnect!\n|inactive|Night law has 15 seconds to reconnect!\n|inactive|Night law has 10 seconds to reconnect!\n|inactive|Night law has 5 seconds to reconnect!\n|-message|Night law lost due to inactivity.\n|\n|win|Lgbeet\n|raw|Lgbeet's rating: 1019 &rarr; <strong>1066<\/strong><br \/>(+47 for winning)\n|raw|Night law's rating: 1116 &rarr; <strong>1084<\/strong><br \/>(-32 for losing)\n|c|\u2606Lgbeet|gg\n|c|\u2606Lgbeet|lmao\n","uploadtime":1701099878,"views":13,"p1id":"lgbeet","p2id":"nightlaw","formatid":"gen9nationaldex","rating":1066,"private":0,"password":""}