{"id":"gen9nationaldex-1997781632","p1":"Sebast1anCH","p2":"NDSNEZ pikakip379","format":"[Gen 9] National Dex","log":"|html|<div class=\"broadcast-blue\"><strong>[Gen 9] National Dex is currently suspecting Sneasler! For information on how to participate check out the <a href=\"https:\/\/www.smogon.com\/forums\/threads\/sv-national-dex-suspect-8-just-dance.3731534\/\">suspect thread<\/a>.<\/strong><\/div>\n|j|\u2606Sebast1anCH\n|j|\u2606NDSNEZ pikakip379\n|t:|1700852024\n|gametype|singles\n|player|p1|Sebast1anCH|1|1058\n|player|p2|NDSNEZ pikakip379|ninjaboy-gen3|1086\n|teamsize|p1|6\n|teamsize|p2|6\n|gen|9\n|tier|[Gen 9] National Dex\n|rated|\n|rule|HP Percentage Mod: HP is shown in percentages\n|rule|Endless Battle Clause: Forcing endless battles is banned\n|rule|OHKO Clause: OHKO moves are banned\n|rule|Evasion Clause: Evasion abilities, items, and moves are banned\n|rule|Evasion Abilities Clause: Evasion abilities are banned\n|rule|Evasion Items Clause: Evasion items are banned\n|rule|Evasion Moves Clause: Evasion moves are banned\n|rule|Species Clause: Limit one of each Pok\u00e9mon\n|rule|Sleep Clause Mod: Limit one foe put to sleep\n|clearpoke\n|poke|p1|Pikachu, F|\n|poke|p1|Venusaur, F|\n|poke|p1|Charizard, M|\n|poke|p1|Blastoise, M|\n|poke|p1|Snorlax, F|\n|poke|p1|Lapras, F|\n|poke|p2|Excadrill, F|\n|poke|p2|Medicham, M|\n|poke|p2|Rotom-Wash|\n|poke|p2|Volcarona, M|\n|poke|p2|Kommo-o, M|\n|poke|p2|Landorus-Therian, M|\n|teampreview\n|c|\u2606NDSNEZ pikakip379|gg ez\n|\n|t:|1700852036\n|start\n|switch|p1a: Venusaur|Venusaur, F|100\/100\n|switch|p2a: Medichud|Medicham, M|100\/100\n|turn|1\n|\n|t:|1700852041\n|detailschange|p2a: Medichud|Medicham-Mega, M\n|-mega|p2a: Medichud|Medicham|Medichamite\n|move|p2a: Medichud|Fake Out|p1a: Venusaur\n|-damage|p1a: Venusaur|73\/100\n|cant|p1a: Venusaur|flinch\n|\n|upkeep\n|turn|2\n|\n|t:|1700852047\n|move|p2a: Medichud|Zen Headbutt|p1a: Venusaur\n|-supereffective|p1a: Venusaur\n|-damage|p1a: Venusaur|0 fnt\n|faint|p1a: Venusaur\n|\n|upkeep\n|\n|t:|1700852072\n|switch|p1a: Charizard|Charizard, M, shiny|100\/100\n|turn|3\n|\n|t:|1700852082\n|switch|p2a: Super Soaker|Rotom-Wash, shiny|100\/100\n|move|p1a: Charizard|Substitute|p1a: Charizard\n|-start|p1a: Charizard|Substitute\n|-damage|p1a: Charizard|75\/100\n|\n|upkeep\n|turn|4\n|\n|t:|1700852089\n|move|p1a: Charizard|Belly Drum|p1a: Charizard\n|-damage|p1a: Charizard|25\/100\n|-setboost|p1a: Charizard|atk|6|[from] move: Belly Drum\n|-enditem|p1a: Charizard|Salac Berry|[eat]\n|-boost|p1a: Charizard|spe|1|[from] item: Salac Berry\n|move|p2a: Super Soaker|Hydro Pump|p1a: Charizard\n|-supereffective|p1a: Charizard\n|-end|p1a: Charizard|Substitute\n|\n|upkeep\n|turn|5\n|\n|t:|1700852099\n|move|p1a: Charizard|Acrobatics|p2a: Super Soaker\n|-resisted|p2a: Super Soaker\n|-damage|p2a: Super Soaker|40\/100\n|move|p2a: Super Soaker|Volt Switch|p1a: Charizard\n|-supereffective|p1a: Charizard\n|-damage|p1a: Charizard|0 fnt\n|faint|p1a: Charizard\n|-message|Sebast1anCH forfeited.\n|\n|win|NDSNEZ pikakip379\n|raw|Sebast1anCH's rating: 1058 &rarr; <strong>1041<\/strong><br \/>(-17 for losing)\n|raw|NDSNEZ pikakip379's rating: 1086 &rarr; <strong>1111<\/strong><br \/>(+25 for winning)\n|l|\u2606Sebast1anCH\n","uploadtime":1700852125,"views":13,"p1id":"sebast1anch","p2id":"ndsnezpikakip379","formatid":"gen9nationaldex","rating":1041,"private":0,"password":""}