{"id":"gen9nationaldex-1992904121","p1":"Honwave59","p2":"dr needs","format":"[Gen 9] National Dex","log":"|j|\u2606Honwave59\n|j|\u2606dr needs\n|t:|1700245496\n|gametype|singles\n|player|p1|Honwave59|pilot|1332\n|player|p2|dr needs|265|1311\n|teamsize|p1|6\n|teamsize|p2|6\n|gen|9\n|tier|[Gen 9] National Dex\n|rated|\n|rule|HP Percentage Mod: HP is shown in percentages\n|rule|Endless Battle Clause: Forcing endless battles is banned\n|rule|OHKO Clause: OHKO moves are banned\n|rule|Evasion Clause: Evasion abilities, items, and moves are banned\n|rule|Evasion Abilities Clause: Evasion abilities are banned\n|rule|Evasion Items Clause: Evasion items are banned\n|rule|Evasion Moves Clause: Evasion moves are banned\n|rule|Species Clause: Limit one of each Pok\u00e9mon\n|rule|Sleep Clause Mod: Limit one foe put to sleep\n|clearpoke\n|poke|p1|Tapu Lele|\n|poke|p1|Salamence, F|\n|poke|p1|Durant, F|\n|poke|p1|Espeon, M|\n|poke|p1|Darmanitan, M|\n|poke|p1|Comfey, F|\n|poke|p2|Kommo-o, M|\n|poke|p2|Lickilicky, M|\n|poke|p2|Latios, M|\n|poke|p2|Corviknight, M|\n|poke|p2|Rillaboom, F|\n|poke|p2|Darmanitan, M|\n|teampreview\n|inactive|Battle timer is ON: inactive players will automatically lose when time's up. (requested by Honwave59)\n|inactive|Honwave59 has 120 seconds left.\n|c|\u2606dr needs|go\n|c|\u2606dr needs|olz\n|c|\u2606dr needs|im leading licky\n|inactive|Honwave59 has 90 seconds left.\n|c|\u2606dr needs|just go\n|\n|t:|1700245574\n|start\n|switch|p1a: Little boy|Tapu Lele|100\/100\n|switch|p2a: splicky|Lickilicky, M|100\/100\n|-fieldstart|move: Psychic Terrain|[from] ability: Psychic Surge|[of] p1a: Little boy\n|turn|1\n|\n|t:|1700245583\n|move|p1a: Little boy|Psychic|p2a: splicky\n|-damage|p2a: splicky|18\/100\n|-zpower|p2a: splicky\n|move|p2a: splicky|Breakneck Blitz|p1a: Little boy|[zeffect]\n|-damage|p1a: Little boy|0 fnt\n|faint|p1a: Little boy\n|\n|upkeep\n|c|\u2606dr needs|id!ot\n|c|\u2606dr needs|gote\n|c|\u2606dr needs|m\n|\n|t:|1700245602\n|switch|p1a: Espeon|Espeon, M|100\/100\n|turn|2\n|\n|t:|1700245606\n|-terastallize|p1a: Espeon|Psychic\n|move|p1a: Espeon|Expanding Force|p2a: splicky\n|-crit|p2a: splicky\n|-damage|p2a: splicky|0 fnt\n|faint|p2a: splicky\n|\n|upkeep\n|\n|t:|1700245614\n|switch|p2a: blizaas|Rillaboom, F|100\/100\n|-fieldstart|move: Grassy Terrain|[from] ability: Grassy Surge|[of] p2a: blizaas\n|turn|3\n|\n|t:|1700245619\n|switch|p1a: Kachigga my|Darmanitan, M, shiny|100\/100\n|move|p2a: blizaas|Swords Dance|p2a: blizaas\n|-boost|p2a: blizaas|atk|2\n|\n|upkeep\n|turn|4\n|\n|t:|1700245624\n|-terastallize|p2a: blizaas|Fighting\n|move|p1a: Kachigga my|U-turn|p2a: blizaas\n|-resisted|p2a: blizaas\n|-damage|p2a: blizaas|85\/100\n|\n|t:|1700245630\n|switch|p1a: Espeon|Espeon, M, tera:Psychic|100\/100|[from] U-turn\n|move|p2a: blizaas|Drain Punch|p1a: Espeon\n|-resisted|p1a: Espeon\n|-damage|p1a: Espeon|0 fnt\n|-heal|p2a: blizaas|100\/100|[from] drain|[of] p1a: Espeon\n|faint|p1a: Espeon\n|-damage|p2a: blizaas|91\/100|[from] item: Life Orb\n|\n|-heal|p2a: blizaas|97\/100|[from] Grassy Terrain\n|upkeep\n|\n|t:|1700245634\n|switch|p1a: Comfey|Comfey, F|100\/100\n|turn|5\n|\n|t:|1700245640\n|move|p1a: Comfey|Draining Kiss|p2a: blizaas\n|-supereffective|p2a: blizaas\n|-damage|p2a: blizaas|47\/100\n|move|p2a: blizaas|Grassy Glide|p1a: Comfey\n|-damage|p1a: Comfey|0 fnt\n|faint|p1a: Comfey\n|-damage|p2a: blizaas|37\/100|[from] item: Life Orb\n|\n|-heal|p2a: blizaas|44\/100|[from] Grassy Terrain\n|upkeep\n|l|\u2606Honwave59\n|inactive|Honwave59 disconnected and has a minute to reconnect!\n|player|p1|\n|c|\u2606dr needs|i punched the shit out of ur cat\n|c|\u2606dr needs|gg\n|l|\u2606dr needs\n|inactive|dr needs disconnected and has a minute to reconnect!\n|player|p2|\n|j|\u2606dr needs\n|inactive|dr needs reconnected.\n|player|p2|dr needs|265\n|inactive|Honwave59 has 30 seconds to reconnect!\n|inactive|Honwave59 has 20 seconds to reconnect!\n|inactive|Honwave59 has 15 seconds to reconnect!\n|j|\u2606Honwave59\n|inactive|Honwave59 reconnected and has 95 seconds left.\n|player|p1|Honwave59|pilot\n|l|\u2606Honwave59\n|inactive|Honwave59 disconnected and has a minute to reconnect!\n|player|p1|\n|l|\u2606dr needs\n|inactive|dr needs disconnected and has a minute to reconnect!\n|player|p2|\n|j|\u2606dr needs\n|inactive|dr needs reconnected.\n|player|p2|dr needs|265\n|inactive|Honwave59 has 30 seconds to reconnect!\n|inactive|Honwave59 has 20 seconds to reconnect!\n|c|\u2606dr needs|bad internet\n|c|\u2606dr needs|you must be poor\n|inactive|Honwave59 has 15 seconds to reconnect!\n|inactive|Honwave59 has 10 seconds to reconnect!\n|inactive|Honwave59 has 5 seconds to reconnect!\n|-message|Honwave59 lost due to inactivity.\n|\n|win|dr needs\n|raw|Honwave59's rating: 1332 &rarr; <strong>1311<\/strong><br \/>(-21 for losing)\n|raw|dr needs's rating: 1311 &rarr; <strong>1332<\/strong><br \/>(+21 for winning)\n","uploadtime":1700245656,"views":8,"p1id":"honwave59","p2id":"drneeds","formatid":"gen9nationaldex","rating":1311,"private":0,"password":""}