{"id":"gen9nationaldex-1989127623","p1":"Jameson 40830","p2":"Threshy Is Freshy","format":"[Gen 9] National Dex","log":"|j|\u2606Jameson 40830\n|j|\u2606Threshy Is Freshy\n|t:|1699815187\n|gametype|singles\n|player|p1|Jameson 40830|bellelba|1068\n|player|p2|Threshy Is Freshy|valerie|1131\n|teamsize|p1|6\n|teamsize|p2|6\n|gen|9\n|tier|[Gen 9] National Dex\n|rated|\n|rule|HP Percentage Mod: HP is shown in percentages\n|rule|Endless Battle Clause: Forcing endless battles is banned\n|rule|OHKO Clause: OHKO moves are banned\n|rule|Evasion Clause: Evasion abilities, items, and moves are banned\n|rule|Evasion Abilities Clause: Evasion abilities are banned\n|rule|Evasion Items Clause: Evasion items are banned\n|rule|Evasion Moves Clause: Evasion moves are banned\n|rule|Species Clause: Limit one of each Pok\u00e9mon\n|rule|Sleep Clause Mod: Limit one foe put to sleep\n|clearpoke\n|poke|p1|Pelipper, F|\n|poke|p1|Swampert, M|\n|poke|p1|Ludicolo, F|\n|poke|p1|Gardevoir, F|\n|poke|p1|Salamence, M|\n|poke|p1|Deoxys-Defense|\n|poke|p2|Iron Valiant|\n|poke|p2|Lapras, M|\n|poke|p2|Azelf|\n|poke|p2|Landorus-Therian, M|\n|poke|p2|Scizor, M|\n|poke|p2|Rotom-Wash|\n|teampreview\n|inactive|Battle timer is ON: inactive players will automatically lose when time's up. (requested by Jameson 40830)\n|inactive|Threshy Is Freshy has 120 seconds left.\n|\n|t:|1699815218\n|start\n|switch|p1a: Gardevoir|Gardevoir, F|100\/100\n|switch|p2a: Iron Valiant|Iron Valiant|100\/100\n|-enditem|p2a: Iron Valiant|Booster Energy\n|-activate|p2a: Iron Valiant|ability: Quark Drive|[fromitem]\n|-start|p2a: Iron Valiant|quarkdrivedef\n|turn|1\n|\n|t:|1699815233\n|detailschange|p1a: Gardevoir|Gardevoir-Mega, F\n|-mega|p1a: Gardevoir|Gardevoir|Gardevoirite\n|move|p1a: Gardevoir|Echoed Voice|p2a: Iron Valiant\n|-supereffective|p2a: Iron Valiant\n|-damage|p2a: Iron Valiant|0 fnt\n|faint|p2a: Iron Valiant\n|-end|p2a: Iron Valiant|Quark Drive|[silent]\n|\n|upkeep\n|\n|t:|1699815257\n|switch|p2a: Scizor|Scizor, M|100\/100\n|turn|2\n|\n|t:|1699815262\n|detailschange|p2a: Scizor|Scizor-Mega, M\n|-mega|p2a: Scizor|Scizor|Scizorite\n|move|p2a: Scizor|Bullet Punch|p1a: Gardevoir\n|-supereffective|p1a: Gardevoir\n|-damage|p1a: Gardevoir|0 fnt\n|faint|p1a: Gardevoir\n|\n|upkeep\n|\n|t:|1699815270\n|switch|p1a: Salamence|Salamence, M|100\/100\n|turn|3\n|\n|t:|1699815277\n|move|p1a: Salamence|Dragon Claw|p2a: Scizor\n|-resisted|p2a: Scizor\n|-damage|p2a: Scizor|88\/100\n|move|p2a: Scizor|Swords Dance|p2a: Scizor\n|-boost|p2a: Scizor|atk|2\n|\n|upkeep\n|turn|4\n|\n|t:|1699815284\n|-terastallize|p1a: Salamence|Dragon\n|move|p1a: Salamence|Dragon Claw|p2a: Scizor\n|-resisted|p2a: Scizor\n|-damage|p2a: Scizor|71\/100\n|move|p2a: Scizor|Swords Dance|p2a: Scizor\n|-boost|p2a: Scizor|atk|2\n|\n|upkeep\n|turn|5\n|\n|t:|1699815291\n|move|p1a: Salamence|Dragon Claw|p2a: Scizor\n|-resisted|p2a: Scizor\n|-damage|p2a: Scizor|56\/100\n|move|p2a: Scizor|Roost|p2a: Scizor\n|-heal|p2a: Scizor|100\/100\n|-singleturn|p2a: Scizor|move: Roost\n|\n|upkeep\n|turn|6\n|\n|t:|1699815298\n|move|p2a: Scizor|Bullet Punch|p1a: Salamence\n|-damage|p1a: Salamence|0 fnt\n|faint|p1a: Salamence\n|\n|upkeep\n|\n|t:|1699815301\n|switch|p1a: Deoxys|Deoxys-Defense|100\/100\n|-ability|p1a: Deoxys|Pressure\n|turn|7\n|-message|Jameson 40830 forfeited.\n|\n|win|Threshy Is Freshy\n|raw|Jameson 40830's rating: 1068 &rarr; <strong>1051<\/strong><br \/>(-17 for losing)\n|raw|Threshy Is Freshy's rating: 1131 &rarr; <strong>1152<\/strong><br \/>(+21 for winning)\n|l|\u2606Jameson 40830\n","uploadtime":1699815325,"views":13,"p1id":"jameson40830","p2id":"threshyisfreshy","formatid":"gen9nationaldex","rating":1051,"private":0,"password":""}