{"id":"gen9nationaldex-1997530429","p1":"celax","p2":"steals many wives","format":"[Gen 9] National Dex","log":"|html|<div class=\"broadcast-blue\"><strong>[Gen 9] National Dex is currently suspecting Sneasler! For information on how to participate check out the <a href=\"https:\/\/www.smogon.com\/forums\/threads\/sv-national-dex-suspect-8-just-dance.3731534\/\">suspect thread<\/a>.<\/strong><\/div>\n|j|\u2606celax\n|j|\u2606steals many wives\n|t:|1700820994\n|gametype|singles\n|player|p1|celax|102|1137\n|player|p2|steals many wives|waitress|1156\n|teamsize|p1|6\n|teamsize|p2|6\n|gen|9\n|tier|[Gen 9] National Dex\n|rated|\n|rule|HP Percentage Mod: HP is shown in percentages\n|rule|Endless Battle Clause: Forcing endless battles is banned\n|rule|OHKO Clause: OHKO moves are banned\n|rule|Evasion Clause: Evasion abilities, items, and moves are banned\n|rule|Evasion Abilities Clause: Evasion abilities are banned\n|rule|Evasion Items Clause: Evasion items are banned\n|rule|Evasion Moves Clause: Evasion moves are banned\n|rule|Species Clause: Limit one of each Pok\u00e9mon\n|rule|Sleep Clause Mod: Limit one foe put to sleep\n|clearpoke\n|poke|p1|Ceruledge, F|\n|poke|p1|Rillaboom, M|\n|poke|p1|Dragonite, F|\n|poke|p1|Garganacl, M|\n|poke|p1|Sneasler, M|\n|poke|p1|Samurott-Hisui, M|\n|poke|p2|Volcarona, M|\n|poke|p2|Chandelure, F|\n|poke|p2|Rotom-Heat|\n|poke|p2|Victini|\n|poke|p2|Volcanion|\n|poke|p2|Charizard, F|\n|teampreview\n|inactive|Battle timer is ON: inactive players will automatically lose when time's up. (requested by celax)\n|\n|t:|1700821017\n|start\n|switch|p1a: Samurott|Samurott-Hisui, M|100\/100\n|switch|p2a: Violence|Victini|100\/100\n|turn|1\n|\n|t:|1700821028\n|move|p2a: Violence|Bolt Strike|p1a: Samurott\n|-supereffective|p1a: Samurott\n|-damage|p1a: Samurott|3\/100\n|move|p1a: Samurott|Ceaseless Edge|p2a: Violence\n|-supereffective|p2a: Violence\n|-damage|p2a: Violence|9\/100\n|-sidestart|p2: steals many wives|Spikes\n|\n|upkeep\n|turn|2\n|\n|t:|1700821036\n|move|p1a: Samurott|Aqua Jet|p2a: Violence\n|-supereffective|p2a: Violence\n|-damage|p2a: Violence|0 fnt\n|faint|p2a: Violence\n|\n|upkeep\n|\n|t:|1700821041\n|switch|p2a: Dragon Ballin'|Charizard, F|100\/100\n|turn|3\n|\n|t:|1700821054\n|switch|p1a: Ceruledge|Ceruledge, F|100\/100\n|detailschange|p2a: Dragon Ballin'|Charizard-Mega-X, F\n|-mega|p2a: Dragon Ballin'|Charizard|Charizardite X\n|move|p2a: Dragon Ballin'|Dragon Dance|p2a: Dragon Ballin'\n|-boost|p2a: Dragon Ballin'|atk|1\n|-boost|p2a: Dragon Ballin'|spe|1\n|\n|upkeep\n|turn|4\n|\n|t:|1700821064\n|move|p2a: Dragon Ballin'|Dual Wingbeat|p1a: Ceruledge\n|-damage|p1a: Ceruledge|71\/100\n|-damage|p1a: Ceruledge|37\/100\n|-hitcount|p1a: Ceruledge|2\n|move|p1a: Ceruledge|Bulk Up|p1a: Ceruledge\n|-boost|p1a: Ceruledge|atk|1\n|-boost|p1a: Ceruledge|def|1\n|\n|upkeep\n|turn|5\n|\n|t:|1700821079\n|switch|p1a: Garganacl|Garganacl, M|100\/100\n|move|p2a: Dragon Ballin'|Dragon Claw|p1a: Garganacl\n|-damage|p1a: Garganacl|41\/100\n|\n|-heal|p1a: Garganacl|47\/100|[from] item: Leftovers\n|upkeep\n|turn|6\n|\n|t:|1700821092\n|move|p2a: Dragon Ballin'|Dragon Claw|p1a: Garganacl\n|-damage|p1a: Garganacl|0 fnt\n|faint|p1a: Garganacl\n|\n|upkeep\n|inactive|celax has 120 seconds left.\n|-message|celax forfeited.\n|\n|win|steals many wives\n|raw|celax's rating: 1137 &rarr; <strong>1113<\/strong><br \/>(-24 for losing)\n|raw|steals many wives's rating: 1156 &rarr; <strong>1180<\/strong><br \/>(+24 for winning)\n|l|\u2606celax\n","uploadtime":1700821121,"views":4,"p1id":"celax","p2id":"stealsmanywives","formatid":"gen9nationaldex","rating":1113,"private":0,"password":""}