{"id":"gen9nationaldex-1993045275","p1":"Tank Tests","p2":"PaleSwordsman_666","format":"[Gen 9] National Dex","log":"|j|\u2606Tank Tests\n|j|\u2606PaleSwordsman_666\n|t:|1700258718\n|gametype|singles\n|player|p1|Tank Tests|169|1370\n|player|p2|PaleSwordsman_666|cynthia-gen4|1291\n|teamsize|p1|6\n|teamsize|p2|6\n|gen|9\n|tier|[Gen 9] National Dex\n|rated|\n|rule|HP Percentage Mod: HP is shown in percentages\n|rule|Endless Battle Clause: Forcing endless battles is banned\n|rule|OHKO Clause: OHKO moves are banned\n|rule|Evasion Clause: Evasion abilities, items, and moves are banned\n|rule|Evasion Abilities Clause: Evasion abilities are banned\n|rule|Evasion Items Clause: Evasion items are banned\n|rule|Evasion Moves Clause: Evasion moves are banned\n|rule|Species Clause: Limit one of each Pok\u00e9mon\n|rule|Sleep Clause Mod: Limit one foe put to sleep\n|clearpoke\n|poke|p1|Pawmot, F|\n|poke|p1|Rabsca, M|\n|poke|p1|Banette, M|\n|poke|p1|Victini|\n|poke|p1|Dragonite, M|\n|poke|p1|Forretress, M|\n|poke|p2|Swampert, M|\n|poke|p2|Pelipper, F|\n|poke|p2|Gengar, F|\n|poke|p2|Sylveon, M|\n|poke|p2|Cursola, M|\n|poke|p2|Thundurus-Therian, M|\n|teampreview\n|\n|t:|1700258731\n|start\n|switch|p1a: Victini|Victini|100\/100\n|switch|p2a: Pelipper|Pelipper, F|100\/100\n|-weather|RainDance|[from] ability: Drizzle|[of] p2a: Pelipper\n|turn|1\n|inactive|Battle timer is ON: inactive players will automatically lose when time's up. (requested by PaleSwordsman_666)\n|\n|t:|1700258739\n|switch|p2a: Swampert|Swampert, M|100\/100\n|move|p1a: Victini|Final Gambit|p2a: Swampert\n|-damage|p2a: Swampert|1\/100\n|faint|p1a: Victini\n|\n|-weather|RainDance|[upkeep]\n|upkeep\n|\n|t:|1700258743\n|switch|p1a: Dragonite|Dragonite, M|100\/100\n|turn|2\n|\n|t:|1700258746\n|detailschange|p2a: Swampert|Swampert-Mega, M\n|-mega|p2a: Swampert|Swampert|Swampertite\n|move|p1a: Dragonite|Extreme Speed|p2a: Swampert\n|-damage|p2a: Swampert|0 fnt\n|faint|p2a: Swampert\n|\n|-weather|RainDance|[upkeep]\n|upkeep\n|\n|t:|1700258754\n|switch|p2a: Thundurus|Thundurus-Therian, M|100\/100\n|turn|3\n|\n|t:|1700258757\n|move|p2a: Thundurus|Thunder|p1a: Dragonite\n|-damage|p1a: Dragonite|59\/100\n|-damage|p2a: Thundurus|91\/100|[from] item: Life Orb\n|move|p1a: Dragonite|Dragon Dance|p1a: Dragonite\n|-boost|p1a: Dragonite|atk|1\n|-boost|p1a: Dragonite|spe|1\n|\n|-weather|RainDance|[upkeep]\n|upkeep\n|turn|4\n|\n|t:|1700258763\n|-terastallize|p1a: Dragonite|Normal\n|move|p1a: Dragonite|Extreme Speed|p2a: Thundurus\n|-damage|p2a: Thundurus|0 fnt\n|faint|p2a: Thundurus\n|\n|-weather|RainDance|[upkeep]\n|upkeep\n|\n|t:|1700258771\n|switch|p2a: Cursola|Cursola, M, shiny|100\/100\n|turn|5\n|\n|t:|1700258780\n|move|p1a: Dragonite|Earthquake|p2a: Cursola\n|-damage|p2a: Cursola|0 fnt\n|faint|p2a: Cursola\n|\n|-weather|RainDance|[upkeep]\n|upkeep\n|\n|t:|1700258785\n|switch|p2a: Pelipper|Pelipper, F|100\/100\n|turn|6\n|\n|t:|1700258787\n|move|p1a: Dragonite|Dragon Dance|p1a: Dragonite\n|-boost|p1a: Dragonite|atk|1\n|-boost|p1a: Dragonite|spe|1\n|move|p2a: Pelipper|Weather Ball|p1a: Dragonite\n|-damage|p1a: Dragonite|10\/100\n|\n|-weather|RainDance|[upkeep]\n|upkeep\n|turn|7\n|\n|t:|1700258795\n|move|p1a: Dragonite|Extreme Speed|p2a: Pelipper\n|-damage|p2a: Pelipper|6\/100\n|move|p2a: Pelipper|U-turn|p1a: Dragonite\n|-damage|p1a: Dragonite|1\/100\n|-message|PaleSwordsman_666 forfeited.\n|\n|win|Tank Tests\n|raw|Tank Tests's rating: 1370 &rarr; <strong>1386<\/strong><br \/>(+16 for winning)\n|raw|PaleSwordsman_666's rating: 1291 &rarr; <strong>1272<\/strong><br \/>(-19 for losing)\n|l|\u2606PaleSwordsman_666\n","uploadtime":1700258808,"views":14,"p1id":"tanktests","p2id":"paleswordsman666","formatid":"gen9nationaldex","rating":1272,"private":0,"password":""}