{"id":"gen9nationaldex-1990143912","p1":"KingoftheTitans","p2":"boppydop","format":"[Gen 9] National Dex","log":"|j|\u2606KingoftheTitans\n|j|\u203dboppydop\n|t:|1699929330\n|gametype|singles\n|player|p1|KingoftheTitans|266|1309\n|player|p2|boppydop|twins-gen4dp|1388\n|teamsize|p1|6\n|teamsize|p2|6\n|gen|9\n|tier|[Gen 9] National Dex\n|rated|\n|rule|HP Percentage Mod: HP is shown in percentages\n|rule|Endless Battle Clause: Forcing endless battles is banned\n|rule|OHKO Clause: OHKO moves are banned\n|rule|Evasion Clause: Evasion abilities, items, and moves are banned\n|rule|Evasion Abilities Clause: Evasion abilities are banned\n|rule|Evasion Items Clause: Evasion items are banned\n|rule|Evasion Moves Clause: Evasion moves are banned\n|rule|Species Clause: Limit one of each Pok\u00e9mon\n|rule|Sleep Clause Mod: Limit one foe put to sleep\n|clearpoke\n|poke|p1|Ampharos, F|\n|poke|p1|Slurpuff, F|\n|poke|p1|Tapu Lele|\n|poke|p1|Quagsire, M|\n|poke|p1|Alomomola, F|\n|poke|p1|Enamorus, F|\n|poke|p2|Scizor, M|\n|poke|p2|Gliscor, F|\n|poke|p2|Ogerpon-Wellspring, F|\n|poke|p2|Glimmora, F|\n|poke|p2|Ferrothorn, M|\n|poke|p2|Moltres|\n|teampreview\n|inactive|Battle timer is ON: inactive players will automatically lose when time's up. (requested by boppydop)\n|c|\u2606KingoftheTitans|Oh\n|c|\u2606KingoftheTitans|You again\n|c|\u2606KingoftheTitans|Wassup doc\n|\n|t:|1699929353\n|start\n|switch|p1a: Slurpuff|Slurpuff, F|100\/100\n|switch|p2a: Gliscor|Gliscor, F|100\/100\n|turn|1\n|\n|t:|1699929358\n|move|p2a: Gliscor|Protect|p2a: Gliscor\n|-singleturn|p2a: Gliscor|Protect\n|move|p1a: Slurpuff|Belly Drum|p1a: Slurpuff\n|-damage|p1a: Slurpuff|51\/100\n|-setboost|p1a: Slurpuff|atk|6|[from] move: Belly Drum\n|\n|-status|p2a: Gliscor|tox|[from] item: Toxic Orb\n|upkeep\n|turn|2\n|\n|t:|1699929368\n|move|p1a: Slurpuff|Play Rough|p2a: Gliscor\n|-damage|p2a: Gliscor|13\/100 tox\n|move|p2a: Gliscor|U-turn|p1a: Slurpuff\n|-resisted|p1a: Slurpuff\n|-damage|p1a: Slurpuff|41\/100\n|-enditem|p1a: Slurpuff|Sitrus Berry|[eat]\n|-heal|p1a: Slurpuff|66\/100|[from] item: Sitrus Berry\n|\n|t:|1699929386\n|switch|p2a: Scizor|Scizor, M|100\/100|[from] U-turn\n|\n|upkeep\n|turn|3\n|\n|t:|1699929393\n|detailschange|p2a: Scizor|Scizor-Mega, M\n|-mega|p2a: Scizor|Scizor|Scizorite\n|-terastallize|p1a: Slurpuff|Fighting\n|move|p2a: Scizor|Bullet Punch|p1a: Slurpuff\n|-damage|p1a: Slurpuff|18\/100\n|move|p1a: Slurpuff|Drain Punch|p2a: Scizor\n|-damage|p2a: Scizor|3\/100\n|-heal|p1a: Slurpuff|72\/100|[from] drain|[of] p2a: Scizor\n|\n|upkeep\n|turn|4\n|\n|t:|1699929421\n|switch|p2a: Moltres|Moltres|100\/100\n|move|p1a: Slurpuff|Drain Punch|p2a: Moltres\n|-resisted|p2a: Moltres\n|-damage|p2a: Moltres|40\/100\n|-heal|p1a: Slurpuff|100\/100|[from] drain|[of] p2a: Moltres\n|-enditem|p2a: Moltres|Sitrus Berry|[eat]\n|-heal|p2a: Moltres|65\/100|[from] item: Sitrus Berry\n|\n|upkeep\n|turn|5\n|\n|t:|1699929432\n|move|p1a: Slurpuff|Play Rough|p2a: Moltres\n|-resisted|p2a: Moltres\n|-damage|p2a: Moltres|0 fnt\n|faint|p2a: Moltres\n|\n|upkeep\n|inactive|boppydop has 120 seconds left.\n|\n|t:|1699929444\n|switch|p2a: Ogerpon|Ogerpon-Wellspring, F|100\/100\n|turn|6\n|\n|t:|1699929449\n|-terastallize|p2a: Ogerpon|Water\n|detailschange|p2a: Ogerpon|Ogerpon-Wellspring-Tera, F, tera:Water\n|-ability|p2a: Ogerpon|Embody Aspect (Wellspring)|boost\n|-boost|p2a: Ogerpon|spd|1\n|move|p1a: Slurpuff|Play Rough|p2a: Ogerpon\n|-damage|p2a: Ogerpon|0 fnt\n|faint|p2a: Ogerpon\n|\n|upkeep\n|-message|boppydop forfeited.\n|\n|win|KingoftheTitans\n|raw|KingoftheTitans's rating: 1309 &rarr; <strong>1333<\/strong><br \/>(+24 for winning)\n|raw|boppydop's rating: 1388 &rarr; <strong>1364<\/strong><br \/>(-24 for losing)\n|l|\u203dboppydop\n|c|\u2606KingoftheTitans|Man, this worked better than I thought it would-\n","uploadtime":1699929466,"views":13,"p1id":"kingofthetitans","p2id":"boppydop","formatid":"gen9nationaldex","rating":1333,"private":0,"password":""}