{"id":"gen9nationaldex-1995121375","p1":"The Brocha","p2":"221savage","format":"[Gen 9] National Dex","log":"|html|<div class=\"broadcast-blue\"><strong>[Gen 9] National Dex is currently suspecting Sneasler! For information on how to participate check out the <a href=\"https:\/\/www.smogon.com\/forums\/threads\/sv-national-dex-suspect-8-just-dance.3731534\/\">suspect thread<\/a>.<\/strong><\/div>\n|j|\u2606The Brocha\n|j|\u2606221savage\n|t:|1700524918\n|gametype|singles\n|player|p1|The Brocha|ninjaboy|1363\n|player|p2|221savage|169|1474\n|teamsize|p1|6\n|teamsize|p2|6\n|gen|9\n|tier|[Gen 9] National Dex\n|rated|\n|rule|HP Percentage Mod: HP is shown in percentages\n|rule|Endless Battle Clause: Forcing endless battles is banned\n|rule|OHKO Clause: OHKO moves are banned\n|rule|Evasion Clause: Evasion abilities, items, and moves are banned\n|rule|Evasion Abilities Clause: Evasion abilities are banned\n|rule|Evasion Items Clause: Evasion items are banned\n|rule|Evasion Moves Clause: Evasion moves are banned\n|rule|Species Clause: Limit one of each Pok\u00e9mon\n|rule|Sleep Clause Mod: Limit one foe put to sleep\n|clearpoke\n|poke|p1|Rillaboom, F|\n|poke|p1|Aegislash, F|\n|poke|p1|Alomomola, M|\n|poke|p1|Hawlucha, F|\n|poke|p1|Nidoking, M|\n|poke|p1|Kleavor, M|\n|poke|p2|Blastoise, F|\n|poke|p2|Banette, F|\n|poke|p2|Machamp, M|\n|poke|p2|Darmanitan, M|\n|poke|p2|Tsareena, F|\n|poke|p2|Toxtricity, M|\n|teampreview\n|c|\u2606221savage|wtf\n|c|\u2606The Brocha|w???\n|c|\u2606The Brocha|Good luck, bro\n|c|\u2606221savage|thanks u too !!\n|c|\u2606221savage|i dont think u need it tho\n|c|\u2606221savage|i mean look at my team\n|c|\u2606The Brocha|lol\n|c|\u2606The Brocha|It's a meme team\n|\n|t:|1700524990\n|start\n|switch|p1a: Rillaboom|Rillaboom, F|100\/100\n|switch|p2a: Machamp|Machamp, M|100\/100\n|-fieldstart|move: Grassy Terrain|[from] ability: Grassy Surge|[of] p1a: Rillaboom\n|turn|1\n|\n|t:|1700524996\n|move|p1a: Rillaboom|Wood Hammer|p2a: Machamp\n|-damage|p2a: Machamp|0 fnt\n|faint|p2a: Machamp\n|-damage|p1a: Rillaboom|63\/100|[from] Recoil\n|\n|-heal|p1a: Rillaboom|69\/100|[from] Grassy Terrain\n|upkeep\n|inactive|Battle timer is ON: inactive players will automatically lose when time's up. (requested by The Brocha)\n|c|\u2606The Brocha|Rillaboom is almost free win\n|c|\u2606221savage|ouch\n|\n|t:|1700525029\n|switch|p2a: Darmanitan|Darmanitan, M|100\/100\n|turn|2\n|c|\u2606221savage|not on my watch\n|\n|t:|1700525035\n|switch|p1a: Alomomola|Alomomola, M|100\/100\n|move|p2a: Darmanitan|U-turn|p1a: Alomomola\n|-damage|p1a: Alomomola|86\/100\n|-enditem|p1a: Alomomola|Eject Button\n|\n|t:|1700525050\n|switch|p1a: Kleavor|Kleavor, M|100\/100\n|\n|upkeep\n|turn|3\n|\n|t:|1700525069\n|move|p1a: Kleavor|Stone Axe|p2a: Darmanitan\n|-supereffective|p2a: Darmanitan\n|-damage|p2a: Darmanitan|0 fnt\n|-sidestart|p2: 221savage|move: Stealth Rock\n|faint|p2a: Darmanitan\n|\n|upkeep\n|\n|t:|1700525077\n|switch|p2a: Tsareena|Tsareena, F|100\/100\n|-damage|p2a: Tsareena|88\/100|[from] Stealth Rock\n|turn|4\n|\n|t:|1700525084\n|switch|p1a: Aegislash|Aegislash, F, shiny|100\/100\n|move|p2a: Tsareena|Rapid Spin|p1a: Aegislash\n|-immune|p1a: Aegislash\n|\n|-heal|p2a: Tsareena|94\/100|[from] Grassy Terrain\n|upkeep\n|turn|5\n|c|\u2606221savage|ok fine\n|c|\u2606221savage|u win\n|-message|221savage forfeited.\n|\n|win|The Brocha\n|raw|The Brocha's rating: 1363 &rarr; <strong>1389<\/strong><br \/>(+26 for winning)\n|raw|221savage's rating: 1474 &rarr; <strong>1448<\/strong><br \/>(-26 for losing)\n|c|\u2606The Brocha|lol\n|l|\u2606221savage\n","uploadtime":1700525236,"views":2,"p1id":"thebrocha","p2id":"221savage","formatid":"gen9nationaldex","rating":1389,"private":0,"password":""}