{"id":"gen9nationaldex-2000016482","p1":"Keykard","p2":"koyi1992","format":"[Gen 9] National Dex","log":"|html|<div class=\"broadcast-blue\"><strong>[Gen 9] National Dex is currently suspecting Sneasler! For information on how to participate check out the <a href=\"https:\/\/www.smogon.com\/forums\/threads\/sv-national-dex-suspect-8-just-dance.3731534\/\">suspect thread<\/a>.<\/strong><\/div>\n|j|\u2606Keykard\n|j|\u2606koyi1992\n|t:|1701141574\n|gametype|singles\n|player|p1|Keykard|depotagent|1542\n|player|p2|koyi1992|2|1522\n|teamsize|p1|6\n|teamsize|p2|6\n|gen|9\n|tier|[Gen 9] National Dex\n|rated|\n|rule|HP Percentage Mod: HP is shown in percentages\n|rule|Endless Battle Clause: Forcing endless battles is banned\n|rule|OHKO Clause: OHKO moves are banned\n|rule|Evasion Clause: Evasion abilities, items, and moves are banned\n|rule|Evasion Abilities Clause: Evasion abilities are banned\n|rule|Evasion Items Clause: Evasion items are banned\n|rule|Evasion Moves Clause: Evasion moves are banned\n|rule|Species Clause: Limit one of each Pok\u00e9mon\n|rule|Sleep Clause Mod: Limit one foe put to sleep\n|clearpoke\n|poke|p1|Ogerpon-Wellspring, F|\n|poke|p1|Dragonite, M|\n|poke|p1|Great Tusk|\n|poke|p1|Xurkitree|\n|poke|p1|Moltres|\n|poke|p1|Heatran, M|\n|poke|p2|Indeedee, M|\n|poke|p2|Hatterene, F|\n|poke|p2|Galvantula, M|\n|poke|p2|Empoleon, M|\n|poke|p2|Sneasler, M|\n|poke|p2|Banette, F|\n|teampreview\n|inactive|Battle timer is ON: inactive players will automatically lose when time's up. (requested by koyi1992)\n|\n|t:|1701141593\n|start\n|switch|p1a: Ogerpon|Ogerpon-Wellspring, F|100\/100\n|switch|p2a: Galvantula|Galvantula, M|100\/100\n|turn|1\n|\n|t:|1701141601\n|move|p1a: Ogerpon|Ivy Cudgel|p2a: Galvantula|[anim] Ivy Cudgel Water\n|-enditem|p2a: Galvantula|Focus Sash\n|-damage|p2a: Galvantula|1\/100\n|move|p2a: Galvantula|Sticky Web|p1a: Ogerpon\n|-sidestart|p1: Keykard|move: Sticky Web\n|\n|upkeep\n|turn|2\n|\n|t:|1701141613\n|switch|p2a: Hatterene|Hatterene, F|100\/100\n|move|p1a: Ogerpon|Ivy Cudgel|p2a: Hatterene|[anim] Ivy Cudgel Water\n|-damage|p2a: Hatterene|50\/100\n|-enditem|p2a: Hatterene|Eject Button\n|\n|t:|1701141629\n|switch|p2a: Banette|Banette, F|100\/100\n|\n|upkeep\n|turn|3\n|\n|t:|1701141640\n|switch|p1a: Xurkitree|Xurkitree|100\/100\n|-activate|p1a: Xurkitree|move: Sticky Web\n|-unboost|p1a: Xurkitree|spe|1\n|detailschange|p2a: Banette|Banette-Mega, F\n|-mega|p2a: Banette|Banette|Banettite\n|move|p2a: Banette|Poltergeist|p1a: Xurkitree\n|-activate|p1a: Xurkitree|move: Poltergeist|Psychium Z\n|-damage|p1a: Xurkitree|0 fnt\n|faint|p1a: Xurkitree\n|\n|upkeep\n|\n|t:|1701141651\n|switch|p1a: Heatran|Heatran, M|100\/100\n|-activate|p1a: Heatran|move: Sticky Web\n|-unboost|p1a: Heatran|spe|1\n|turn|4\n|\n|t:|1701141656\n|move|p2a: Banette|Poltergeist|p1a: Heatran\n|-activate|p1a: Heatran|move: Poltergeist|Leftovers\n|-damage|p1a: Heatran|32\/100\n|move|p1a: Heatran|Toxic|p2a: Banette|[miss]\n|-miss|p1a: Heatran|p2a: Banette\n|\n|-heal|p1a: Heatran|38\/100|[from] item: Leftovers\n|upkeep\n|turn|5\n|\n|t:|1701141666\n|move|p2a: Banette|Poltergeist|p1a: Heatran\n|-activate|p1a: Heatran|move: Poltergeist|Leftovers\n|-damage|p1a: Heatran|0 fnt\n|faint|p1a: Heatran\n|\n|upkeep\n|\n|t:|1701141675\n|switch|p1a: Ogerpon|Ogerpon-Wellspring, F|100\/100\n|-activate|p1a: Ogerpon|move: Sticky Web\n|-unboost|p1a: Ogerpon|spe|1\n|turn|6\n|\n|t:|1701141694\n|move|p2a: Banette|Poltergeist|p1a: Ogerpon\n|-activate|p1a: Ogerpon|move: Poltergeist|Wellspring Mask\n|-damage|p1a: Ogerpon|1\/100\n|move|p1a: Ogerpon|Ivy Cudgel|p2a: Banette|[anim] Ivy Cudgel Water\n|-damage|p2a: Banette|1\/100\n|\n|upkeep\n|turn|7\n|\n|t:|1701141703\n|move|p2a: Banette|Shadow Sneak|p1a: Ogerpon\n|-damage|p1a: Ogerpon|0 fnt\n|faint|p1a: Ogerpon\n|\n|upkeep\n|c|\u2606koyi1992|WOW\n|-message|Keykard forfeited.\n|\n|win|koyi1992\n|raw|Keykard's rating: 1542 &rarr; <strong>1521<\/strong><br \/>(-21 for losing)\n|raw|koyi1992's rating: 1522 &rarr; <strong>1543<\/strong><br \/>(+21 for winning)\n|l|\u2606Keykard\n","uploadtime":1701141715,"views":2,"p1id":"keykard","p2id":"koyi1992","formatid":"gen9nationaldex","rating":1521,"private":0,"password":""}