{"id":"gen9nationaldex-2000259817","p1":"RlP Pokemon Duel","p2":"fritzrakoczy","format":"[Gen 9] National Dex","log":"|html|<div class=\"broadcast-blue\"><strong>[Gen 9] National Dex is currently suspecting Sneasler! For information on how to participate check out the <a href=\"https:\/\/www.smogon.com\/forums\/threads\/sv-national-dex-suspect-8-just-dance.3731534\/\">suspect thread<\/a>.<\/strong><\/div>\n|j|\u2606RlP Pokemon Duel\n|j|\u2606fritzrakoczy\n|t:|1701178649\n|gametype|singles\n|player|p1|RlP Pokemon Duel|worker-lgpe|1189\n|player|p2|fritzrakoczy|rosa|1181\n|teamsize|p1|6\n|teamsize|p2|6\n|gen|9\n|tier|[Gen 9] National Dex\n|rated|\n|rule|HP Percentage Mod: HP is shown in percentages\n|rule|Endless Battle Clause: Forcing endless battles is banned\n|rule|OHKO Clause: OHKO moves are banned\n|rule|Evasion Clause: Evasion abilities, items, and moves are banned\n|rule|Evasion Abilities Clause: Evasion abilities are banned\n|rule|Evasion Items Clause: Evasion items are banned\n|rule|Evasion Moves Clause: Evasion moves are banned\n|rule|Species Clause: Limit one of each Pok\u00e9mon\n|rule|Sleep Clause Mod: Limit one foe put to sleep\n|clearpoke\n|poke|p1|Chatot, M|\n|poke|p1|Cramorant, F|\n|poke|p1|Crawdaunt, M|\n|poke|p1|Maushold|\n|poke|p1|Plusle, M|\n|poke|p1|Cradily, F|\n|poke|p2|Pelipper, M|\n|poke|p2|Manaphy|\n|poke|p2|Swampert, F|\n|poke|p2|Kartana|\n|poke|p2|Thundurus-Therian, M|\n|poke|p2|Great Tusk|\n|teampreview\n|inactive|Battle timer is ON: inactive players will automatically lose when time's up. (requested by fritzrakoczy)\n|\n|t:|1701178654\n|start\n|switch|p1a: Plusle The Mighty|Plusle, M|100\/100\n|switch|p2a: Pelipper|Pelipper, M|100\/100\n|-weather|RainDance|[from] ability: Drizzle|[of] p2a: Pelipper\n|turn|1\n|\n|t:|1701178672\n|switch|p2a: Great Tusk|Great Tusk|100\/100\n|move|p1a: Plusle The Mighty|Grass Knot|p2a: Great Tusk\n|-supereffective|p2a: Great Tusk\n|-damage|p2a: Great Tusk|0 fnt\n|faint|p2a: Great Tusk\n|-end|p2a: Great Tusk|Protosynthesis|[silent]\n|-damage|p1a: Plusle The Mighty|91\/100|[from] item: Life Orb\n|\n|-weather|RainDance|[upkeep]\n|upkeep\n|c|\u2606fritzrakoczy|You sack\n|c|\u2606RlP Pokemon Duel|i was expecting swampert\n|\n|t:|1701178687\n|switch|p2a: Swampert|Swampert, F|100\/100\n|turn|2\n|c|\u2606RlP Pokemon Duel|but that works\n|c|\u2606RlP Pokemon Duel|i guess\n|\n|t:|1701178698\n|switch|p1a: Very Hungry Bird|Cramorant, F, shiny|100\/100\n|detailschange|p2a: Swampert|Swampert-Mega, F\n|-mega|p2a: Swampert|Swampert|Swampertite\n|move|p2a: Swampert|Earthquake|p1a: Very Hungry Bird\n|-immune|p1a: Very Hungry Bird\n|\n|-weather|RainDance|[upkeep]\n|upkeep\n|turn|3\n|\n|t:|1701178718\n|move|p2a: Swampert|Flip Turn|p1a: Very Hungry Bird\n|-resisted|p1a: Very Hungry Bird\n|-damage|p1a: Very Hungry Bird|42\/100\n|\n|t:|1701178730\n|switch|p2a: Thundurus|Thundurus-Therian, M|100\/100|[from] Flip Turn\n|move|p1a: Very Hungry Bird|Surf|p2a: Thundurus\n|-formechange|p1a: Very Hungry Bird|Cramorant-Gorging|\n|-damage|p2a: Thundurus|27\/100\n|\n|-weather|RainDance|[upkeep]\n|upkeep\n|turn|4\n|\n|t:|1701178737\n|-terastallize|p1a: Very Hungry Bird|Ground\n|move|p2a: Thundurus|Volt Switch|p1a: Very Hungry Bird\n|-immune|p1a: Very Hungry Bird\n|move|p1a: Very Hungry Bird|Surf|p2a: Thundurus\n|-damage|p2a: Thundurus|0 fnt\n|faint|p2a: Thundurus\n|\n|-weather|RainDance|[upkeep]\n|upkeep\n|c|\u2606fritzrakoczy|Really\n|c|\u2606RlP Pokemon Duel|yup\n|\n|t:|1701178749\n|switch|p2a: Swampert|Swampert-Mega, F|100\/100\n|turn|5\n|\n|t:|1701178756\n|move|p2a: Swampert|Ice Punch|p1a: Very Hungry Bird\n|-supereffective|p1a: Very Hungry Bird\n|-damage|p1a: Very Hungry Bird|0 fnt\n|-damage|p2a: Swampert|76\/100|[from] ability: Gulp Missile|[of] p1a: Very Hungry Bird\n|-status|p2a: Swampert|par\n|-formechange|p1a: Very Hungry Bird|Cramorant|\n|faint|p1a: Very Hungry Bird\n|\n|-weather|RainDance|[upkeep]\n|upkeep\n|\n|t:|1701178765\n|switch|p1a: Plusle The Mighty|Plusle, M|91\/100\n|turn|6\n|inactive|fritzrakoczy has 120 seconds left.\n|\n|t:|1701178803\n|move|p1a: Plusle The Mighty|Grass Knot|p2a: Swampert\n|-supereffective|p2a: Swampert\n|-damage|p2a: Swampert|0 fnt\n|faint|p2a: Swampert\n|-damage|p1a: Plusle The Mighty|81\/100|[from] item: Life Orb\n|\n|-weather|RainDance|[upkeep]\n|upkeep\n|-message|fritzrakoczy forfeited.\n|\n|win|RlP Pokemon Duel\n|raw|RlP Pokemon Duel's rating: 1189 &rarr; <strong>1211<\/strong><br \/>(+22 for winning)\n|raw|fritzrakoczy's rating: 1153 &rarr; <strong>1131<\/strong><br \/>(-22 for losing)\n|l|\u2606fritzrakoczy\n","uploadtime":1701178861,"views":3,"p1id":"rlppokemonduel","p2id":"fritzrakoczy","formatid":"gen9nationaldex","rating":1131,"private":0,"password":""}