{"id":"gen9nationaldex-2000306091","p1":"sgyyds","p2":"Real_Appletun","format":"[Gen 9] National Dex","log":"|html|<div class=\"broadcast-blue\"><strong>[Gen 9] National Dex is currently suspecting Sneasler! For information on how to participate check out the <a href=\"https:\/\/www.smogon.com\/forums\/threads\/sv-national-dex-suspect-8-just-dance.3731534\/\">suspect thread<\/a>.<\/strong><\/div>\n|j|\u2606sgyyds\n|j|\u2606Real_Appletun\n|t:|1701183346\n|gametype|singles\n|player|p1|sgyyds|lucas|1039\n|player|p2|Real_Appletun|steven|1145\n|teamsize|p1|6\n|teamsize|p2|6\n|gen|9\n|tier|[Gen 9] National Dex\n|rated|\n|rule|HP Percentage Mod: HP is shown in percentages\n|rule|Endless Battle Clause: Forcing endless battles is banned\n|rule|OHKO Clause: OHKO moves are banned\n|rule|Evasion Clause: Evasion abilities, items, and moves are banned\n|rule|Evasion Abilities Clause: Evasion abilities are banned\n|rule|Evasion Items Clause: Evasion items are banned\n|rule|Evasion Moves Clause: Evasion moves are banned\n|rule|Species Clause: Limit one of each Pok\u00e9mon\n|rule|Sleep Clause Mod: Limit one foe put to sleep\n|clearpoke\n|poke|p1|Torkoal, M|\n|poke|p1|Snorlax, F|\n|poke|p1|Rotom-Wash|\n|poke|p1|Scyther, F|\n|poke|p1|Samurott-Hisui, F|\n|poke|p1|Meowscarada, F|\n|poke|p2|Minior|\n|poke|p2|Latios, M|\n|poke|p2|Grimmsnarl, M|\n|poke|p2|Kartana|\n|poke|p2|Meowscarada, F|\n|poke|p2|Gourgeist-*, F|\n|teampreview\n|c|\u2606Real_Appletun|hold on\n|c|\u2606Real_Appletun|i remember you\n|\n|t:|1701183380\n|start\n|switch|p1a: Scyther|Scyther, F|100\/100\n|switch|p2a: Gourgeist|Gourgeist-Super, F|100\/100\n|-item|p1a: Scyther|Eviolite|[from] ability: Frisk|[of] p2a: Gourgeist|[identify]\n|turn|1\n|\n|t:|1701183391\n|-terastallize|p1a: Scyther|Flying\n|move|p1a: Scyther|Trailblaze|p2a: Gourgeist\n|-resisted|p2a: Gourgeist\n|-damage|p2a: Gourgeist|93\/100\n|-boost|p1a: Scyther|spe|1\n|move|p2a: Gourgeist|Flame Charge|p1a: Scyther\n|-damage|p1a: Scyther|90\/100\n|-boost|p2a: Gourgeist|spe|1\n|\n|upkeep\n|turn|2\n|\n|t:|1701183403\n|move|p1a: Scyther|Swords Dance|p1a: Scyther\n|-boost|p1a: Scyther|atk|2\n|move|p2a: Gourgeist|Flame Charge|p1a: Scyther\n|-damage|p1a: Scyther|79\/100\n|-boost|p2a: Gourgeist|spe|1\n|\n|upkeep\n|turn|3\n|\n|t:|1701183410\n|move|p1a: Scyther|Swords Dance|p1a: Scyther\n|-boost|p1a: Scyther|atk|2\n|move|p2a: Gourgeist|Explosion|p1a: Scyther\n|-damage|p1a: Scyther|23\/100\n|faint|p2a: Gourgeist\n|\n|upkeep\n|\n|t:|1701183417\n|switch|p2a: Grimmsnarl|Grimmsnarl, M|100\/100\n|turn|4\n|\n|t:|1701183421\n|move|p2a: Grimmsnarl|Fake Out|p1a: Scyther\n|-damage|p1a: Scyther|15\/100\n|cant|p1a: Scyther|flinch\n|\n|upkeep\n|turn|5\n|\n|t:|1701183434\n|switch|p2a: Kartana|Kartana|100\/100\n|move|p1a: Scyther|Aerial Ace|p2a: Kartana\n|-crit|p2a: Kartana\n|-damage|p2a: Kartana|0 fnt\n|faint|p2a: Kartana\n|\n|upkeep\n|\n|t:|1701183442\n|switch|p2a: Grimmsnarl|Grimmsnarl, M|100\/100\n|turn|6\n|\n|t:|1701183445\n|move|p2a: Grimmsnarl|Fake Out|p1a: Scyther\n|-damage|p1a: Scyther|5\/100\n|cant|p1a: Scyther|flinch\n|\n|upkeep\n|turn|7\n|\n|t:|1701183450\n|move|p2a: Grimmsnarl|Thunder Wave|p1a: Scyther\n|-status|p1a: Scyther|par\n|cant|p1a: Scyther|par\n|\n|upkeep\n|turn|8\n|\n|t:|1701183456\n|move|p1a: Scyther|Aerial Ace|p2a: Grimmsnarl\n|-damage|p2a: Grimmsnarl|0 fnt\n|faint|p2a: Grimmsnarl\n|\n|upkeep\n|\n|t:|1701183462\n|switch|p2a: Meowscarada|Meowscarada, F|100\/100\n|turn|9\n|\n|t:|1701183470\n|move|p2a: Meowscarada|Flower Trick|p1a: Scyther\n|-resisted|p1a: Scyther\n|-crit|p1a: Scyther\n|-damage|p1a: Scyther|0 fnt\n|faint|p1a: Scyther\n|\n|upkeep\n|-message|sgyyds forfeited.\n|\n|win|Real_Appletun\n|raw|sgyyds's rating: 1039 &rarr; <strong>1028<\/strong><br \/>(-11 for losing)\n|raw|Real_Appletun's rating: 1145 &rarr; <strong>1163<\/strong><br \/>(+18 for winning)\n|l|\u2606sgyyds\n","uploadtime":1701183489,"views":5,"p1id":"sgyyds","p2id":"realappletun","formatid":"gen9nationaldex","rating":1028,"private":0,"password":""}