{"id":"gen9nationaldex-1989530858","p1":"GAGA233","p2":"fengfengzuikeai","format":"[Gen 9] National Dex","log":"|j|\u2606GAGA233\n|j|\u2606fengfengzuikeai\n|t:|1699866592\n|gametype|singles\n|player|p1|GAGA233|102|1577\n|player|p2|fengfengzuikeai|101|1817\n|teamsize|p1|6\n|teamsize|p2|6\n|gen|9\n|tier|[Gen 9] National Dex\n|rated|\n|rule|HP Percentage Mod: HP is shown in percentages\n|rule|Endless Battle Clause: Forcing endless battles is banned\n|rule|OHKO Clause: OHKO moves are banned\n|rule|Evasion Clause: Evasion abilities, items, and moves are banned\n|rule|Evasion Abilities Clause: Evasion abilities are banned\n|rule|Evasion Items Clause: Evasion items are banned\n|rule|Evasion Moves Clause: Evasion moves are banned\n|rule|Species Clause: Limit one of each Pok\u00e9mon\n|rule|Sleep Clause Mod: Limit one foe put to sleep\n|clearpoke\n|poke|p1|Alakazam, M|\n|poke|p1|Armarouge, M|\n|poke|p1|Tapu Lele|\n|poke|p1|Hawlucha, F|\n|poke|p1|Chansey, F|\n|poke|p1|Cinderace, M|\n|poke|p2|Urshifu-*, M|\n|poke|p2|Garchomp, M|\n|poke|p2|Zapdos|\n|poke|p2|Blaziken, M|\n|poke|p2|Rillaboom, M|\n|poke|p2|Slowking, F|\n|teampreview\n|inactive|Battle timer is ON: inactive players will automatically lose when time's up. (requested by GAGA233)\n|\n|t:|1699866601\n|start\n|switch|p1a: Cinderace|Cinderace, M|100\/100\n|switch|p2a: Urshifu|Urshifu-Rapid-Strike, M|100\/100\n|turn|1\n|\n|t:|1699866606\n|-terastallize|p2a: Urshifu|Water\n|move|p2a: Urshifu|Surging Strikes|p1a: Cinderace\n|-supereffective|p1a: Cinderace\n|-crit|p1a: Cinderace\n|-damage|p1a: Cinderace|22\/100\n|-supereffective|p1a: Cinderace\n|-crit|p1a: Cinderace\n|-damage|p1a: Cinderace|0 fnt\n|faint|p1a: Cinderace\n|-hitcount|p1: Cinderace|2\n|\n|upkeep\n|\n|t:|1699866611\n|switch|p1a: Armarouge|Armarouge, M|100\/100\n|turn|2\n|\n|t:|1699866616\n|move|p1a: Armarouge|Endure|p1a: Armarouge\n|-singleturn|p1a: Armarouge|move: Endure\n|move|p2a: Urshifu|Surging Strikes|p1a: Armarouge\n|-supereffective|p1a: Armarouge\n|-crit|p1a: Armarouge\n|-damage|p1a: Armarouge|46\/100\n|-ability|p1a: Armarouge|Weak Armor|boost\n|-unboost|p1a: Armarouge|def|1\n|-boost|p1a: Armarouge|spe|2\n|-enditem|p1a: Armarouge|Weakness Policy\n|-boost|p1a: Armarouge|atk|2|[from] item: Weakness Policy\n|-boost|p1a: Armarouge|spa|2|[from] item: Weakness Policy\n|-supereffective|p1a: Armarouge\n|-crit|p1a: Armarouge\n|-activate|p1a: Armarouge|move: Endure\n|-damage|p1a: Armarouge|1\/100\n|-ability|p1a: Armarouge|Weak Armor|boost\n|-unboost|p1a: Armarouge|def|1\n|-boost|p1a: Armarouge|spe|2\n|-supereffective|p1a: Armarouge\n|-crit|p1a: Armarouge\n|-activate|p1a: Armarouge|move: Endure\n|-damage|p1a: Armarouge|1\/100\n|-ability|p1a: Armarouge|Weak Armor|boost\n|-unboost|p1a: Armarouge|def|1\n|-boost|p1a: Armarouge|spe|2\n|-hitcount|p1a: Armarouge|3\n|\n|upkeep\n|turn|3\n|\n|t:|1699866621\n|switch|p2a: Slowking|Slowking, F|100\/100\n|move|p1a: Armarouge|Expanding Force|p2a: Slowking\n|-resisted|p2a: Slowking\n|-damage|p2a: Slowking|73\/100\n|\n|upkeep\n|turn|4\n|\n|t:|1699866625\n|move|p1a: Armarouge|Destiny Bond|p1a: Armarouge\n|-singlemove|p1a: Armarouge|Destiny Bond\n|move|p2a: Slowking|Toxic|p1a: Armarouge\n|-status|p1a: Armarouge|tox\n|\n|-damage|p1a: Armarouge|0 fnt|[from] psn\n|faint|p1a: Armarouge\n|upkeep\n|-message|GAGA233 forfeited.\n|\n|win|fengfengzuikeai\n|raw|GAGA233's rating: 1577 &rarr; <strong>1569<\/strong><br \/>(-8 for losing)\n|raw|fengfengzuikeai's rating: 1817 &rarr; <strong>1825<\/strong><br \/>(+8 for winning)\n|l|\u2606GAGA233\n","uploadtime":1699866634,"views":5,"p1id":"gaga233","p2id":"fengfengzuikeai","formatid":"gen9nationaldex","rating":1569,"private":0,"password":""}