{"id":"gen9nationaldex-1998930608","p1":"treeshhhh","p2":"shikeerzhi","format":"[Gen 9] National Dex","log":"|html|<div class=\"broadcast-blue\"><strong>[Gen 9] National Dex is currently suspecting Sneasler! For information on how to participate check out the <a href=\"https:\/\/www.smogon.com\/forums\/threads\/sv-national-dex-suspect-8-just-dance.3731534\/\">suspect thread<\/a>.<\/strong><\/div>\n|j|\u2606treeshhhh\n|j|\u2606shikeerzhi\n|t:|1701014460\n|gametype|singles\n|player|p1|treeshhhh|lucas|1331\n|player|p2|shikeerzhi|giovanni|1399\n|teamsize|p1|6\n|teamsize|p2|6\n|gen|9\n|tier|[Gen 9] National Dex\n|rated|\n|rule|HP Percentage Mod: HP is shown in percentages\n|rule|Endless Battle Clause: Forcing endless battles is banned\n|rule|OHKO Clause: OHKO moves are banned\n|rule|Evasion Clause: Evasion abilities, items, and moves are banned\n|rule|Evasion Abilities Clause: Evasion abilities are banned\n|rule|Evasion Items Clause: Evasion items are banned\n|rule|Evasion Moves Clause: Evasion moves are banned\n|rule|Species Clause: Limit one of each Pok\u00e9mon\n|rule|Sleep Clause Mod: Limit one foe put to sleep\n|clearpoke\n|poke|p1|Steelix, F|\n|poke|p1|Tyranitar, M|\n|poke|p1|Rillaboom, F|\n|poke|p1|Sneasler, M|\n|poke|p1|Rotom-Wash|\n|poke|p1|Kartana|\n|poke|p2|Beedrill, F|\n|poke|p2|Landorus-Therian, M|\n|poke|p2|Mandibuzz, F|\n|poke|p2|Slowking-Galar, F|\n|poke|p2|Urshifu-*, M|\n|poke|p2|Diggersby, M|\n|teampreview\n|\n|t:|1701014471\n|start\n|switch|p1a: Rotom|Rotom-Wash|100\/100\n|switch|p2a: Landorus|Landorus-Therian, M|100\/100\n|-ability|p2a: Landorus|Intimidate|boost\n|-unboost|p1a: Rotom|atk|1\n|turn|1\n|\n|t:|1701014477\n|switch|p2a: Slowking|Slowking-Galar, F|100\/100\n|move|p1a: Rotom|Hydro Pump|p2a: Slowking\n|-damage|p2a: Slowking|78\/100\n|\n|upkeep\n|turn|2\n|\n|t:|1701014484\n|move|p1a: Rotom|Thunder Wave|p2a: Slowking|[miss]\n|-miss|p1a: Rotom|p2a: Slowking\n|move|p2a: Slowking|Chilly Reception|p2a: Slowking\n|-weather|Snow\n|\n|t:|1701014493\n|switch|p2a: Diggersby|Diggersby, M|100\/100|[from] Chilly Reception\n|\n|-weather|Snow|[upkeep]\n|upkeep\n|turn|3\n|\n|t:|1701014499\n|move|p2a: Diggersby|Frustration|p1a: Rotom\n|-damage|p1a: Rotom|25\/100\n|-zpower|p1a: Rotom\n|move|p1a: Rotom|Hydro Vortex|p2a: Diggersby|[zeffect]\n|-supereffective|p2a: Diggersby\n|-damage|p2a: Diggersby|0 fnt\n|faint|p2a: Diggersby\n|\n|-weather|Snow|[upkeep]\n|upkeep\n|-message|shikeerzhi forfeited.\n|\n|win|treeshhhh\n|raw|treeshhhh's rating: 1331 &rarr; <strong>1355<\/strong><br \/>(+24 for winning)\n|raw|shikeerzhi's rating: 1399 &rarr; <strong>1375<\/strong><br \/>(-24 for losing)\n|l|\u2606shikeerzhi\n","uploadtime":1701014512,"views":3,"p1id":"treeshhhh","p2id":"shikeerzhi","formatid":"gen9nationaldex","rating":1355,"private":0,"password":""}