{"id":"gen9nationaldex-1991639376","p1":"X_Arodon_X","p2":"Craftmine_Pro","format":"[Gen 9] National Dex","log":"|j|\u2606X_Arodon_X\n|j|\u2606Craftmine_Pro\n|t:|1700097214\n|gametype|singles\n|player|p1|X_Arodon_X|bruno|\n|player|p2|Craftmine_Pro|hilbert-wonderlauncher|\n|teamsize|p1|6\n|teamsize|p2|6\n|gen|9\n|tier|[Gen 9] National Dex\n|rule|HP Percentage Mod: HP is shown in percentages\n|rule|Endless Battle Clause: Forcing endless battles is banned\n|rule|OHKO Clause: OHKO moves are banned\n|rule|Evasion Clause: Evasion abilities, items, and moves are banned\n|rule|Evasion Abilities Clause: Evasion abilities are banned\n|rule|Evasion Items Clause: Evasion items are banned\n|rule|Evasion Moves Clause: Evasion moves are banned\n|rule|Species Clause: Limit one of each Pok\u00e9mon\n|rule|Sleep Clause Mod: Limit one foe put to sleep\n|clearpoke\n|poke|p1|Blaziken, M|\n|poke|p1|Gastrodon, M|\n|poke|p1|Gliscor, M|\n|poke|p1|Scizor, M|\n|poke|p1|Blissey, F|\n|poke|p1|Hatterene, F|\n|poke|p2|Altaria, M|\n|poke|p2|Landorus-Therian, M|\n|poke|p2|Slowbro, F|\n|poke|p2|Heatran, F|\n|poke|p2|Garchomp, M|\n|poke|p2|Ogerpon-Cornerstone, F|\n|teampreview\n|inactive|Battle timer is ON: inactive players will automatically lose when time's up. (requested by X_Arodon_X)\n|\n|t:|1700097233\n|start\n|switch|p1a: Notorious B.U.G.|Scizor, M, shiny|100\/100\n|switch|p2a: lando tee|Landorus-Therian, M|100\/100\n|-ability|p2a: lando tee|Intimidate|boost\n|-unboost|p1a: Notorious B.U.G.|atk|1\n|turn|1\n|\n|t:|1700097243\n|switch|p1a: Joseph Stalling|Gliscor, M|100\/100\n|move|p2a: lando tee|Knock Off|p1a: Joseph Stalling\n|-damage|p1a: Joseph Stalling|78\/100\n|-enditem|p1a: Joseph Stalling|Toxic Orb|[from] move: Knock Off|[of] p2a: lando tee\n|\n|upkeep\n|turn|2\n|-message|X_Arodon_X forfeited.\n|\n|win|Craftmine_Pro\n|l|\u2606X_Arodon_X\n","uploadtime":1700097256,"views":7,"p1id":"xarodonx","p2id":"craftminepro","formatid":"gen9nationaldex","rating":0,"private":0,"password":""}