{"id":"gen9nationaldex-1993539296","p1":"Marty1010","p2":"lbwllj","format":"[Gen 9] National Dex","log":"|j|\u2606Marty1010\n|j|\u2606lbwllj\n|t:|1700329526\n|gametype|singles\n|player|p1|Marty1010|crasherwake|1245\n|player|p2|lbwllj|zinnia|1280\n|teamsize|p1|6\n|teamsize|p2|6\n|gen|9\n|tier|[Gen 9] National Dex\n|rated|\n|rule|HP Percentage Mod: HP is shown in percentages\n|rule|Endless Battle Clause: Forcing endless battles is banned\n|rule|OHKO Clause: OHKO moves are banned\n|rule|Evasion Clause: Evasion abilities, items, and moves are banned\n|rule|Evasion Abilities Clause: Evasion abilities are banned\n|rule|Evasion Items Clause: Evasion items are banned\n|rule|Evasion Moves Clause: Evasion moves are banned\n|rule|Species Clause: Limit one of each Pok\u00e9mon\n|rule|Sleep Clause Mod: Limit one foe put to sleep\n|clearpoke\n|poke|p1|Slowbro, M|\n|poke|p1|Lucario, M|\n|poke|p1|Glimmora, F|\n|poke|p1|Gliscor, F|\n|poke|p1|Milotic, F|\n|poke|p1|Umbreon, M|\n|poke|p2|Porygon-Z|\n|poke|p2|Moltres|\n|poke|p2|Durant, M|\n|poke|p2|Nihilego|\n|poke|p2|Zapdos|\n|poke|p2|Tapu Lele|\n|teampreview\n|\n|t:|1700329533\n|start\n|switch|p1a: Max|Umbreon, M|100\/100\n|switch|p2a: Nihilego|Nihilego|100\/100\n|turn|1\n|\n|t:|1700329547\n|switch|p1a: Mari|Glimmora, F|100\/100\n|move|p2a: Nihilego|Meteor Beam||[still]\n|-prepare|p2a: Nihilego|Meteor Beam\n|-boost|p2a: Nihilego|spa|1\n|-enditem|p2a: Nihilego|Power Herb\n|-anim|p2a: Nihilego|Meteor Beam|p1a: Mari\n|-damage|p1a: Mari|0 fnt\n|faint|p1a: Mari\n|-ability|p2a: Nihilego|Beast Boost|boost\n|-boost|p2a: Nihilego|spe|1\n|\n|upkeep\n|\n|t:|1700329557\n|switch|p1a: Marceline|Gliscor, F|100\/100\n|turn|2\n|\n|t:|1700329566\n|-terastallize|p2a: Nihilego|Flying\n|move|p2a: Nihilego|Meteor Beam||[still]\n|-prepare|p2a: Nihilego|Meteor Beam\n|-boost|p2a: Nihilego|spa|1\n|move|p1a: Marceline|Earthquake|p2a: Nihilego\n|-immune|p2a: Nihilego\n|\n|-status|p1a: Marceline|tox|[from] item: Toxic Orb\n|upkeep\n|turn|3\n|\n|t:|1700329575\n|move|p2a: Nihilego|Meteor Beam|p1a: Marceline|[from]lockedmove\n|-damage|p1a: Marceline|0 fnt\n|faint|p1a: Marceline\n|-ability|p2a: Nihilego|Beast Boost|boost\n|-boost|p2a: Nihilego|spe|1\n|\n|upkeep\n|-message|Marty1010 forfeited.\n|\n|win|lbwllj\n|raw|Marty1010's rating: 1245 &rarr; <strong>1223<\/strong><br \/>(-22 for losing)\n|raw|lbwllj's rating: 1280 &rarr; <strong>1302<\/strong><br \/>(+22 for winning)\n|l|\u2606Marty1010\n","uploadtime":1700329589,"views":6,"p1id":"marty1010","p2id":"lbwllj","formatid":"gen9nationaldex","rating":1223,"private":0,"password":""}