{"id":"gen9nationaldex-1992833960","p1":"Markoakuma","p2":"kardigan","format":"[Gen 9] National Dex","log":"|j|\u2606Markoakuma\n|j|\u203dkardigan\n|t:|1700239437\n|gametype|singles\n|player|p1|Markoakuma|falkner|1111\n|player|p2|kardigan|preschooler|1101\n|teamsize|p1|6\n|teamsize|p2|3\n|gen|9\n|tier|[Gen 9] National Dex\n|rated|\n|rule|HP Percentage Mod: HP is shown in percentages\n|rule|Endless Battle Clause: Forcing endless battles is banned\n|rule|OHKO Clause: OHKO moves are banned\n|rule|Evasion Clause: Evasion abilities, items, and moves are banned\n|rule|Evasion Abilities Clause: Evasion abilities are banned\n|rule|Evasion Items Clause: Evasion items are banned\n|rule|Evasion Moves Clause: Evasion moves are banned\n|rule|Species Clause: Limit one of each Pok\u00e9mon\n|rule|Sleep Clause Mod: Limit one foe put to sleep\n|clearpoke\n|poke|p1|Gallade, M|\n|poke|p1|Dusknoir, F|\n|poke|p1|Aromatisse, F|\n|poke|p1|Orbeetle, M|\n|poke|p1|Boltund, F|\n|poke|p1|Torkoal, F|\n|poke|p2|Charizard, M|\n|poke|p2|Grimmsnarl, M|\n|poke|p2|Leavanny, F|\n|teampreview\n|inactive|Battle timer is ON: inactive players will automatically lose when time's up. (requested by kardigan)\n|c|\u2606Markoakuma|I think your team IS missing 3 more pok\u00e9mons\n|\n|t:|1700239462\n|start\n|switch|p1a: Torkoal|Torkoal, F|100\/100\n|switch|p2a: Grimmsnarl|Grimmsnarl, M, shiny|100\/100\n|-weather|SunnyDay|[from] ability: Drought|[of] p1a: Torkoal\n|turn|1\n|\n|t:|1700239471\n|move|p2a: Grimmsnarl|Taunt|p1a: Torkoal\n|-start|p1a: Torkoal|move: Taunt\n|cant|p1a: Torkoal|move: Taunt|Yawn\n|\n|-weather|SunnyDay|[upkeep]\n|upkeep\n|turn|2\n|\n|t:|1700239480\n|move|p2a: Grimmsnarl|Reflect|p2a: Grimmsnarl\n|-sidestart|p2: kardigan|Reflect\n|move|p1a: Torkoal|Body Press|p2a: Grimmsnarl\n|-damage|p2a: Grimmsnarl|85\/100\n|\n|-weather|SunnyDay|[upkeep]\n|upkeep\n|turn|3\n|\n|t:|1700239493\n|switch|p1a: Boltund|Boltund, F|100\/100\n|move|p2a: Grimmsnarl|Light Screen|p2a: Grimmsnarl\n|-sidestart|p2: kardigan|move: Light Screen\n|\n|-weather|SunnyDay|[upkeep]\n|upkeep\n|turn|4\n|\n|t:|1700239514\n|switch|p1a: Aromatisse|Aromatisse, F|100\/100\n|move|p2a: Grimmsnarl|Parting Shot|p1a: Aromatisse\n|-unboost|p1a: Aromatisse|atk|1\n|-unboost|p1a: Aromatisse|spa|1\n|inactive|kardigan has 120 seconds left.\n|c|\u2606Markoakuma|Waiting for your fate\n|l|\u203dkardigan\n|inactive|kardigan disconnected and has a minute to reconnect!\n|player|p2|\n|inactive|kardigan has 30 seconds to reconnect!\n|inactive|kardigan has 20 seconds to reconnect!\n|inactive|kardigan has 15 seconds to reconnect!\n|inactive|kardigan has 10 seconds to reconnect!\n|inactive|kardigan has 5 seconds to reconnect!\n|-message|kardigan lost due to inactivity.\n|\n|win|Markoakuma\n|raw|Markoakuma's rating: 1111 &rarr; <strong>1137<\/strong><br \/>(+26 for winning)\n|raw|kardigan's rating: 1126 &rarr; <strong>1100<\/strong><br \/>(-26 for losing)\n","uploadtime":1700239629,"views":10,"p1id":"markoakuma","p2id":"kardigan","formatid":"gen9nationaldex","rating":1100,"private":0,"password":""}