{"id":"gen9nationaldex-1993929380","p1":"Mareoo","p2":"StonedRed","format":"[Gen 9] National Dex","log":"|j|\u2606Mareoo\n|j|\u203dStonedRed\n|t:|1700377236\n|gametype|singles\n|player|p1|Mareoo|gambler|1160\n|player|p2|StonedRed|benga|1107\n|teamsize|p1|6\n|teamsize|p2|6\n|gen|9\n|tier|[Gen 9] National Dex\n|rated|\n|rule|HP Percentage Mod: HP is shown in percentages\n|rule|Endless Battle Clause: Forcing endless battles is banned\n|rule|OHKO Clause: OHKO moves are banned\n|rule|Evasion Clause: Evasion abilities, items, and moves are banned\n|rule|Evasion Abilities Clause: Evasion abilities are banned\n|rule|Evasion Items Clause: Evasion items are banned\n|rule|Evasion Moves Clause: Evasion moves are banned\n|rule|Species Clause: Limit one of each Pok\u00e9mon\n|rule|Sleep Clause Mod: Limit one foe put to sleep\n|clearpoke\n|poke|p1|Xatu, F|\n|poke|p1|Politoed, F|\n|poke|p1|Sunflora, F|\n|poke|p1|Dunsparce, F|\n|poke|p1|Gligar, F|\n|poke|p1|Steelix, F|\n|poke|p2|Emboar, F|\n|poke|p2|Arcanine-Hisui, M|\n|poke|p2|Shuckle, M|\n|poke|p2|Great Tusk|\n|poke|p2|Rillaboom, M|\n|poke|p2|Torkoal, M|\n|teampreview\n|inactive|Battle timer is ON: inactive players will automatically lose when time's up. (requested by StonedRed)\n|j| Lonsol\n|\n|t:|1700377244\n|start\n|switch|p1a: Dunsparce|Dunsparce, F|100\/100\n|switch|p2a: Shuckle|Shuckle, M, shiny|100\/100\n|turn|1\n|\n|t:|1700377250\n|switch|p1a: Xatu|Xatu, F|100\/100\n|move|p2a: Shuckle|Sticky Web|p1a: Xatu\n|move|p1a: Xatu|Sticky Web|p2a: Shuckle|[from]ability: Magic Bounce\n|-sidestart|p2: StonedRed|move: Sticky Web\n|\n|upkeep\n|turn|2\n|\n|t:|1700377255\n|switch|p2a: Great Tusk|Great Tusk|100\/100\n|-activate|p2a: Great Tusk|move: Sticky Web\n|-unboost|p2a: Great Tusk|spe|1\n|move|p1a: Xatu|Calm Mind|p1a: Xatu\n|-boost|p1a: Xatu|spa|1\n|-boost|p1a: Xatu|spd|1\n|\n|upkeep\n|turn|3\n|\n|t:|1700377259\n|move|p1a: Xatu|Air Slash|p2a: Great Tusk\n|-supereffective|p2a: Great Tusk\n|-damage|p2a: Great Tusk|0 fnt\n|faint|p2a: Great Tusk\n|-end|p2a: Great Tusk|Protosynthesis|[silent]\n|\n|upkeep\n|-message|StonedRed forfeited.\n|\n|win|Mareoo\n|raw|Mareoo's rating: 1160 &rarr; <strong>1181<\/strong><br \/>(+21 for winning)\n|raw|StonedRed's rating: 1107 &rarr; <strong>1086<\/strong><br \/>(-21 for losing)\n|l|\u203dStonedRed\n","uploadtime":1700377268,"views":13,"p1id":"mareoo","p2id":"stonedred","formatid":"gen9nationaldex","rating":1086,"private":0,"password":""}