{"id":"gen9nationaldex-1989643357","p1":"Masorad","p2":"mkxdr","format":"[Gen 9] National Dex","log":"|j|\u2606Masorad\n|j|\u2606mkxdr\n|t:|1699882456\n|gametype|singles\n|player|p1|Masorad|hugh|1204\n|player|p2|mkxdr|rosa|1173\n|teamsize|p1|6\n|teamsize|p2|6\n|gen|9\n|tier|[Gen 9] National Dex\n|rated|\n|rule|HP Percentage Mod: HP is shown in percentages\n|rule|Endless Battle Clause: Forcing endless battles is banned\n|rule|OHKO Clause: OHKO moves are banned\n|rule|Evasion Clause: Evasion abilities, items, and moves are banned\n|rule|Evasion Abilities Clause: Evasion abilities are banned\n|rule|Evasion Items Clause: Evasion items are banned\n|rule|Evasion Moves Clause: Evasion moves are banned\n|rule|Species Clause: Limit one of each Pok\u00e9mon\n|rule|Sleep Clause Mod: Limit one foe put to sleep\n|clearpoke\n|poke|p1|Salazzle, F|\n|poke|p1|Sableye, F|\n|poke|p1|Garchomp, M|\n|poke|p1|Swellow, M|\n|poke|p1|Volcarona, F|\n|poke|p1|Registeel|\n|poke|p2|Urshifu-*, M|\n|poke|p2|Pelipper, F|\n|poke|p2|Gyarados, M|\n|poke|p2|Thundurus-Therian, M|\n|poke|p2|Kartana|\n|poke|p2|Barraskewda, F|\n|teampreview\n|inactive|Battle timer is ON: inactive players will automatically lose when time's up. (requested by mkxdr)\n|\n|t:|1699882480\n|start\n|switch|p1a: Otto|Garchomp, M|100\/100\n|switch|p2a: Pelipper|Pelipper, F|100\/100\n|-weather|RainDance|[from] ability: Drizzle|[of] p2a: Pelipper\n|turn|1\n|\n|t:|1699882491\n|switch|p2a: Thundurus|Thundurus-Therian, M|100\/100\n|move|p1a: Otto|Swords Dance|p1a: Otto\n|-boost|p1a: Otto|atk|2\n|\n|-weather|RainDance|[upkeep]\n|upkeep\n|turn|2\n|\n|t:|1699882503\n|-terastallize|p1a: Otto|Water\n|move|p2a: Thundurus|Flash Cannon|p1a: Otto\n|-resisted|p1a: Otto\n|-damage|p1a: Otto|86\/100\n|move|p1a: Otto|Scale Shot|p2a: Thundurus\n|-damage|p2a: Thundurus|61\/100\n|-damage|p2a: Thundurus|25\/100\n|-damage|p2a: Thundurus|0 fnt\n|faint|p2a: Thundurus\n|-hitcount|p2: Thundurus|3\n|-unboost|p1a: Otto|def|1\n|-boost|p1a: Otto|spe|1\n|-enditem|p1a: Otto|White Herb\n|-clearnegativeboost|p1a: Otto|[silent]\n|\n|-weather|RainDance|[upkeep]\n|upkeep\n|-message|mkxdr forfeited.\n|\n|win|Masorad\n|raw|Masorad's rating: 1204 &rarr; <strong>1227<\/strong><br \/>(+23 for winning)\n|raw|mkxdr's rating: 1173 &rarr; <strong>1150<\/strong><br \/>(-23 for losing)\n|l|\u2606mkxdr\n","uploadtime":1699882518,"views":7,"p1id":"masorad","p2id":"mkxdr","formatid":"gen9nationaldex","rating":1150,"private":0,"password":""}