{"id":"gen9nationaldex-1998531987","p1":"Sunny Omri","p2":"Mamoonmyswine","format":"[Gen 9] National Dex","log":"|html|<div class=\"broadcast-blue\"><strong>[Gen 9] National Dex is currently suspecting Sneasler! For information on how to participate check out the <a href=\"https:\/\/www.smogon.com\/forums\/threads\/sv-national-dex-suspect-8-just-dance.3731534\/\">suspect thread<\/a>.<\/strong><\/div>\n|j|\u2606Sunny Omri\n|j|\u2606Mamoonmyswine\n|t:|1700953021\n|gametype|singles\n|player|p1|Sunny Omri|cheren-gen5bw2|1105\n|player|p2|Mamoonmyswine|265|1175\n|teamsize|p1|6\n|teamsize|p2|6\n|gen|9\n|tier|[Gen 9] National Dex\n|rated|\n|rule|HP Percentage Mod: HP is shown in percentages\n|rule|Endless Battle Clause: Forcing endless battles is banned\n|rule|OHKO Clause: OHKO moves are banned\n|rule|Evasion Clause: Evasion abilities, items, and moves are banned\n|rule|Evasion Abilities Clause: Evasion abilities are banned\n|rule|Evasion Items Clause: Evasion items are banned\n|rule|Evasion Moves Clause: Evasion moves are banned\n|rule|Species Clause: Limit one of each Pok\u00e9mon\n|rule|Sleep Clause Mod: Limit one foe put to sleep\n|clearpoke\n|poke|p1|Yanmega, M|\n|poke|p1|Liepard, M|\n|poke|p1|Electivire, M|\n|poke|p1|Scrafty, F|\n|poke|p1|Swoobat, F|\n|poke|p1|Gliscor, M|\n|poke|p2|Charizard, F|\n|poke|p2|Ogerpon-Cornerstone, F|\n|poke|p2|Glimmora, F|\n|poke|p2|Great Tusk|\n|poke|p2|Iron Valiant|\n|poke|p2|Incineroar, F|\n|teampreview\n|inactive|Battle timer is ON: inactive players will automatically lose when time's up. (requested by Sunny Omri)\n|\n|t:|1700953023\n|start\n|switch|p1a: Liepard|Liepard, M|100\/100\n|switch|p2a: Incineroar|Incineroar, F|100\/100\n|-ability|p2a: Incineroar|Intimidate|boost\n|-unboost|p1a: Liepard|atk|1\n|turn|1\n|\n|t:|1700953026\n|move|p1a: Liepard|Fake Out|p2a: Incineroar\n|-damage|p2a: Incineroar|96\/100\n|cant|p2a: Incineroar|flinch\n|\n|upkeep\n|turn|2\n|\n|t:|1700953037\n|switch|p1a: Gliscor|Gliscor, M|100\/100\n|move|p2a: Incineroar|Fake Out||[still]\n|-hint|Fake Out only works on your first turn out.\n|-fail|p2a: Incineroar\n|\n|-status|p1a: Gliscor|tox|[from] item: Toxic Orb\n|upkeep\n|turn|3\n|-message|Mamoonmyswine forfeited.\n|\n|win|Sunny Omri\n|raw|Sunny Omri's rating: 1105 &rarr; <strong>1135<\/strong><br \/>(+30 for winning)\n|raw|Mamoonmyswine's rating: 1175 &rarr; <strong>1145<\/strong><br \/>(-30 for losing)\n|l|\u2606Mamoonmyswine\n","uploadtime":1700953055,"views":8,"p1id":"sunnyomri","p2id":"mamoonmyswine","formatid":"gen9nationaldex","rating":1135,"private":0,"password":""}