{"id":"gen9nationaldex-1987070420","p1":"MarcusTalks","p2":"hightopfade69","format":"[Gen 9] National Dex","log":"|j|\u2606MarcusTalks\n|j|\u203dhightopfade69\n|t:|1699553650\n|gametype|singles\n|player|p1|MarcusTalks|169|1222\n|player|p2|hightopfade69|102|1120\n|teamsize|p1|6\n|teamsize|p2|6\n|gen|9\n|tier|[Gen 9] National Dex\n|rated|\n|rule|HP Percentage Mod: HP is shown in percentages\n|rule|Endless Battle Clause: Forcing endless battles is banned\n|rule|OHKO Clause: OHKO moves are banned\n|rule|Evasion Clause: Evasion abilities, items, and moves are banned\n|rule|Evasion Abilities Clause: Evasion abilities are banned\n|rule|Evasion Items Clause: Evasion items are banned\n|rule|Evasion Moves Clause: Evasion moves are banned\n|rule|Species Clause: Limit one of each Pok\u00e9mon\n|rule|Sleep Clause Mod: Limit one foe put to sleep\n|clearpoke\n|poke|p1|Ninetales-Alola, F|\n|poke|p1|Baxcalibur, M|\n|poke|p1|Regice|\n|poke|p1|Rotom-Frost|\n|poke|p1|Avalugg-Hisui, M|\n|poke|p1|Zoroark-Hisui, M|\n|poke|p2|Druddigon, F|\n|poke|p2|Banette, F|\n|poke|p2|Tapu Koko|\n|poke|p2|Iron Moth|\n|poke|p2|Dondozo, F|\n|poke|p2|Iron Valiant|\n|teampreview\n|c|\u2606MarcusTalks|glhf\n|\n|t:|1699553660\n|start\n|switch|p1a: Stone Breaker|Avalugg-Hisui, M, shiny|100\/100\n|switch|p2a: Tapu Koko|Tapu Koko|100\/100\n|-fieldstart|move: Electric Terrain|[from] ability: Electric Surge|[of] p2a: Tapu Koko\n|turn|1\n|\n|t:|1699553668\n|move|p2a: Tapu Koko|Reflect|p2a: Tapu Koko\n|-sidestart|p2: hightopfade69|Reflect\n|move|p1a: Stone Breaker|Sludge Bomb|p2a: Tapu Koko\n|-supereffective|p2a: Tapu Koko\n|-damage|p2a: Tapu Koko|0 fnt\n|faint|p2a: Tapu Koko\n|\n|upkeep\n|\n|t:|1699553688\n|switch|p2a: Iron Moth|Iron Moth|100\/100\n|-activate|p2a: Iron Moth|ability: Quark Drive\n|-start|p2a: Iron Moth|quarkdrivespe\n|turn|2\n|\n|t:|1699553697\n|switch|p1a: brrrrrrr|Rotom-Frost, shiny|100\/100\n|move|p2a: Iron Moth|Fiery Dance|p1a: brrrrrrr\n|-supereffective|p1a: brrrrrrr\n|-damage|p1a: brrrrrrr|0 fnt\n|-boost|p2a: Iron Moth|spa|1\n|faint|p1a: brrrrrrr\n|\n|upkeep\n|\n|t:|1699553707\n|switch|p1a: Scalecalibur|Baxcalibur, M|100\/100\n|turn|3\n|\n|t:|1699553712\n|-terastallize|p2a: Iron Moth|Fire\n|move|p2a: Iron Moth|Fiery Dance|p1a: Scalecalibur\n|-damage|p1a: Scalecalibur|0 fnt\n|faint|p1a: Scalecalibur\n|\n|upkeep\n|\n|t:|1699553722\n|switch|p1a: Re-re-re-Regi-Ice|Regice, shiny|100\/100\n|turn|4\n|\n|t:|1699553725\n|move|p2a: Iron Moth|Fiery Dance|p1a: Re-re-re-Regi-Ice\n|-supereffective|p1a: Re-re-re-Regi-Ice\n|-damage|p1a: Re-re-re-Regi-Ice|0 fnt\n|-boost|p2a: Iron Moth|spa|1\n|faint|p1a: Re-re-re-Regi-Ice\n|\n|upkeep\n|-message|MarcusTalks forfeited.\n|\n|win|hightopfade69\n|raw|MarcusTalks's rating: 1222 &rarr; <strong>1190<\/strong><br \/>(-32 for losing)\n|raw|hightopfade69's rating: 1120 &rarr; <strong>1152<\/strong><br \/>(+32 for winning)\n|l|\u2606MarcusTalks\n","uploadtime":1699553731,"views":15,"p1id":"marcustalks","p2id":"hightopfade69","formatid":"gen9nationaldex","rating":1152,"private":0,"password":""}