{"id":"gen9nationaldex-1990247001","p1":"Sly Killdex 2","p2":"Trottolino1606","format":"[Gen 9] National Dex","log":"|j|\u2606Sly Killdex 2\n|j|\u2606Trottolino1606\n|t:|1699943984\n|gametype|singles\n|player|p1|Sly Killdex 2|volkner|1026\n|player|p2|Trottolino1606|byron|1026\n|teamsize|p1|6\n|teamsize|p2|1\n|gen|9\n|tier|[Gen 9] National Dex\n|rated|\n|rule|HP Percentage Mod: HP is shown in percentages\n|rule|Endless Battle Clause: Forcing endless battles is banned\n|rule|OHKO Clause: OHKO moves are banned\n|rule|Evasion Clause: Evasion abilities, items, and moves are banned\n|rule|Evasion Abilities Clause: Evasion abilities are banned\n|rule|Evasion Items Clause: Evasion items are banned\n|rule|Evasion Moves Clause: Evasion moves are banned\n|rule|Species Clause: Limit one of each Pok\u00e9mon\n|rule|Sleep Clause Mod: Limit one foe put to sleep\n|clearpoke\n|poke|p1|Sliggoo, F|\n|poke|p1|Carbink|\n|poke|p1|Amaura, M|\n|poke|p1|Tyrantrum, F|\n|poke|p1|Heliolisk, M|\n|poke|p1|Clawitzer, F|\n|poke|p2|Magnezone|\n|teampreview\n|inactive|Battle timer is ON: inactive players will automatically lose when time's up. (requested by Trottolino1606)\n|\n|t:|1699943998\n|start\n|switch|p1a: Carbink|Carbink|100\/100\n|switch|p2a: Magnezone|Magnezone|100\/100\n|turn|1\n|\n|t:|1699944004\n|-terastallize|p1a: Carbink|Fighting\n|move|p1a: Carbink|Body Press|p2a: Magnezone\n|-supereffective|p2a: Magnezone\n|-damage|p2a: Magnezone|32\/100\n|move|p2a: Magnezone|Flash Cannon|p1a: Carbink\n|-damage|p1a: Carbink|68\/100\n|\n|upkeep\n|turn|2\n|\n|t:|1699944012\n|-terastallize|p2a: Magnezone|Flying\n|move|p1a: Carbink|Body Press|p2a: Magnezone\n|-resisted|p2a: Magnezone\n|-damage|p2a: Magnezone|15\/100\n|move|p2a: Magnezone|Charge Beam|p1a: Carbink\n|-damage|p1a: Carbink|47\/100\n|-boost|p2a: Magnezone|spa|1\n|\n|upkeep\n|turn|3\n|\n|t:|1699944020\n|move|p1a: Carbink|Power Gem|p2a: Magnezone\n|-supereffective|p2a: Magnezone\n|-damage|p2a: Magnezone|0 fnt\n|faint|p2a: Magnezone\n|\n|win|Sly Killdex 2\n|raw|Sly Killdex 2's rating: 1026 &rarr; <strong>1062<\/strong><br \/>(+36 for winning)\n|raw|Trottolino1606's rating: 1026 &rarr; <strong>1012<\/strong><br \/>(-14 for losing)\n|l|\u2606Trottolino1606\n","uploadtime":1699944033,"views":5,"p1id":"slykilldex2","p2id":"trottolino1606","formatid":"gen9nationaldex","rating":1012,"private":0,"password":""}