{"id":"gen9nationaldex-1994499089","p1":"teiweixinhe","p2":"shadiversity","format":"[Gen 9] National Dex","log":"|j|\u2606teiweixinhe\n|j|\u2606shadiversity\n|t:|1700451107\n|gametype|singles\n|player|p1|teiweixinhe|veteran|1045\n|player|p2|shadiversity|cheren-gen5bw2|1000\n|teamsize|p1|2\n|teamsize|p2|6\n|gen|9\n|tier|[Gen 9] National Dex\n|rated|\n|rule|HP Percentage Mod: HP is shown in percentages\n|rule|Endless Battle Clause: Forcing endless battles is banned\n|rule|OHKO Clause: OHKO moves are banned\n|rule|Evasion Clause: Evasion abilities, items, and moves are banned\n|rule|Evasion Abilities Clause: Evasion abilities are banned\n|rule|Evasion Items Clause: Evasion items are banned\n|rule|Evasion Moves Clause: Evasion moves are banned\n|rule|Species Clause: Limit one of each Pok\u00e9mon\n|rule|Sleep Clause Mod: Limit one foe put to sleep\n|clearpoke\n|poke|p1|Heracross, F|\n|poke|p1|Beedrill, M|\n|poke|p2|Audino, M|\n|poke|p2|Scolipede, F|\n|poke|p2|Delphox, F|\n|poke|p2|Krookodile, F|\n|poke|p2|Aegislash, M|\n|poke|p2|Ditto|\n|teampreview\n|\n|t:|1700451113\n|start\n|switch|p1a: Heracross|Heracross, F|100\/100\n|switch|p2a: Freelancer|Ditto|100\/100\n|-transform|p2a: Freelancer|p1a: Heracross|[from] ability: Imposter\n|turn|1\n|\n|t:|1700451131\n|switch|p2a: Kroko|Krookodile, F|100\/100\n|-ability|p2a: Kroko|Intimidate|boost\n|-unboost|p1a: Heracross|atk|1\n|move|p1a: Heracross|Close Combat|p2a: Kroko\n|-supereffective|p2a: Kroko\n|-damage|p2a: Kroko|19\/100\n|-unboost|p1a: Heracross|def|1\n|-unboost|p1a: Heracross|spd|1\n|\n|-heal|p2a: Kroko|25\/100|[from] item: Leftovers\n|upkeep\n|turn|2\n|\n|t:|1700451147\n|switch|p2a: Eye Sword|Aegislash, M|100\/100\n|move|p1a: Heracross|Swords Dance|p1a: Heracross\n|-boost|p1a: Heracross|atk|2\n|\n|upkeep\n|turn|3\n|\n|t:|1700451158\n|switch|p2a: Kroko|Krookodile, F|25\/100\n|-ability|p2a: Kroko|Intimidate|boost\n|-unboost|p1a: Heracross|atk|1\n|move|p1a: Heracross|Pin Missile|p2a: Kroko\n|-supereffective|p2a: Kroko\n|-damage|p2a: Kroko|0 fnt\n|faint|p2a: Kroko\n|-ability|p1a: Heracross|Moxie|boost\n|-boost|p1a: Heracross|atk|1\n|-hitcount|p2: Kroko|1\n|\n|upkeep\n|\n|t:|1700451177\n|switch|p2a: Eye Sword|Aegislash, M|100\/100\n|turn|4\n|\n|t:|1700451186\n|move|p1a: Heracross|Pin Missile|p2a: Eye Sword\n|-resisted|p2a: Eye Sword\n|-damage|p2a: Eye Sword|95\/100\n|-resisted|p2a: Eye Sword\n|-damage|p2a: Eye Sword|90\/100\n|-resisted|p2a: Eye Sword\n|-damage|p2a: Eye Sword|85\/100\n|-hitcount|p2a: Eye Sword|3\n|move|p2a: Eye Sword|Autotomize|p2a: Eye Sword\n|-boost|p2a: Eye Sword|spe|2\n|-start|p2a: Eye Sword|Autotomize\n|\n|upkeep\n|turn|5\n|\n|t:|1700451203\n|-formechange|p2a: Eye Sword|Aegislash-Blade||[from] ability: Stance Change\n|move|p2a: Eye Sword|Iron Head|p1a: Heracross\n|-damage|p1a: Heracross|0 fnt\n|faint|p1a: Heracross\n|\n|upkeep\n|inactive|Battle timer is ON: inactive players will automatically lose when time's up. (requested by shadiversity)\n|inactive|teiweixinhe has 120 seconds left.\n|inactive|teiweixinhe has 90 seconds left.\n|inactive|teiweixinhe has 60 seconds left.\n|inactive|teiweixinhe has 30 seconds left.\n|inactive|teiweixinhe has 20 seconds left.\n|inactive|teiweixinhe has 15 seconds left.\n|inactive|teiweixinhe has 10 seconds left.\n|inactive|teiweixinhe has 5 seconds left.\n|-message|teiweixinhe lost due to inactivity.\n|\n|win|shadiversity\n|raw|teiweixinhe's rating: 1021 &rarr; <strong>1007<\/strong><br \/>(-14 for losing)\n|raw|shadiversity's rating: 1000 &rarr; <strong>1042<\/strong><br \/>(+42 for winning)\n","uploadtime":1700451396,"views":4,"p1id":"teiweixinhe","p2id":"shadiversity","formatid":"gen9nationaldex","rating":1007,"private":0,"password":""}