{"id":"gen9nationaldex-1996626188","p1":"Yellow444","p2":"Zippybud5","format":"[Gen 9] National Dex","log":"|html|<div class=\"broadcast-blue\"><strong>[Gen 9] National Dex is currently suspecting Sneasler! For information on how to participate check out the <a href=\"https:\/\/www.smogon.com\/forums\/threads\/sv-national-dex-suspect-8-just-dance.3731534\/\">suspect thread<\/a>.<\/strong><\/div>\n|j|\u2606Yellow444\n|j|\u2606Zippybud5\n|t:|1700702217\n|gametype|singles\n|player|p1|Yellow444|ltsurge|1075\n|player|p2|Zippybud5|169|1086\n|teamsize|p1|6\n|teamsize|p2|6\n|gen|9\n|tier|[Gen 9] National Dex\n|rated|\n|rule|HP Percentage Mod: HP is shown in percentages\n|rule|Endless Battle Clause: Forcing endless battles is banned\n|rule|OHKO Clause: OHKO moves are banned\n|rule|Evasion Clause: Evasion abilities, items, and moves are banned\n|rule|Evasion Abilities Clause: Evasion abilities are banned\n|rule|Evasion Items Clause: Evasion items are banned\n|rule|Evasion Moves Clause: Evasion moves are banned\n|rule|Species Clause: Limit one of each Pok\u00e9mon\n|rule|Sleep Clause Mod: Limit one foe put to sleep\n|clearpoke\n|poke|p1|Electrode|\n|poke|p1|Electabuzz, M|\n|poke|p1|Magneton|\n|poke|p1|Jolteon, F|\n|poke|p1|Lanturn, M|\n|poke|p1|Raichu, F|\n|poke|p2|Magmortar, M|\n|poke|p2|Toxicroak, M|\n|poke|p2|Ampharos, F|\n|poke|p2|Munkidori, M|\n|poke|p2|Slowbro, F|\n|poke|p2|Blastoise, M|\n|teampreview\n|\n|t:|1700702227\n|start\n|switch|p1a: Electrode|Electrode|100\/100\n|switch|p2a: Munkidori|Munkidori, M|100\/100\n|turn|1\n|\n|t:|1700702252\n|move|p1a: Electrode|Taunt|p2a: Munkidori\n|-start|p2a: Munkidori|move: Taunt\n|move|p2a: Munkidori|Trailblaze|p1a: Electrode\n|-damage|p1a: Electrode|87\/100\n|-boost|p2a: Munkidori|spe|1\n|-status|p1a: Electrode|tox|[from] ability: Toxic Chain|[of] p2a: Munkidori\n|\n|-damage|p1a: Electrode|81\/100 tox|[from] psn\n|upkeep\n|turn|2\n|inactive|Battle timer is ON: inactive players will automatically lose when time's up. (requested by Yellow444)\n|\n|t:|1700702298\n|move|p2a: Munkidori|Psyshock|p1a: Electrode\n|-damage|p1a: Electrode|4\/100 tox\n|move|p1a: Electrode|Agility|p1a: Electrode\n|-boost|p1a: Electrode|spe|2\n|\n|-damage|p1a: Electrode|0 fnt|[from] psn\n|faint|p1a: Electrode\n|upkeep\n|\n|t:|1700702307\n|switch|p1a: Raichu|Raichu, F|100\/100\n|turn|3\n|\n|t:|1700702313\n|move|p1a: Raichu|Fake Out|p2a: Munkidori\n|-damage|p2a: Munkidori|77\/100\n|-damage|p1a: Raichu|91\/100|[from] item: Life Orb\n|cant|p2a: Munkidori|flinch\n|\n|-end|p2a: Munkidori|move: Taunt\n|upkeep\n|turn|4\n|\n|t:|1700702322\n|move|p2a: Munkidori|Psyshock|p1a: Raichu\n|-damage|p1a: Raichu|0 fnt\n|faint|p1a: Raichu\n|\n|upkeep\n|inactive|Yellow444 has 120 seconds left.\n|\n|t:|1700702357\n|switch|p1a: Magneton|Magneton|100\/100\n|turn|5\n|inactive|Yellow444 has 120 seconds left.\n|inactive|Zippybud5 has 120 seconds left.\n|\n|t:|1700702392\n|move|p2a: Munkidori|Focus Blast|p1a: Magneton\n|-supereffective|p1a: Magneton\n|-damage|p1a: Magneton|12\/100\n|move|p1a: Magneton|Thunderbolt|p2a: Munkidori\n|-damage|p2a: Munkidori|5\/100\n|\n|upkeep\n|turn|6\n|inactive|Zippybud5 has 120 seconds left.\n|\n|t:|1700702402\n|move|p2a: Munkidori|Psyshock|p1a: Magneton\n|-resisted|p1a: Magneton\n|-damage|p1a: Magneton|0 fnt\n|faint|p1a: Magneton\n|\n|upkeep\n|\n|t:|1700702406\n|switch|p1a: Lanturn|Lanturn, M|100\/100\n|turn|7\n|inactive|Zippybud5 has 120 seconds left.\n|\n|t:|1700702424\n|move|p2a: Munkidori|Psyshock|p1a: Lanturn\n|-damage|p1a: Lanturn|52\/100\n|move|p1a: Lanturn|Volt Switch|p2a: Munkidori\n|-damage|p2a: Munkidori|0 fnt\n|faint|p2a: Munkidori\n|inactive|Yellow444 has 120 seconds left.\n|\n|t:|1700702454\n|switch|p1a: Electabuzz|Electabuzz, M|100\/100|[from] Volt Switch\n|\n|upkeep\n|inactive|Zippybud5 has 120 seconds left.\n|\n|t:|1700702485\n|switch|p2a: Magmortar|Magmortar, M|100\/100\n|turn|8\n|inactive|Yellow444 has 120 seconds left.\n|inactive|Zippybud5 has 90 seconds left.\n|inactive|Zippybud5 has 60 seconds left.\n|\n|t:|1700702537\n|move|p1a: Electabuzz|Volt Switch|p2a: Magmortar\n|-damage|p2a: Magmortar|52\/100\n|inactive|Yellow444 has 90 seconds left.\n|\n|t:|1700702563\n|switch|p1a: Lanturn|Lanturn, M|52\/100|[from] Volt Switch\n|move|p2a: Magmortar|Iron Tail|p1a: Lanturn\n|-resisted|p1a: Lanturn\n|-damage|p1a: Lanturn|44\/100\n|\n|upkeep\n|turn|9\n|\n|t:|1700702573\n|move|p2a: Magmortar|Earthquake|p1a: Lanturn\n|-supereffective|p1a: Lanturn\n|-damage|p1a: Lanturn|0 fnt\n|faint|p1a: Lanturn\n|\n|upkeep\n|\n|t:|1700702587\n|switch|p1a: Jolteon|Jolteon, F|100\/100\n|turn|10\n|\n|t:|1700702599\n|move|p1a: Jolteon|Electro Ball|p2a: Magmortar\n|-damage|p2a: Magmortar|24\/100\n|move|p2a: Magmortar|Earthquake|p1a: Jolteon\n|-supereffective|p1a: Jolteon\n|-damage|p1a: Jolteon|0 fnt\n|faint|p1a: Jolteon\n|\n|upkeep\n|-message|Yellow444 forfeited.\n|\n|win|Zippybud5\n|raw|Yellow444's rating: 1075 &rarr; <strong>1054<\/strong><br \/>(-21 for losing)\n|raw|Zippybud5's rating: 1086 &rarr; <strong>1112<\/strong><br \/>(+26 for winning)\n|l|\u2606Yellow444\n","uploadtime":1700702611,"views":1,"p1id":"yellow444","p2id":"zippybud5","formatid":"gen9nationaldex","rating":1054,"private":0,"password":""}