{"id":"gen9nationaldex-1999631094","p1":"ybbjj","p2":"shelmetbeta","format":"[Gen 9] National Dex","log":"|html|<div class=\"broadcast-blue\"><strong>[Gen 9] National Dex is currently suspecting Sneasler! For information on how to participate check out the <a href=\"https:\/\/www.smogon.com\/forums\/threads\/sv-national-dex-suspect-8-just-dance.3731534\/\">suspect thread<\/a>.<\/strong><\/div>\n|j|\u2606ybbjj\n|j|\u2606shelmetbeta\n|t:|1701102853\n|gametype|singles\n|player|p1|ybbjj|sailor|1324\n|player|p2|shelmetbeta|169|1254\n|teamsize|p1|6\n|teamsize|p2|6\n|gen|9\n|tier|[Gen 9] National Dex\n|rated|\n|rule|HP Percentage Mod: HP is shown in percentages\n|rule|Endless Battle Clause: Forcing endless battles is banned\n|rule|OHKO Clause: OHKO moves are banned\n|rule|Evasion Clause: Evasion abilities, items, and moves are banned\n|rule|Evasion Abilities Clause: Evasion abilities are banned\n|rule|Evasion Items Clause: Evasion items are banned\n|rule|Evasion Moves Clause: Evasion moves are banned\n|rule|Species Clause: Limit one of each Pok\u00e9mon\n|rule|Sleep Clause Mod: Limit one foe put to sleep\n|clearpoke\n|poke|p1|Mawile, M|\n|poke|p1|Cresselia, F|\n|poke|p1|Ursaluna, M|\n|poke|p1|Alomomola, M|\n|poke|p1|Vikavolt, F|\n|poke|p1|Hatterene, F|\n|poke|p2|Scizor, M|\n|poke|p2|Alomomola, M|\n|poke|p2|Tornadus-Therian, M|\n|poke|p2|Ferrothorn, F|\n|poke|p2|Thundurus-Therian, M|\n|poke|p2|Clodsire, F|\n|teampreview\n|inactive|Battle timer is ON: inactive players will automatically lose when time's up. (requested by ybbjj)\n|\n|t:|1701102864\n|start\n|switch|p1a: Vikavolt|Vikavolt, F|100\/100\n|switch|p2a: Scizor|Scizor, M|100\/100\n|turn|1\n|\n|t:|1701102876\n|detailschange|p2a: Scizor|Scizor-Mega, M\n|-mega|p2a: Scizor|Scizor|Scizorite\n|move|p2a: Scizor|Swords Dance|p2a: Scizor\n|-boost|p2a: Scizor|atk|2\n|move|p1a: Vikavolt|Energy Ball|p2a: Scizor\n|-resisted|p2a: Scizor\n|-damage|p2a: Scizor|91\/100\n|-damage|p1a: Vikavolt|91\/100|[from] item: Life Orb\n|\n|upkeep\n|turn|2\n|\n|t:|1701102886\n|switch|p1a: Mawile|Mawile, M|100\/100\n|-ability|p1a: Mawile|Intimidate|boost\n|-unboost|p2a: Scizor|atk|1\n|move|p2a: Scizor|Swords Dance|p2a: Scizor\n|-boost|p2a: Scizor|atk|2\n|\n|upkeep\n|turn|3\n|\n|t:|1701102898\n|switch|p1a: Alomomola|Alomomola, M|100\/100\n|move|p2a: Scizor|Swords Dance|p2a: Scizor\n|-boost|p2a: Scizor|atk|2\n|\n|upkeep\n|turn|4\n|\n|t:|1701102906\n|move|p2a: Scizor|Bullet Punch|p1a: Alomomola\n|-resisted|p1a: Alomomola\n|-damage|p1a: Alomomola|71\/100\n|-damage|p2a: Scizor|74\/100|[from] item: Rocky Helmet|[of] p1a: Alomomola\n|move|p1a: Alomomola|Flip Turn|p2a: Scizor\n|-damage|p2a: Scizor|64\/100\n|\n|t:|1701102913\n|switch|p1a: Hatterene|Hatterene, F|100\/100|[from] Flip Turn\n|\n|upkeep\n|turn|5\n|\n|t:|1701102920\n|move|p2a: Scizor|Bullet Punch|p1a: Hatterene\n|-supereffective|p1a: Hatterene\n|-enditem|p1a: Hatterene|Focus Sash\n|-damage|p1a: Hatterene|1\/100\n|move|p1a: Hatterene|Trick Room|p1a: Hatterene\n|-fieldstart|move: Trick Room|[of] p1a: Hatterene\n|\n|upkeep\n|turn|6\n|\n|t:|1701102924\n|move|p2a: Scizor|Bullet Punch|p1a: Hatterene\n|-supereffective|p1a: Hatterene\n|-damage|p1a: Hatterene|0 fnt\n|faint|p1a: Hatterene\n|\n|upkeep\n|\n|t:|1701102939\n|switch|p1a: Ursaluna|Ursaluna, M|100\/100\n|turn|7\n|\n|t:|1701102944\n|move|p2a: Scizor|Bullet Punch|p1a: Ursaluna\n|-damage|p1a: Ursaluna|18\/100\n|move|p1a: Ursaluna|Earthquake|p2a: Scizor\n|-crit|p2a: Scizor\n|-damage|p2a: Scizor|8\/100\n|\n|-status|p1a: Ursaluna|brn|[from] item: Flame Orb\n|upkeep\n|turn|8\n|\n|t:|1701102953\n|switch|p1a: Mawile|Mawile, M|100\/100\n|-ability|p1a: Mawile|Intimidate|boost\n|-unboost|p2a: Scizor|atk|1\n|move|p2a: Scizor|Roost|p2a: Scizor\n|-heal|p2a: Scizor|58\/100\n|-singleturn|p2a: Scizor|move: Roost\n|\n|upkeep\n|turn|9\n|c|\u2606shelmetbeta|yikes\n|-message|ybbjj forfeited.\n|\n|win|shelmetbeta\n|raw|ybbjj's rating: 1324 &rarr; <strong>1300<\/strong><br \/>(-24 for losing)\n|raw|shelmetbeta's rating: 1254 &rarr; <strong>1284<\/strong><br \/>(+30 for winning)\n|l|\u2606ybbjj\n|c|\u2606shelmetbeta|ggez\n","uploadtime":1701102970,"views":1,"p1id":"ybbjj","p2id":"shelmetbeta","formatid":"gen9nationaldex","rating":1284,"private":0,"password":""}