{"id":"gen9nationaldex-1993187137","p1":"st.john52","p2":"KikukoAkariCh.","format":"[Gen 9] National Dex","log":"|j|\u2606st.john52\n|j|\u2606KikukoAkariCh.\n|t:|1700275492\n|gametype|singles\n|player|p1|st.john52|clay|1086\n|player|p2|KikukoAkariCh.|flannery|1134\n|teamsize|p1|6\n|teamsize|p2|6\n|gen|9\n|tier|[Gen 9] National Dex\n|rated|\n|rule|HP Percentage Mod: HP is shown in percentages\n|rule|Endless Battle Clause: Forcing endless battles is banned\n|rule|OHKO Clause: OHKO moves are banned\n|rule|Evasion Clause: Evasion abilities, items, and moves are banned\n|rule|Evasion Abilities Clause: Evasion abilities are banned\n|rule|Evasion Items Clause: Evasion items are banned\n|rule|Evasion Moves Clause: Evasion moves are banned\n|rule|Species Clause: Limit one of each Pok\u00e9mon\n|rule|Sleep Clause Mod: Limit one foe put to sleep\n|clearpoke\n|poke|p1|Mimikyu, M|\n|poke|p1|Vikavolt, M|\n|poke|p1|Bewear, M|\n|poke|p1|Wishiwashi, M|\n|poke|p1|Incineroar, M|\n|poke|p1|Silvally-*|\n|poke|p2|Kommo-o, M|\n|poke|p2|Weavile, F|\n|poke|p2|Darmanitan, M|\n|poke|p2|Meowscarada, F|\n|poke|p2|Ditto|\n|poke|p2|Arbok, M|\n|teampreview\n|inactive|Battle timer is ON: inactive players will automatically lose when time's up. (requested by st.john52)\n|\n|t:|1700275499\n|start\n|switch|p1a: Bewear|Bewear, M, shiny|100\/100\n|switch|p2a: Arbok|Arbok, M|100\/100\n|-ability|p2a: Arbok|Intimidate|boost\n|-unboost|p1a: Bewear|atk|1\n|turn|1\n|\n|t:|1700275513\n|move|p2a: Arbok|Coil|p2a: Arbok\n|-boost|p2a: Arbok|atk|1\n|-boost|p2a: Arbok|def|1\n|-boost|p2a: Arbok|accuracy|1\n|move|p1a: Bewear|Earthquake|p2a: Arbok\n|-supereffective|p2a: Arbok\n|-damage|p2a: Arbok|45\/100\n|\n|upkeep\n|turn|2\n|\n|t:|1700275527\n|-terastallize|p2a: Arbok|Dragon\n|move|p2a: Arbok|Scale Shot|p1a: Bewear\n|-damage|p1a: Bewear|84\/100\n|-damage|p1a: Bewear|66\/100\n|-damage|p1a: Bewear|52\/100\n|-damage|p1a: Bewear|34\/100\n|-damage|p1a: Bewear|17\/100\n|-hitcount|p1a: Bewear|5\n|-unboost|p2a: Arbok|def|1\n|-boost|p2a: Arbok|spe|1\n|move|p1a: Bewear|Earthquake|p2a: Arbok\n|-damage|p2a: Arbok|0 fnt\n|faint|p2a: Arbok\n|\n|-heal|p1a: Bewear|23\/100|[from] item: Leftovers\n|upkeep\n|-message|KikukoAkariCh. forfeited.\n|\n|win|st.john52\n|raw|st.john52's rating: 1086 &rarr; <strong>1117<\/strong><br \/>(+31 for winning)\n|raw|KikukoAkariCh.'s rating: 1134 &rarr; <strong>1106<\/strong><br \/>(-28 for losing)\n|l|\u2606KikukoAkariCh.\n","uploadtime":1700275550,"views":5,"p1id":"stjohn52","p2id":"kikukoakarich","formatid":"gen9nationaldex","rating":1106,"private":0,"password":""}