{"id":"gen9nationaldex-1998931090","p1":"treeshhhh","p2":"mergency\u4e71\u821e","format":"[Gen 9] National Dex","log":"|html|<div class=\"broadcast-blue\"><strong>[Gen 9] National Dex is currently suspecting Sneasler! For information on how to participate check out the <a href=\"https:\/\/www.smogon.com\/forums\/threads\/sv-national-dex-suspect-8-just-dance.3731534\/\">suspect thread<\/a>.<\/strong><\/div>\n|j|\u2606treeshhhh\n|j|\u2606mergency\u4e71\u821e\n|t:|1701014516\n|gametype|singles\n|player|p1|treeshhhh|lucas|1355\n|player|p2|mergency\u4e71\u821e|policeman-gen4|1444\n|teamsize|p1|6\n|teamsize|p2|6\n|gen|9\n|tier|[Gen 9] National Dex\n|rated|\n|rule|HP Percentage Mod: HP is shown in percentages\n|rule|Endless Battle Clause: Forcing endless battles is banned\n|rule|OHKO Clause: OHKO moves are banned\n|rule|Evasion Clause: Evasion abilities, items, and moves are banned\n|rule|Evasion Abilities Clause: Evasion abilities are banned\n|rule|Evasion Items Clause: Evasion items are banned\n|rule|Evasion Moves Clause: Evasion moves are banned\n|rule|Species Clause: Limit one of each Pok\u00e9mon\n|rule|Sleep Clause Mod: Limit one foe put to sleep\n|clearpoke\n|poke|p1|Steelix, F|\n|poke|p1|Tyranitar, M|\n|poke|p1|Rillaboom, M|\n|poke|p1|Sneasler, M|\n|poke|p1|Rotom-Wash|\n|poke|p1|Kartana|\n|poke|p2|Mawile, F|\n|poke|p2|Marowak-Alola, F|\n|poke|p2|Hatterene, F|\n|poke|p2|Cresselia, F|\n|poke|p2|Porygon2|\n|poke|p2|Ursaluna, F|\n|teampreview\n|\n|t:|1701014534\n|start\n|switch|p1a: Rotom|Rotom-Wash|100\/100\n|switch|p2a: Porygon2|Porygon2, shiny|100\/100\n|-ability|p2a: Porygon2|Levitate|[from] ability: Trace|[of] p1a: Rotom\n|turn|1\n|inactive|Battle timer is ON: inactive players will automatically lose when time's up. (requested by mergency\u4e71\u821e)\n|\n|t:|1701014539\n|move|p1a: Rotom|Thunder Wave|p2a: Porygon2\n|-status|p2a: Porygon2|par\n|move|p2a: Porygon2|Trick Room|p2a: Porygon2\n|-fieldstart|move: Trick Room|[of] p2a: Porygon2\n|\n|upkeep\n|turn|2\n|\n|t:|1701014549\n|move|p1a: Rotom|Volt Switch|p2a: Porygon2\n|-damage|p2a: Porygon2|86\/100 par\n|\n|t:|1701014560\n|switch|p1a: Tyranitar|Tyranitar, M|100\/100|[from] Volt Switch\n|-weather|Sandstorm|[from] ability: Sand Stream|[of] p1a: Tyranitar\n|cant|p2a: Porygon2|par\n|\n|-weather|Sandstorm|[upkeep]\n|-damage|p2a: Porygon2|80\/100 par|[from] Sandstorm\n|upkeep\n|turn|3\n|\n|t:|1701014569\n|switch|p2a: Ursaluna|Ursaluna, F, shiny|100\/100\n|move|p1a: Tyranitar|Knock Off|p2a: Ursaluna\n|-damage|p2a: Ursaluna|66\/100\n|-enditem|p2a: Ursaluna|Flame Orb|[from] move: Knock Off|[of] p1a: Tyranitar\n|\n|-weather|Sandstorm|[upkeep]\n|upkeep\n|turn|4\n|\n|t:|1701014581\n|switch|p1a: Rotom|Rotom-Wash|100\/100\n|move|p2a: Ursaluna|Earthquake|p1a: Rotom\n|-immune|p1a: Rotom|[from] ability: Levitate\n|\n|-weather|Sandstorm|[upkeep]\n|-damage|p1a: Rotom|95\/100|[from] Sandstorm\n|upkeep\n|turn|5\n|\n|t:|1701014595\n|move|p2a: Ursaluna|Swords Dance|p2a: Ursaluna\n|-boost|p2a: Ursaluna|atk|2\n|move|p1a: Rotom|Hydro Pump|p2a: Ursaluna\n|-supereffective|p2a: Ursaluna\n|-damage|p2a: Ursaluna|0 fnt\n|faint|p2a: Ursaluna\n|\n|-weather|Sandstorm|[upkeep]\n|-damage|p1a: Rotom|89\/100|[from] Sandstorm\n|-fieldend|move: Trick Room\n|upkeep\n|\n|t:|1701014600\n|switch|p2a: Porygon2|Porygon2, shiny|80\/100 par\n|-ability|p2a: Porygon2|Levitate|[from] ability: Trace|[of] p1a: Rotom\n|turn|6\n|\n|t:|1701014603\n|move|p1a: Rotom|Volt Switch|p2a: Porygon2\n|-damage|p2a: Porygon2|65\/100 par\n|\n|t:|1701014609\n|switch|p1a: Tyranitar|Tyranitar, M|100\/100|[from] Volt Switch\n|move|p2a: Porygon2|Trick Room|p2a: Porygon2\n|-fieldstart|move: Trick Room|[of] p2a: Porygon2\n|\n|-weather|none\n|upkeep\n|turn|7\n|\n|t:|1701014614\n|move|p1a: Tyranitar|Knock Off|p2a: Porygon2\n|-crit|p2a: Porygon2\n|-damage|p2a: Porygon2|24\/100 par\n|-enditem|p2a: Porygon2|Eviolite|[from] move: Knock Off|[of] p1a: Tyranitar\n|cant|p2a: Porygon2|par\n|\n|upkeep\n|turn|8\n|-message|mergency\u4e71\u821e forfeited.\n|\n|win|treeshhhh\n|raw|treeshhhh's rating: 1355 &rarr; <strong>1380<\/strong><br \/>(+25 for winning)\n|raw|mergency\u4e71\u821e's rating: 1444 &rarr; <strong>1419<\/strong><br \/>(-25 for losing)\n|l|\u2606mergency\u4e71\u821e\n","uploadtime":1701014628,"views":2,"p1id":"treeshhhh","p2id":"mergency","formatid":"gen9nationaldex","rating":1380,"private":0,"password":""}