{"id":"gen9nationaldex-1990539548","p1":"loch2009","p2":"hepe","format":"[Gen 9] National Dex","log":"|j|\u2606loch2009\n|j|\u2606hepe\n|t:|1699979796\n|gametype|singles\n|player|p1|loch2009|lance|1199\n|player|p2|hepe|266|1113\n|teamsize|p1|6\n|teamsize|p2|6\n|gen|9\n|tier|[Gen 9] National Dex\n|rated|\n|rule|HP Percentage Mod: HP is shown in percentages\n|rule|Endless Battle Clause: Forcing endless battles is banned\n|rule|OHKO Clause: OHKO moves are banned\n|rule|Evasion Clause: Evasion abilities, items, and moves are banned\n|rule|Evasion Abilities Clause: Evasion abilities are banned\n|rule|Evasion Items Clause: Evasion items are banned\n|rule|Evasion Moves Clause: Evasion moves are banned\n|rule|Species Clause: Limit one of each Pok\u00e9mon\n|rule|Sleep Clause Mod: Limit one foe put to sleep\n|clearpoke\n|poke|p1|Tapu Koko|\n|poke|p1|Iron Valiant|\n|poke|p1|Hawlucha, M|\n|poke|p1|Iron Moth|\n|poke|p1|Landorus-Therian, M|\n|poke|p1|Scizor, F|\n|poke|p2|Crawdaunt, F|\n|poke|p2|Charizard, F|\n|poke|p2|Blaziken, M|\n|poke|p2|Ludicolo, F|\n|poke|p2|Parasect, F|\n|poke|p2|Greninja-*, M|\n|teampreview\n|inactive|Battle timer is ON: inactive players will automatically lose when time's up. (requested by hepe)\n|c|\u2606loch2009|glhf\n|\n|t:|1699979826\n|start\n|switch|p1a: Tapu Koko|Tapu Koko|100\/100\n|switch|p2a: Ludicolo|Ludicolo, F|100\/100\n|-fieldstart|move: Electric Terrain|[from] ability: Electric Surge|[of] p1a: Tapu Koko\n|turn|1\n|c|\u2606loch2009|cool team\n|\n|t:|1699979848\n|move|p1a: Tapu Koko|Thunderbolt|p2a: Ludicolo\n|-damage|p2a: Ludicolo|54\/100\n|-status|p2a: Ludicolo|par\n|cant|p2a: Ludicolo|par\n|\n|upkeep\n|turn|2\n|-message|hepe forfeited.\n|\n|win|loch2009\n|raw|loch2009's rating: 1199 &rarr; <strong>1218<\/strong><br \/>(+19 for winning)\n|raw|hepe's rating: 1113 &rarr; <strong>1094<\/strong><br \/>(-19 for losing)\n|l|\u2606hepe\n|c|\u2606loch2009|gg\n","uploadtime":1699979862,"views":4,"p1id":"loch2009","p2id":"hepe","formatid":"gen9nationaldex","rating":1094,"private":0,"password":""}