{"id":"gen9nationaldex-1997445624","p1":"ManitKhurana","p2":"giga heatran","format":"[Gen 9] National Dex","log":"|html|<div class=\"broadcast-blue\"><strong>[Gen 9] National Dex is currently suspecting Sneasler! For information on how to participate check out the <a href=\"https:\/\/www.smogon.com\/forums\/threads\/sv-national-dex-suspect-8-just-dance.3731534\/\">suspect thread<\/a>.<\/strong><\/div>\n|j|\u2606ManitKhurana\n|j|\u2606giga heatran\n|t:|1700806511\n|gametype|singles\n|player|p1|ManitKhurana|ethan|1093\n|player|p2|giga heatran|acetrainer-gen4dp|1000\n|teamsize|p1|6\n|teamsize|p2|6\n|gen|9\n|tier|[Gen 9] National Dex\n|rated|\n|rule|HP Percentage Mod: HP is shown in percentages\n|rule|Endless Battle Clause: Forcing endless battles is banned\n|rule|OHKO Clause: OHKO moves are banned\n|rule|Evasion Clause: Evasion abilities, items, and moves are banned\n|rule|Evasion Abilities Clause: Evasion abilities are banned\n|rule|Evasion Items Clause: Evasion items are banned\n|rule|Evasion Moves Clause: Evasion moves are banned\n|rule|Species Clause: Limit one of each Pok\u00e9mon\n|rule|Sleep Clause Mod: Limit one foe put to sleep\n|clearpoke\n|poke|p1|Charmeleon, M|\n|poke|p1|Sceptile, M|\n|poke|p1|Scizor, M|\n|poke|p1|Swellow, M|\n|poke|p1|Hydreigon, M|\n|poke|p1|Tyranitar, M|\n|poke|p2|Dragonite, M|\n|poke|p2|Torterra, F|\n|poke|p2|Blissey, F|\n|poke|p2|Squawkabilly-Blue, F|\n|poke|p2|Infernape, M|\n|poke|p2|Kleavor, M|\n|teampreview\n|inactive|Battle timer is ON: inactive players will automatically lose when time's up. (requested by ManitKhurana)\n|\n|t:|1700806529\n|start\n|switch|p1a: Tyranitar|Tyranitar, M|100\/100\n|switch|p2a: Infernape|Infernape, M|100\/100\n|-weather|Sandstorm|[from] ability: Sand Stream|[of] p1a: Tyranitar\n|turn|1\n|\n|t:|1700806546\n|-terastallize|p1a: Tyranitar|Grass\n|move|p2a: Infernape|Mach Punch|p1a: Tyranitar\n|-damage|p1a: Tyranitar|76\/100\n|move|p1a: Tyranitar|Hydro Pump|p2a: Infernape\n|-supereffective|p2a: Infernape\n|-damage|p2a: Infernape|3\/100\n|\n|-weather|Sandstorm|[upkeep]\n|-damage|p2a: Infernape|0 fnt|[from] Sandstorm\n|-damage|p1a: Tyranitar|70\/100|[from] Sandstorm\n|faint|p2a: Infernape\n|upkeep\n|inactive|giga heatran has 120 seconds left.\n|\n|t:|1700806573\n|switch|p2a: Blissey|Blissey, F|100\/100\n|turn|2\n|inactive|giga heatran has 120 seconds left.\n|\n|t:|1700806581\n|move|p2a: Blissey|Dazzling Gleam|p1a: Tyranitar\n|-damage|p1a: Tyranitar|55\/100\n|move|p1a: Tyranitar|Thunder|p2a: Blissey\n|-damage|p2a: Blissey|89\/100\n|-status|p2a: Blissey|par\n|\n|-weather|Sandstorm|[upkeep]\n|-damage|p1a: Tyranitar|49\/100|[from] Sandstorm\n|-damage|p2a: Blissey|83\/100 par|[from] Sandstorm\n|upkeep\n|turn|3\n|inactive|giga heatran has 120 seconds left.\n|\n|t:|1700806603\n|move|p1a: Tyranitar|Stone Edge|p2a: Blissey\n|-damage|p2a: Blissey|30\/100 par\n|cant|p2a: Blissey|par\n|\n|-weather|Sandstorm|[upkeep]\n|-damage|p1a: Tyranitar|43\/100|[from] Sandstorm\n|-damage|p2a: Blissey|24\/100 par|[from] Sandstorm\n|upkeep\n|turn|4\n|\n|t:|1700806613\n|move|p1a: Tyranitar|Stone Edge|p2a: Blissey\n|-damage|p2a: Blissey|0 fnt\n|faint|p2a: Blissey\n|\n|-weather|Sandstorm|[upkeep]\n|-damage|p1a: Tyranitar|37\/100|[from] Sandstorm\n|upkeep\n|\n|t:|1700806628\n|switch|p2a: Dragonite|Dragonite, M|100\/100\n|turn|5\n|\n|t:|1700806637\n|move|p2a: Dragonite|Aerial Ace|p1a: Tyranitar\n|-supereffective|p1a: Tyranitar\n|-damage|p1a: Tyranitar|0 fnt\n|faint|p1a: Tyranitar\n|\n|-weather|none\n|upkeep\n|\n|t:|1700806648\n|switch|p1a: Charmeleon|Charmeleon, M|100\/100\n|turn|6\n|inactive|giga heatran has 120 seconds left.\n|\n|t:|1700806659\n|move|p2a: Dragonite|Extreme Speed|p1a: Charmeleon\n|-damage|p1a: Charmeleon|39\/100\n|move|p1a: Charmeleon|Dragon Pulse|p2a: Dragonite\n|-supereffective|p2a: Dragonite\n|-damage|p2a: Dragonite|79\/100\n|\n|upkeep\n|turn|7\n|inactive|giga heatran has 120 seconds left.\n|\n|t:|1700806669\n|move|p2a: Dragonite|Extreme Speed|p1a: Charmeleon\n|-damage|p1a: Charmeleon|0 fnt\n|faint|p1a: Charmeleon\n|\n|upkeep\n|\n|t:|1700806684\n|switch|p1a: Sceptile|Sceptile, M|100\/100\n|turn|8\n|l|\u2606giga heatran\n|inactive|giga heatran disconnected and has a minute to reconnect!\n|player|p2|\n|inactive|giga heatran has 30 seconds to reconnect!\n|inactive|giga heatran has 20 seconds to reconnect!\n|inactive|giga heatran has 15 seconds to reconnect!\n|inactive|giga heatran has 10 seconds to reconnect!\n|inactive|giga heatran has 5 seconds to reconnect!\n|j|\u2606giga heatran\n|inactive|giga heatran reconnected and has 70 seconds left.\n|player|p2|giga heatran|acetrainer-gen4dp\n|l|\u2606giga heatran\n|inactive|giga heatran disconnected and has a minute to reconnect!\n|player|p2|\n|inactive|giga heatran has 30 seconds to reconnect!\n|inactive|giga heatran has 20 seconds to reconnect!\n|inactive|giga heatran has 15 seconds to reconnect!\n|inactive|giga heatran has 10 seconds to reconnect!\n|inactive|giga heatran has 5 seconds to reconnect!\n|-message|giga heatran lost due to inactivity.\n|\n|win|ManitKhurana\n|inactive|giga heatran has 10 seconds left this turn.\n|raw|ManitKhurana's rating: 1093 &rarr; <strong>1112<\/strong><br \/>(+19 for winning)\n|raw|giga heatran's rating: 1000 &rarr; <strong>1000<\/strong><br \/>(+0 for losing)\n","uploadtime":1700806835,"views":3,"p1id":"manitkhurana","p2id":"gigaheatran","formatid":"gen9nationaldex","rating":1000,"private":0,"password":""}