{"id":"gen9nationaldex-1994159194","p1":"sleepydiosama","p2":"guess 19","format":"[Gen 9] National Dex","log":"|j|\u2606sleepydiosama\n|j|\u2606guess 19\n|t:|1700413743\n|gametype|singles\n|player|p1|sleepydiosama|ghetsis|1437\n|player|p2|guess 19|brock|1442\n|teamsize|p1|6\n|teamsize|p2|6\n|gen|9\n|tier|[Gen 9] National Dex\n|rated|\n|rule|HP Percentage Mod: HP is shown in percentages\n|rule|Endless Battle Clause: Forcing endless battles is banned\n|rule|OHKO Clause: OHKO moves are banned\n|rule|Evasion Clause: Evasion abilities, items, and moves are banned\n|rule|Evasion Abilities Clause: Evasion abilities are banned\n|rule|Evasion Items Clause: Evasion items are banned\n|rule|Evasion Moves Clause: Evasion moves are banned\n|rule|Species Clause: Limit one of each Pok\u00e9mon\n|rule|Sleep Clause Mod: Limit one foe put to sleep\n|clearpoke\n|poke|p1|Pelipper, M|\n|poke|p1|Swampert, M|\n|poke|p1|Ferrothorn, M|\n|poke|p1|Zapdos|\n|poke|p1|Barraskewda, F|\n|poke|p1|Ogerpon-Wellspring, F|\n|poke|p2|Steelix, F|\n|poke|p2|Spiritomb, F|\n|poke|p2|Porygon2|\n|poke|p2|Araquanid, M|\n|poke|p2|Infernape, M|\n|poke|p2|Thundurus-Therian, M|\n|teampreview\n|inactive|Battle timer is ON: inactive players will automatically lose when time's up. (requested by sleepydiosama)\n|\n|t:|1700413748\n|start\n|switch|p1a: \u554a\u554a|Ferrothorn, M, shiny|100\/100\n|switch|p2a: Thundurus|Thundurus-Therian, M|100\/100\n|turn|1\n|\n|t:|1700413751\n|move|p2a: Thundurus|Nasty Plot|p2a: Thundurus\n|-boost|p2a: Thundurus|spa|2\n|move|p1a: \u554a\u554a|Stealth Rock|p2a: Thundurus\n|-sidestart|p2: guess 19|move: Stealth Rock\n|\n|upkeep\n|turn|2\n|\n|t:|1700413756\n|move|p2a: Thundurus|Focus Blast|p1a: \u554a\u554a\n|-supereffective|p1a: \u554a\u554a\n|-damage|p1a: \u554a\u554a|0 fnt\n|faint|p1a: \u554a\u554a\n|\n|upkeep\n|\n|t:|1700413759\n|switch|p1a: \u76d6\u9e25\u5361|Pelipper, M|100\/100\n|-weather|RainDance|[from] ability: Drizzle|[of] p1a: \u76d6\u9e25\u5361\n|turn|3\n|\n|t:|1700413766\n|switch|p1a: \u6cbc\u738b|Swampert, M, shiny|100\/100\n|move|p2a: Thundurus|Grass Knot|p1a: \u6cbc\u738b\n|-supereffective|p1a: \u6cbc\u738b\n|-damage|p1a: \u6cbc\u738b|0 fnt\n|faint|p1a: \u6cbc\u738b\n|\n|-weather|RainDance|[upkeep]\n|upkeep\n|\n|t:|1700413768\n|switch|p1a: \u6211\u7684\u539f\u5b50\u5f39\u56de\u6765\u8fa3|Barraskewda, F|100\/100\n|turn|4\n|\n|t:|1700413781\n|-terastallize|p1a: \u6211\u7684\u539f\u5b50\u5f39\u56de\u6765\u8fa3|Water\n|-terastallize|p2a: Thundurus|Water\n|move|p1a: \u6211\u7684\u539f\u5b50\u5f39\u56de\u6765\u8fa3|Liquidation|p2a: Thundurus\n|-resisted|p2a: Thundurus\n|-damage|p2a: Thundurus|2\/100\n|-unboost|p2a: Thundurus|def|1\n|move|p2a: Thundurus|Thunderbolt|p1a: \u6211\u7684\u539f\u5b50\u5f39\u56de\u6765\u8fa3\n|-supereffective|p1a: \u6211\u7684\u539f\u5b50\u5f39\u56de\u6765\u8fa3\n|-damage|p1a: \u6211\u7684\u539f\u5b50\u5f39\u56de\u6765\u8fa3|0 fnt\n|faint|p1a: \u6211\u7684\u539f\u5b50\u5f39\u56de\u6765\u8fa3\n|\n|-weather|RainDance|[upkeep]\n|upkeep\n|\n|t:|1700413793\n|switch|p1a: \u9e1f\u54e5|Zapdos|100\/100\n|turn|5\n|\n|t:|1700413799\n|move|p2a: Thundurus|Thunderbolt|p1a: \u9e1f\u54e5\n|-damage|p1a: \u9e1f\u54e5|0 fnt\n|faint|p1a: \u9e1f\u54e5\n|\n|-weather|RainDance|[upkeep]\n|upkeep\n|-message|sleepydiosama forfeited.\n|\n|win|guess 19\n|raw|sleepydiosama's rating: 1437 &rarr; <strong>1417<\/strong><br \/>(-20 for losing)\n|raw|guess 19's rating: 1442 &rarr; <strong>1462<\/strong><br \/>(+20 for winning)\n|l|\u2606sleepydiosama\n","uploadtime":1700413808,"views":14,"p1id":"sleepydiosama","p2id":"guess19","formatid":"gen9nationaldex","rating":1417,"private":0,"password":""}