{"id":"gen9nationaldex-1997478329","p1":"SeanboyQ","p2":"Oknowthisispower","format":"[Gen 9] National Dex","log":"|html|<div class=\"broadcast-blue\"><strong>[Gen 9] National Dex is currently suspecting Sneasler! For information on how to participate check out the <a href=\"https:\/\/www.smogon.com\/forums\/threads\/sv-national-dex-suspect-8-just-dance.3731534\/\">suspect thread<\/a>.<\/strong><\/div>\n|j|\u2606SeanboyQ\n|j|\u2606Oknowthisispower\n|t:|1700812401\n|gametype|singles\n|player|p1|SeanboyQ|1|1243\n|player|p2|Oknowthisispower|veteran|1158\n|teamsize|p1|6\n|teamsize|p2|6\n|gen|9\n|tier|[Gen 9] National Dex\n|rated|\n|rule|HP Percentage Mod: HP is shown in percentages\n|rule|Endless Battle Clause: Forcing endless battles is banned\n|rule|OHKO Clause: OHKO moves are banned\n|rule|Evasion Clause: Evasion abilities, items, and moves are banned\n|rule|Evasion Abilities Clause: Evasion abilities are banned\n|rule|Evasion Items Clause: Evasion items are banned\n|rule|Evasion Moves Clause: Evasion moves are banned\n|rule|Species Clause: Limit one of each Pok\u00e9mon\n|rule|Sleep Clause Mod: Limit one foe put to sleep\n|clearpoke\n|poke|p1|Tapu Lele|\n|poke|p1|Medicham, M|\n|poke|p1|Iron Treads|\n|poke|p1|Volcarona, F|\n|poke|p1|Milotic, M|\n|poke|p1|Obstagoon, M|\n|poke|p2|Charizard, M|\n|poke|p2|Rillaboom, F|\n|poke|p2|Tapu Koko|\n|poke|p2|Heatran, F|\n|poke|p2|Great Tusk|\n|poke|p2|Gliscor, M|\n|teampreview\n|inactive|Battle timer is ON: inactive players will automatically lose when time's up. (requested by Oknowthisispower)\n|\n|t:|1700812413\n|start\n|switch|p1a: Tapu Lele|Tapu Lele|100\/100\n|switch|p2a: Great Tusk|Great Tusk|100\/100\n|-fieldstart|move: Psychic Terrain|[from] ability: Psychic Surge|[of] p1a: Tapu Lele\n|-enditem|p2a: Great Tusk|Booster Energy\n|-activate|p2a: Great Tusk|ability: Protosynthesis|[fromitem]\n|-start|p2a: Great Tusk|protosynthesisatk\n|turn|1\n|-message|Oknowthisispower forfeited.\n|\n|win|SeanboyQ\n|raw|SeanboyQ's rating: 1243 &rarr; <strong>1262<\/strong><br \/>(+19 for winning)\n|raw|Oknowthisispower's rating: 1158 &rarr; <strong>1139<\/strong><br \/>(-19 for losing)\n|l|\u2606Oknowthisispower\n","uploadtime":1700812432,"views":4,"p1id":"seanboyq","p2id":"oknowthisispower","formatid":"gen9nationaldex","rating":1139,"private":0,"password":""}