{"id":"gen9nationaldex-1991378664","p1":"TheDudeBlake","p2":"Blake-Mamba","format":"[Gen 9] National Dex","log":"|j|\u2606TheDudeBlake\n|j|\u2606Blake-Mamba\n|t:|1700072165\n|gametype|singles\n|player|p1|TheDudeBlake|169|1394\n|player|p2|Blake-Mamba|juan|1371\n|teamsize|p1|6\n|teamsize|p2|6\n|gen|9\n|tier|[Gen 9] National Dex\n|rated|\n|rule|HP Percentage Mod: HP is shown in percentages\n|rule|Endless Battle Clause: Forcing endless battles is banned\n|rule|OHKO Clause: OHKO moves are banned\n|rule|Evasion Clause: Evasion abilities, items, and moves are banned\n|rule|Evasion Abilities Clause: Evasion abilities are banned\n|rule|Evasion Items Clause: Evasion items are banned\n|rule|Evasion Moves Clause: Evasion moves are banned\n|rule|Species Clause: Limit one of each Pok\u00e9mon\n|rule|Sleep Clause Mod: Limit one foe put to sleep\n|clearpoke\n|poke|p1|Hippowdon, F|\n|poke|p1|Sandy Shocks|\n|poke|p1|Garchomp, M|\n|poke|p1|Torterra, F|\n|poke|p1|Mamoswine, F|\n|poke|p1|Gastrodon, M|\n|poke|p2|Galvantula, M|\n|poke|p2|Serperior, M|\n|poke|p2|Volcarona, M|\n|poke|p2|Carracosta, F|\n|poke|p2|Archeops, F|\n|poke|p2|Golurk|\n|teampreview\n|\n|t:|1700072176\n|start\n|switch|p1a: Mamoswine|Mamoswine, F, shiny|100\/100\n|switch|p2a: Galvantula|Galvantula, M|100\/100\n|turn|1\n|\n|t:|1700072182\n|move|p2a: Galvantula|Sticky Web|p1a: Mamoswine\n|-sidestart|p1: TheDudeBlake|move: Sticky Web\n|move|p1a: Mamoswine|High Horsepower|p2a: Galvantula\n|-damage|p2a: Galvantula|5\/100\n|\n|upkeep\n|turn|2\n|\n|t:|1700072190\n|switch|p2a: Volcarona|Volcarona, M|100\/100\n|move|p1a: Mamoswine|Ice Shard|p2a: Volcarona\n|-resisted|p2a: Volcarona\n|-damage|p2a: Volcarona|85\/100\n|\n|upkeep\n|turn|3\n|\n|t:|1700072204\n|switch|p1a: Garchomp|Garchomp, M, shiny|100\/100\n|-activate|p1a: Garchomp|move: Sticky Web\n|-unboost|p1a: Garchomp|spe|1\n|-terastallize|p2a: Volcarona|Grass\n|move|p2a: Volcarona|Quiver Dance|p2a: Volcarona\n|-boost|p2a: Volcarona|spa|1\n|-boost|p2a: Volcarona|spd|1\n|-boost|p2a: Volcarona|spe|1\n|\n|upkeep\n|turn|4\n|\n|t:|1700072215\n|move|p2a: Volcarona|Giga Drain|p1a: Garchomp\n|-damage|p1a: Garchomp|34\/100\n|-heal|p2a: Volcarona|100\/100|[from] drain|[of] p1a: Garchomp\n|move|p1a: Garchomp|Scale Shot|p2a: Volcarona|[miss]\n|-miss|p1a: Garchomp|p2a: Volcarona\n|\n|upkeep\n|turn|5\n|\n|t:|1700072223\n|-terastallize|p1a: Garchomp|Fire\n|move|p2a: Volcarona|Giga Drain|p1a: Garchomp\n|-resisted|p1a: Garchomp\n|-damage|p1a: Garchomp|0 fnt\n|faint|p1a: Garchomp\n|\n|upkeep\n|-message|TheDudeBlake forfeited.\n|\n|win|Blake-Mamba\n|raw|TheDudeBlake's rating: 1394 &rarr; <strong>1373<\/strong><br \/>(-21 for losing)\n|raw|Blake-Mamba's rating: 1371 &rarr; <strong>1392<\/strong><br \/>(+21 for winning)\n|l|\u2606TheDudeBlake\n","uploadtime":1700072238,"views":4,"p1id":"thedudeblake","p2id":"blakemamba","formatid":"gen9nationaldex","rating":1373,"private":0,"password":""}