{"id":"gen9nationaldex-1998403189","p1":"ShadowKnightXXD","p2":"xSlacker","format":"[Gen 9] National Dex","log":"|html|<div class=\"broadcast-blue\"><strong>[Gen 9] National Dex is currently suspecting Sneasler! For information on how to participate check out the <a href=\"https:\/\/www.smogon.com\/forums\/threads\/sv-national-dex-suspect-8-just-dance.3731534\/\">suspect thread<\/a>.<\/strong><\/div>\n|j|\u2606ShadowKnightXXD\n|j|\u2606xSlacker\n|t:|1700938418\n|gametype|singles\n|player|p1|ShadowKnightXXD|170|1147\n|player|p2|xSlacker|plasmagrunt-gen5bw|1193\n|teamsize|p1|6\n|teamsize|p2|6\n|gen|9\n|tier|[Gen 9] National Dex\n|rated|\n|rule|HP Percentage Mod: HP is shown in percentages\n|rule|Endless Battle Clause: Forcing endless battles is banned\n|rule|OHKO Clause: OHKO moves are banned\n|rule|Evasion Clause: Evasion abilities, items, and moves are banned\n|rule|Evasion Abilities Clause: Evasion abilities are banned\n|rule|Evasion Items Clause: Evasion items are banned\n|rule|Evasion Moves Clause: Evasion moves are banned\n|rule|Species Clause: Limit one of each Pok\u00e9mon\n|rule|Sleep Clause Mod: Limit one foe put to sleep\n|clearpoke\n|poke|p1|Heracross, M|\n|poke|p1|Kommo-o, F|\n|poke|p1|Garchomp, F|\n|poke|p1|Goodra-Hisui, M|\n|poke|p1|Volcanion|\n|poke|p1|Dragonite, M|\n|poke|p2|Heatran, F|\n|poke|p2|Excadrill, F|\n|poke|p2|Ferrothorn, F|\n|poke|p2|Corviknight, M|\n|poke|p2|Goodra-Hisui, M|\n|poke|p2|Scizor, M|\n|teampreview\n|inactive|Battle timer is ON: inactive players will automatically lose when time's up. (requested by ShadowKnightXXD)\n|\n|t:|1700938432\n|start\n|switch|p1a: Garchomp|Garchomp, F|100\/100\n|switch|p2a: Ferrothorn|Ferrothorn, F|100\/100\n|turn|1\n|\n|t:|1700938437\n|move|p1a: Garchomp|Stealth Rock|p2a: Ferrothorn\n|-sidestart|p2: xSlacker|move: Stealth Rock\n|move|p2a: Ferrothorn|Leech Seed|p1a: Garchomp\n|-start|p1a: Garchomp|move: Leech Seed\n|\n|-damage|p1a: Garchomp|88\/100|[from] Leech Seed|[of] p2a: Ferrothorn\n|upkeep\n|turn|2\n|\n|t:|1700938444\n|switch|p1a: Volcanion|Volcanion|100\/100\n|move|p2a: Ferrothorn|Stealth Rock|p1a: Volcanion\n|-sidestart|p1: ShadowKnightXXD|move: Stealth Rock\n|\n|upkeep\n|turn|3\n|\n|t:|1700938451\n|switch|p2a: Heatran|Heatran, F|100\/100\n|-damage|p2a: Heatran|88\/100|[from] Stealth Rock\n|-item|p2a: Heatran|Air Balloon\n|move|p1a: Volcanion|Heat Wave|p2a: Heatran\n|-start|p2a: Heatran|ability: Flash Fire\n|\n|upkeep\n|turn|4\n|-message|ShadowKnightXXD forfeited.\n|\n|win|xSlacker\n|raw|ShadowKnightXXD's rating: 1147 &rarr; <strong>1125<\/strong><br \/>(-22 for losing)\n|raw|xSlacker's rating: 1193 &rarr; <strong>1215<\/strong><br \/>(+22 for winning)\n|l|\u2606ShadowKnightXXD\n","uploadtime":1700938463,"views":2,"p1id":"shadowknightxxd","p2id":"xslacker","formatid":"gen9nationaldex","rating":1125,"private":0,"password":""}