{"id":"gen9nationaldex-1999273932","p1":"susu uwu==-","p2":"wormHELL","format":"[Gen 9] National Dex","log":"|html|<div class=\"broadcast-blue\"><strong>[Gen 9] National Dex is currently suspecting Sneasler! For information on how to participate check out the <a href=\"https:\/\/www.smogon.com\/forums\/threads\/sv-national-dex-suspect-8-just-dance.3731534\/\">suspect thread<\/a>.<\/strong><\/div>\n|j|\u2606susu uwu==-\n|j|\u2606wormHELL\n|t:|1701053649\n|gametype|singles\n|player|p1|susu uwu==-|volkner|1171\n|player|p2|wormHELL|bellelba|1222\n|teamsize|p1|6\n|teamsize|p2|6\n|gen|9\n|tier|[Gen 9] National Dex\n|rated|\n|rule|HP Percentage Mod: HP is shown in percentages\n|rule|Endless Battle Clause: Forcing endless battles is banned\n|rule|OHKO Clause: OHKO moves are banned\n|rule|Evasion Clause: Evasion abilities, items, and moves are banned\n|rule|Evasion Abilities Clause: Evasion abilities are banned\n|rule|Evasion Items Clause: Evasion items are banned\n|rule|Evasion Moves Clause: Evasion moves are banned\n|rule|Species Clause: Limit one of each Pok\u00e9mon\n|rule|Sleep Clause Mod: Limit one foe put to sleep\n|clearpoke\n|poke|p1|Conkeldurr, F|\n|poke|p1|Ninetales-Alola, F|\n|poke|p1|Scizor, M|\n|poke|p1|Gliscor, F|\n|poke|p1|Rotom-Wash|\n|poke|p1|Heatran, M|\n|poke|p2|Garchomp, F|\n|poke|p2|Sneasler, M|\n|poke|p2|Samurott-Hisui, M|\n|poke|p2|Tapu Lele|\n|poke|p2|Great Tusk|\n|poke|p2|Zapdos|\n|teampreview\n|inactive|Battle timer is ON: inactive players will automatically lose when time's up. (requested by susu uwu==-)\n|\n|t:|1701053675\n|start\n|switch|p1a: Ninetales|Ninetales-Alola, F|100\/100\n|switch|p2a: Samurott|Samurott-Hisui, M|100\/100\n|-weather|Snow|[from] ability: Snow Warning|[of] p1a: Ninetales\n|turn|1\n|\n|t:|1701053696\n|move|p1a: Ninetales|Moonblast|p2a: Samurott\n|-supereffective|p2a: Samurott\n|-damage|p2a: Samurott|0 fnt\n|faint|p2a: Samurott\n|\n|-weather|Snow|[upkeep]\n|upkeep\n|\n|t:|1701053707\n|switch|p2a: Zapdos|Zapdos|100\/100\n|turn|2\n|\n|t:|1701053714\n|move|p1a: Ninetales|Aurora Veil|p1a: Ninetales\n|-sidestart|p1: susu uwu==-|move: Aurora Veil\n|move|p2a: Zapdos|Heat Wave|p1a: Ninetales\n|-supereffective|p1a: Ninetales\n|-damage|p1a: Ninetales|63\/100\n|\n|-weather|Snow|[upkeep]\n|upkeep\n|turn|3\n|\n|t:|1701053730\n|switch|p1a: Gliscor|Gliscor, F|100\/100\n|move|p2a: Zapdos|Heat Wave|p1a: Gliscor\n|-damage|p1a: Gliscor|83\/100\n|\n|-weather|Snow|[upkeep]\n|-status|p1a: Gliscor|tox|[from] item: Toxic Orb\n|upkeep\n|turn|4\n|\n|t:|1701053741\n|move|p2a: Zapdos|Thunder Wave|p1a: Gliscor\n|-immune|p1a: Gliscor\n|move|p1a: Gliscor|Toxic|p2a: Zapdos|[miss]\n|-miss|p1a: Gliscor|p2a: Zapdos\n|\n|-weather|Snow|[upkeep]\n|-heal|p1a: Gliscor|95\/100 tox|[from] ability: Poison Heal\n|upkeep\n|turn|5\n|c|\u2606wormHELL|mis clickkkk\n|c|\u2606wormHELL|omggg\n|\n|t:|1701053755\n|switch|p2a: Great Tusk|Great Tusk|100\/100\n|move|p1a: Gliscor|Toxic|p2a: Great Tusk\n|-status|p2a: Great Tusk|tox\n|\n|-weather|none\n|-damage|p2a: Great Tusk|94\/100 tox|[from] psn\n|-heal|p1a: Gliscor|100\/100 tox|[from] ability: Poison Heal\n|upkeep\n|turn|6\n|\n|t:|1701053762\n|switch|p1a: VAI BRASIL!!!|Scizor, M, shiny|100\/100\n|move|p2a: Great Tusk|Ice Spinner|p1a: VAI BRASIL!!!\n|-resisted|p1a: VAI BRASIL!!!\n|-damage|p1a: VAI BRASIL!!!|94\/100\n|\n|-damage|p2a: Great Tusk|82\/100 tox|[from] psn\n|upkeep\n|turn|7\n|\n|t:|1701053781\n|-end|p2a: Great Tusk|Protosynthesis|[silent]\n|switch|p2a: Zapdos|Zapdos|100\/100\n|move|p1a: VAI BRASIL!!!|Swords Dance|p1a: VAI BRASIL!!!\n|-boost|p1a: VAI BRASIL!!!|atk|2\n|\n|upkeep\n|turn|8\n|\n|t:|1701053788\n|move|p2a: Zapdos|Heat Wave|p1a: VAI BRASIL!!!\n|-supereffective|p1a: VAI BRASIL!!!\n|-crit|p1a: VAI BRASIL!!!\n|-damage|p1a: VAI BRASIL!!!|0 fnt\n|faint|p1a: VAI BRASIL!!!\n|\n|upkeep\n|c|\u2606susu uwu==-|Good crit \ud83d\udc4d\n|inactive|susu uwu==- has 120 seconds left.\n|c|\u2606susu uwu==-|Its is realy good\n|c|\u2606susu uwu==-|So good\n|c|\u2606susu uwu==-|So much\n|c|\u2606wormHELL|thanks\n|inactive|susu uwu==- has 90 seconds left.\n|c|\u2606susu uwu==-|F#ck you\n|-message|susu uwu==- forfeited.\n|\n|win|wormHELL\n|raw|susu uwu==-'s rating: 1171 &rarr; <strong>1150<\/strong><br \/>(-21 for losing)\n|raw|wormHELL's rating: 1222 &rarr; <strong>1243<\/strong><br \/>(+21 for winning)\n","uploadtime":1701053863,"views":1,"p1id":"susuuwu","p2id":"wormhell","formatid":"gen9nationaldex","rating":1150,"private":0,"password":""}