{"id":"gen9nationaldex-1990127280","p1":"Chef Nando","p2":"BigBenClockTower","format":"[Gen 9] National Dex","log":"|j|\u2606Chef Nando\n|j|\u2606BigBenClockTower\n|t:|1699927481\n|gametype|singles\n|player|p1|Chef Nando|hilda|1148\n|player|p2|BigBenClockTower|acetrainer-gen6xy|1238\n|teamsize|p1|6\n|teamsize|p2|6\n|gen|9\n|tier|[Gen 9] National Dex\n|rated|\n|rule|HP Percentage Mod: HP is shown in percentages\n|rule|Endless Battle Clause: Forcing endless battles is banned\n|rule|OHKO Clause: OHKO moves are banned\n|rule|Evasion Clause: Evasion abilities, items, and moves are banned\n|rule|Evasion Abilities Clause: Evasion abilities are banned\n|rule|Evasion Items Clause: Evasion items are banned\n|rule|Evasion Moves Clause: Evasion moves are banned\n|rule|Species Clause: Limit one of each Pok\u00e9mon\n|rule|Sleep Clause Mod: Limit one foe put to sleep\n|clearpoke\n|poke|p1|Graveler, F|\n|poke|p1|Mr. Mime-Galar, F|\n|poke|p1|Raticate, F|\n|poke|p1|Gyarados, M|\n|poke|p1|Dragonite, M|\n|poke|p1|Zapdos-Galar|\n|poke|p2|Mawile, F|\n|poke|p2|Ferrothorn, M|\n|poke|p2|Spidops, M|\n|poke|p2|Tapu Fini|\n|poke|p2|Chandelure, F|\n|poke|p2|Vanilluxe, M|\n|teampreview\n|inactive|Battle timer is ON: inactive players will automatically lose when time's up. (requested by Chef Nando)\n|\n|t:|1699927497\n|start\n|switch|p1a: Monstar|Gyarados, M|100\/100\n|switch|p2a: Spidops|Spidops, M|100\/100\n|-ability|p1a: Monstar|Intimidate|boost\n|-unboost|p2a: Spidops|atk|1\n|turn|1\n|\n|t:|1699927506\n|move|p1a: Monstar|Dragon Dance|p1a: Monstar\n|-boost|p1a: Monstar|atk|1\n|-boost|p1a: Monstar|spe|1\n|move|p2a: Spidops|Spikes|p1a: Monstar\n|-sidestart|p1: Chef Nando|Spikes\n|\n|upkeep\n|turn|2\n|\n|t:|1699927513\n|move|p1a: Monstar|Substitute|p1a: Monstar\n|-start|p1a: Monstar|Substitute\n|-damage|p1a: Monstar|76\/100\n|move|p2a: Spidops|Spikes|p1a: Monstar\n|-sidestart|p1: Chef Nando|Spikes\n|\n|upkeep\n|turn|3\n|\n|t:|1699927518\n|move|p1a: Monstar|Dragon Dance|p1a: Monstar\n|-boost|p1a: Monstar|atk|1\n|-boost|p1a: Monstar|spe|1\n|move|p2a: Spidops|Spikes|p1a: Monstar\n|-sidestart|p1: Chef Nando|Spikes\n|\n|upkeep\n|turn|4\n|\n|t:|1699927527\n|move|p1a: Monstar|Waterfall|p2a: Spidops\n|-damage|p2a: Spidops|42\/100\n|-enditem|p2a: Spidops|Red Card|[of] p1a: Monstar\n|drag|p1a: Ratatouille|Raticate, F|100\/100\n|-damage|p1a: Ratatouille|75\/100|[from] Spikes\n|move|p2a: Spidops|Circle Throw|p1a: Ratatouille\n|-supereffective|p1a: Ratatouille\n|-damage|p1a: Ratatouille|13\/100\n|drag|p1a: Ash's Step Dad|Mr. Mime-Galar, F|100\/100\n|-damage|p1a: Ash's Step Dad|75\/100|[from] Spikes\n|\n|upkeep\n|turn|5\n|\n|t:|1699927556\n|-terastallize|p2a: Spidops|Dark\n|move|p1a: Ash's Step Dad|Psychic|p2a: Spidops\n|-immune|p2a: Spidops\n|move|p2a: Spidops|Knock Off|p1a: Ash's Step Dad\n|-supereffective|p1a: Ash's Step Dad\n|-damage|p1a: Ash's Step Dad|15\/100\n|-enditem|p1a: Ash's Step Dad|Choice Scarf|[from] move: Knock Off|[of] p2a: Spidops\n|\n|upkeep\n|turn|6\n|-message|Chef Nando forfeited.\n|\n|win|BigBenClockTower\n|raw|Chef Nando's rating: 1148 &rarr; <strong>1129<\/strong><br \/>(-19 for losing)\n|raw|BigBenClockTower's rating: 1238 &rarr; <strong>1257<\/strong><br \/>(+19 for winning)\n|l|\u2606Chef Nando\n","uploadtime":1699927573,"views":6,"p1id":"chefnando","p2id":"bigbenclocktower","formatid":"gen9nationaldex","rating":1129,"private":0,"password":""}