{"id":"gen9nationaldex-1990640564","p1":"AlphaOmega07","p2":"lxvliiz","format":"[Gen 9] National Dex","log":"|j|\u2606AlphaOmega07\n|j|\u2606lxvliiz\n|t:|1699987957\n|gametype|singles\n|player|p1|AlphaOmega07|veteran|1182\n|player|p2|lxvliiz|guitarist|1143\n|teamsize|p1|6\n|teamsize|p2|6\n|gen|9\n|tier|[Gen 9] National Dex\n|rated|\n|rule|HP Percentage Mod: HP is shown in percentages\n|rule|Endless Battle Clause: Forcing endless battles is banned\n|rule|OHKO Clause: OHKO moves are banned\n|rule|Evasion Clause: Evasion abilities, items, and moves are banned\n|rule|Evasion Abilities Clause: Evasion abilities are banned\n|rule|Evasion Items Clause: Evasion items are banned\n|rule|Evasion Moves Clause: Evasion moves are banned\n|rule|Species Clause: Limit one of each Pok\u00e9mon\n|rule|Sleep Clause Mod: Limit one foe put to sleep\n|clearpoke\n|poke|p1|Kommo-o, F|\n|poke|p1|Hawlucha, F|\n|poke|p1|Ceruledge, F|\n|poke|p1|Grimmsnarl, M|\n|poke|p1|Volcarona, M|\n|poke|p1|Gliscor, M|\n|poke|p2|Charizard, M|\n|poke|p2|Azumarill, M|\n|poke|p2|Lilligant-Hisui, F|\n|poke|p2|Aegislash, F|\n|poke|p2|Nidoking, M|\n|poke|p2|Grafaiai, F|\n|teampreview\n|inactive|Battle timer is ON: inactive players will automatically lose when time's up. (requested by AlphaOmega07)\n|c|\u2606lxvliiz|hi\n|\n|t:|1699987975\n|start\n|switch|p1a: Life|Hawlucha, F, shiny|100\/100\n|switch|p2a: Grafaiai|Grafaiai, F|100\/100\n|turn|1\n|\n|t:|1699987984\n|move|p2a: Grafaiai|Swagger|p1a: Life\n|-boost|p1a: Life|atk|2\n|-enditem|p2a: Grafaiai|Mirror Herb\n|-boost|p2a: Grafaiai|atk|2|[from] item: Mirror Herb\n|-start|p1a: Life|confusion\n|-activate|p1a: Life|confusion\n|move|p1a: Life|Sky Attack||[still]\n|-prepare|p1a: Life|Sky Attack\n|-enditem|p1a: Life|Power Herb\n|-anim|p1a: Life|Sky Attack|p2a: Grafaiai|[miss]\n|-miss|p1a: Life|p2a: Grafaiai\n|\n|upkeep\n|turn|2\n|\n|t:|1699987998\n|-activate|p1a: Life|confusion\n|move|p1a: Life|Acrobatics|p2a: Grafaiai\n|-damage|p2a: Grafaiai|0 fnt\n|faint|p2a: Grafaiai\n|\n|upkeep\n|c|\u2606lxvliiz|damn nice\n|\n|t:|1699988015\n|switch|p2a: Azumarill|Azumarill, M|100\/100\n|turn|3\n|\n|t:|1699988019\n|-activate|p1a: Life|confusion\n|-damage|p1a: Life|62\/100|[from] confusion\n|move|p2a: Azumarill|Belly Drum|p2a: Azumarill\n|-damage|p2a: Azumarill|50\/100\n|-setboost|p2a: Azumarill|atk|6|[from] move: Belly Drum\n|-enditem|p2a: Azumarill|Sitrus Berry|[eat]\n|-heal|p2a: Azumarill|75\/100|[from] item: Sitrus Berry\n|\n|upkeep\n|turn|4\n|\n|t:|1699988029\n|-terastallize|p2a: Azumarill|Water\n|move|p2a: Azumarill|Aqua Jet|p1a: Life\n|-damage|p1a: Life|0 fnt\n|faint|p1a: Life\n|\n|upkeep\n|\n|t:|1699988034\n|switch|p1a: Grimmsnarl|Grimmsnarl, M|100\/100\n|turn|5\n|\n|t:|1699988037\n|move|p1a: Grimmsnarl|Fake Out|p2a: Azumarill\n|-damage|p2a: Azumarill|60\/100\n|cant|p2a: Azumarill|flinch\n|\n|upkeep\n|turn|6\n|\n|t:|1699988041\n|move|p2a: Azumarill|Aqua Jet|p1a: Grimmsnarl\n|-damage|p1a: Grimmsnarl|0 fnt\n|faint|p1a: Grimmsnarl\n|\n|upkeep\n|-message|AlphaOmega07 forfeited.\n|\n|win|lxvliiz\n|raw|AlphaOmega07's rating: 1182 &rarr; <strong>1154<\/strong><br \/>(-28 for losing)\n|raw|lxvliiz's rating: 1143 &rarr; <strong>1171<\/strong><br \/>(+28 for winning)\n|l|\u2606AlphaOmega07\n","uploadtime":1699988051,"views":4,"p1id":"alphaomega07","p2id":"lxvliiz","formatid":"gen9nationaldex","rating":1154,"private":0,"password":""}