{"id":"gen9nationaldex-1990230371","p1":"mtyqjltz5","p2":"shuijun1\u82cd\u708e\u5203\u9b3c\u4fa0","format":"[Gen 9] National Dex","log":"|j|\u2606mtyqjltz5\n|j|\u2606shuijun1\u82cd\u708e\u5203\u9b3c\u4fa0\n|t:|1699941074\n|gametype|singles\n|player|p1|mtyqjltz5|elesa|1269\n|player|p2|shuijun1\u82cd\u708e\u5203\u9b3c\u4fa0|iono|1365\n|teamsize|p1|6\n|teamsize|p2|6\n|gen|9\n|tier|[Gen 9] National Dex\n|rated|\n|rule|HP Percentage Mod: HP is shown in percentages\n|rule|Endless Battle Clause: Forcing endless battles is banned\n|rule|OHKO Clause: OHKO moves are banned\n|rule|Evasion Clause: Evasion abilities, items, and moves are banned\n|rule|Evasion Abilities Clause: Evasion abilities are banned\n|rule|Evasion Items Clause: Evasion items are banned\n|rule|Evasion Moves Clause: Evasion moves are banned\n|rule|Species Clause: Limit one of each Pok\u00e9mon\n|rule|Sleep Clause Mod: Limit one foe put to sleep\n|clearpoke\n|poke|p1|Beedrill, M|\n|poke|p1|Chansey, F|\n|poke|p1|Garchomp, M|\n|poke|p1|Urshifu-*, M|\n|poke|p1|Zapdos|\n|poke|p1|Tapu Lele|\n|poke|p2|Alomomola, M|\n|poke|p2|Slowking-Galar, M|\n|poke|p2|Gliscor, M|\n|poke|p2|Samurott-Hisui, F|\n|poke|p2|Zygarde-10%|\n|poke|p2|Zamazenta-*|\n|teampreview\n|inactive|Battle timer is ON: inactive players will automatically lose when time's up. (requested by mtyqjltz5)\n|\n|t:|1699941096\n|start\n|switch|p1a: Urshifu|Urshifu-Rapid-Strike, M|100\/100\n|switch|p2a: Zygarde|Zygarde-10%|100\/100\n|-ability|p2a: Zygarde|Aura Break\n|turn|1\n|\n|t:|1699941110\n|switch|p2a: Alomomola|Alomomola, M|100\/100\n|move|p1a: Urshifu|Surging Strikes|p2a: Alomomola\n|-resisted|p2a: Alomomola\n|-crit|p2a: Alomomola\n|-damage|p2a: Alomomola|95\/100\n|-resisted|p2a: Alomomola\n|-crit|p2a: Alomomola\n|-damage|p2a: Alomomola|88\/100\n|-resisted|p2a: Alomomola\n|-crit|p2a: Alomomola\n|-damage|p2a: Alomomola|83\/100\n|-hitcount|p2a: Alomomola|3\n|\n|upkeep\n|turn|2\n|\n|t:|1699941134\n|switch|p1a: Chansey|Chansey, F|100\/100\n|move|p2a: Alomomola|Wish|p2a: Alomomola\n|\n|upkeep\n|turn|3\n|\n|t:|1699941143\n|move|p2a: Alomomola|Flip Turn|p1a: Chansey\n|-damage|p1a: Chansey|90\/100\n|\n|t:|1699941149\n|switch|p2a: Samurott|Samurott-Hisui, F|100\/100|[from] Flip Turn\n|move|p1a: Chansey|Teleport|p1a: Chansey\n|\n|t:|1699941155\n|switch|p1a: Urshifu|Urshifu-Rapid-Strike, M|100\/100|[from] Teleport\n|\n|upkeep\n|turn|4\n|\n|t:|1699941163\n|switch|p2a: Alomomola|Alomomola, M|100\/100\n|move|p1a: Urshifu|Trailblaze|p2a: Alomomola\n|-supereffective|p2a: Alomomola\n|-damage|p2a: Alomomola|81\/100\n|-boost|p1a: Urshifu|spe|1\n|-damage|p1a: Urshifu|84\/100|[from] item: Rocky Helmet|[of] p2a: Alomomola\n|\n|upkeep\n|turn|5\n|\n|t:|1699941171\n|move|p1a: Urshifu|Swords Dance|p1a: Urshifu\n|-boost|p1a: Urshifu|atk|2\n|move|p2a: Alomomola|Flip Turn|p1a: Urshifu\n|-resisted|p1a: Urshifu\n|-damage|p1a: Urshifu|75\/100\n|\n|t:|1699941176\n|switch|p2a: Zamazenta|Zamazenta|100\/100|[from] Flip Turn\n|-ability|p2a: Zamazenta|Dauntless Shield|boost\n|-boost|p2a: Zamazenta|def|1\n|\n|upkeep\n|turn|6\n|\n|t:|1699941186\n|-terastallize|p2a: Zamazenta|Electric\n|move|p1a: Urshifu|Surging Strikes|p2a: Zamazenta\n|-crit|p2a: Zamazenta\n|-damage|p2a: Zamazenta|67\/100\n|-crit|p2a: Zamazenta\n|-damage|p2a: Zamazenta|32\/100\n|-crit|p2a: Zamazenta\n|-damage|p2a: Zamazenta|0 fnt\n|faint|p2a: Zamazenta\n|-hitcount|p2: Zamazenta|3\n|\n|upkeep\n|-message|shuijun1\u82cd\u708e\u5203\u9b3c\u4fa0 forfeited.\n|\n|win|mtyqjltz5\n|raw|mtyqjltz5's rating: 1269 &rarr; <strong>1301<\/strong><br \/>(+32 for winning)\n|raw|shuijun1\u82cd\u708e\u5203\u9b3c\u4fa0's rating: 1365 &rarr; <strong>1340<\/strong><br \/>(-25 for losing)\n|l|\u2606shuijun1\u82cd\u708e\u5203\u9b3c\u4fa0\n","uploadtime":1699941206,"views":5,"p1id":"mtyqjltz5","p2id":"shuijun1","formatid":"gen9nationaldex","rating":1301,"private":0,"password":""}