{"id":"gen9nationaldex-1998614562","p1":"SlimeSt3ak","p2":"butislayer69","format":"[Gen 9] National Dex","log":"|html|<div class=\"broadcast-blue\"><strong>[Gen 9] National Dex is currently suspecting Sneasler! For information on how to participate check out the <a href=\"https:\/\/www.smogon.com\/forums\/threads\/sv-national-dex-suspect-8-just-dance.3731534\/\">suspect thread<\/a>.<\/strong><\/div>\n|j|\u2606SlimeSt3ak\n|j|\u2606butislayer69\n|t:|1700963161\n|gametype|singles\n|player|p1|SlimeSt3ak|ninjaboy|\n|player|p2|butislayer69|li|\n|teamsize|p1|6\n|teamsize|p2|6\n|gen|9\n|tier|[Gen 9] National Dex\n|rule|HP Percentage Mod: HP is shown in percentages\n|rule|Endless Battle Clause: Forcing endless battles is banned\n|rule|OHKO Clause: OHKO moves are banned\n|rule|Evasion Clause: Evasion abilities, items, and moves are banned\n|rule|Evasion Abilities Clause: Evasion abilities are banned\n|rule|Evasion Items Clause: Evasion items are banned\n|rule|Evasion Moves Clause: Evasion moves are banned\n|rule|Species Clause: Limit one of each Pok\u00e9mon\n|rule|Sleep Clause Mod: Limit one foe put to sleep\n|clearpoke\n|poke|p1|Kommo-o, M|\n|poke|p1|Ampharos, F|\n|poke|p1|Heracross, M|\n|poke|p1|Azumarill, M|\n|poke|p1|Camerupt, M|\n|poke|p1|Jirachi|\n|poke|p2|Garchomp, M|\n|poke|p2|Dragonite, M|\n|poke|p2|Tyranitar, M|\n|poke|p2|Ninetales-Alola, M|\n|poke|p2|Charizard, M|\n|poke|p2|Zapdos|\n|teampreview\n|c|\u2606butislayer69|moment of truth\n|j| Gk_34\n|c|\u2606butislayer69|anyway congrats on the win\n|j| Guak Guak 30O0\n|c| Guak Guak 30O0|ok guys\n|c|\u2606SlimeSt3ak|nah itll be a good game\n|c| Guak Guak 30O0|whoever wins\n|c| Guak Guak 30O0|makes it to the finals\n|c|\u2606butislayer69|either a good game or i get swept\n|\n|t:|1700963236\n|start\n|switch|p1a: Halo Five|Kommo-o, M|100\/100\n|switch|p2a: \u0413\u0418\u0413\u0410 \u041d\u0415\u0413\u0410|Garchomp, M|100\/100\n|turn|1\n|\n|t:|1700963246\n|detailschange|p2a: \u0413\u0418\u0413\u0410 \u041d\u0415\u0413\u0410|Garchomp-Mega, M\n|-mega|p2a: \u0413\u0418\u0413\u0410 \u041d\u0415\u0413\u0410|Garchomp|Garchompite\n|move|p2a: \u0413\u0418\u0413\u0410 \u041d\u0415\u0413\u0410|Draco Meteor|p1a: Halo Five\n|-supereffective|p1a: Halo Five\n|-damage|p1a: Halo Five|0 fnt\n|-unboost|p2a: \u0413\u0418\u0413\u0410 \u041d\u0415\u0413\u0410|spa|2\n|faint|p1a: Halo Five\n|\n|upkeep\n|c|\u2606SlimeSt3ak|surprised hes faster\n|c|\u2606butislayer69|i just gamble on that shit idk about any speeds\n|\n|t:|1700963318\n|switch|p1a: Skeet|Jirachi|100\/100\n|turn|2\n|c| Gk_34|You can hover over\/ hold on the Pokemon to see their stats. Usually if there's a range (I think it's just speed( it's the higher one 99% of the time\n|c| Guak Guak 30O0|this is true\n|\n|t:|1700963333\n|-terastallize|p1a: Skeet|Steel\n|move|p2a: \u0413\u0418\u0413\u0410 \u041d\u0415\u0413\u0410|Earthquake|p1a: Skeet\n|-supereffective|p1a: Skeet\n|-damage|p1a: Skeet|1\/100\n|move|p1a: Skeet|Psychic|p2a: \u0413\u0418\u0413\u0410 \u041d\u0415\u0413\u0410\n|-damage|p2a: \u0413\u0418\u0413\u0410 \u041d\u0415\u0413\u0410|66\/100\n|\n|-heal|p1a: Skeet|7\/100|[from] item: Leftovers\n|upkeep\n|turn|3\n|c|\u2606butislayer69|shit\n|c|\u2606butislayer69|:(\n|\n|t:|1700963355\n|move|p2a: \u0413\u0418\u0413\u0410 \u041d\u0415\u0413\u0410|Earthquake|p1a: Skeet\n|-supereffective|p1a: Skeet\n|-damage|p1a: Skeet|0 fnt\n|faint|p1a: Skeet\n|\n|upkeep\n|c|\u2606SlimeSt3ak|mega garchomp my team cant fight lol\n|\n|t:|1700963369\n|switch|p1a: Mike Schmidt|Azumarill, M|100\/100\n|turn|4\n|c| Guak Guak 30O0|loaf you shouldnt be losing bro\n|c|\u2606butislayer69|after he dies i think im dead\n|c| Guak Guak 30O0|you cant win $5\n|\n|t:|1700963392\n|switch|p2a: Elektrotehnichar|Zapdos, shiny|100\/100\n|move|p1a: Mike Schmidt|Play Rough|p2a: Elektrotehnichar\n|-damage|p2a: Elektrotehnichar|24\/100\n|\n|upkeep\n|turn|5\n|c| Guak Guak 30O0|MIKE SCHMIDT??????????\n|c| Guak Guak 30O0|FROM FNAF???????!!?!!??~?!?!1?!\/1?!\/!\/1\/11\/\n|c|\u2606butislayer69|FUUUUUUCK\n|c|\u2606butislayer69|i pray to the lord\n|\n|t:|1700963422\n|-terastallize|p2a: Elektrotehnichar|Electric\n|move|p2a: Elektrotehnichar|Thunder|p1a: Mike Schmidt\n|-supereffective|p1a: Mike Schmidt\n|-damage|p1a: Mike Schmidt|0 fnt\n|faint|p1a: Mike Schmidt\n|\n|upkeep\n|\n|t:|1700963429\n|switch|p1a: Camerussy|Camerupt, M|100\/100\n|turn|6\n|c|\u2606butislayer69|THE LORDDDDDDDDDDDDDDDDD\n|c|\u2606SlimeSt3ak|I need a speedy dragon type killer on my team\n|\n|t:|1700963463\n|switch|p2a: \u0413\u0418\u0413\u0410 \u041d\u0415\u0413\u0410|Garchomp-Mega, M|66\/100\n|move|p1a: Camerussy|Earth Power|p2a: \u0413\u0418\u0413\u0410 \u041d\u0415\u0413\u0410\n|-damage|p2a: \u0413\u0418\u0413\u0410 \u041d\u0415\u0413\u0410|0 fnt\n|faint|p2a: \u0413\u0418\u0413\u0410 \u041d\u0415\u0413\u0410\n|\n|upkeep\n|c|\u2606butislayer69|SHIT\n|\n|t:|1700963478\n|switch|p2a: piss|Tyranitar, M, shiny|100\/100\n|-weather|Sandstorm|[from] ability: Sand Stream|[of] p2a: piss\n|turn|7\n|c|\u2606butislayer69|WELL GOOD GAME\n|\n|t:|1700963489\n|move|p2a: piss|Earthquake|p1a: Camerussy\n|-supereffective|p1a: Camerussy\n|-damage|p1a: Camerussy|0 fnt\n|faint|p1a: Camerussy\n|\n|-weather|Sandstorm|[upkeep]\n|upkeep\n|c|\u2606butislayer69|wait\n|c|\u2606butislayer69|im stupid\n|c|\u2606butislayer69|nvm\n|\n|t:|1700963495\n|switch|p1a: Shutup|Heracross, M|100\/100\n|turn|8\n|c|\u2606butislayer69|idk how that turned out good\n|\n|t:|1700963508\n|move|p1a: Shutup|Swords Dance|p1a: Shutup\n|-boost|p1a: Shutup|atk|2\n|move|p2a: piss|Earthquake|p1a: Shutup\n|-resisted|p1a: Shutup\n|-damage|p1a: Shutup|70\/100\n|\n|-weather|Sandstorm|[upkeep]\n|-damage|p1a: Shutup|64\/100|[from] Sandstorm\n|-heal|p1a: Shutup|70\/100|[from] item: Leftovers\n|upkeep\n|turn|9\n|c|\u2606butislayer69|im fucked\n|\n|t:|1700963522\n|move|p1a: Shutup|Close Combat|p2a: piss\n|-supereffective|p2a: piss\n|-damage|p2a: piss|0 fnt\n|-unboost|p1a: Shutup|def|1\n|-unboost|p1a: Shutup|spd|1\n|faint|p2a: piss\n|\n|-weather|Sandstorm|[upkeep]\n|-damage|p1a: Shutup|64\/100|[from] Sandstorm\n|-heal|p1a: Shutup|70\/100|[from] item: Leftovers\n|upkeep\n|\n|t:|1700963532\n|switch|p2a: Donovan|Charizard, M, shiny|100\/100\n|turn|10\n|c| Guak Guak 30O0|SHUTUP FTW???\n|c|\u2606SlimeSt3ak|no you aint lol\n|\n|t:|1700963541\n|move|p2a: Donovan|Overheat|p1a: Shutup\n|-supereffective|p1a: Shutup\n|-damage|p1a: Shutup|0 fnt\n|-unboost|p2a: Donovan|spa|2\n|faint|p1a: Shutup\n|\n|-weather|Sandstorm|[upkeep]\n|-damage|p2a: Donovan|94\/100|[from] Sandstorm\n|upkeep\n|c| Guak Guak 30O0|yep this got me\n|c|\u2606butislayer69|theres a chance bro\n|\n|t:|1700963549\n|switch|p1a: Reshiram2|Ampharos, F|100\/100\n|turn|11\n|c|\u2606butislayer69|its happened in my practice battles\n|\n|t:|1700963561\n|detailschange|p1a: Reshiram2|Ampharos-Mega, F\n|-mega|p1a: Reshiram2|Ampharos|Ampharosite\n|-ability|p1a: Reshiram2|Mold Breaker\n|move|p2a: Donovan|Overheat|p1a: Reshiram2|[miss]\n|-miss|p2a: Donovan|p1a: Reshiram2\n|move|p1a: Reshiram2|Thunderbolt|p2a: Donovan\n|-supereffective|p2a: Donovan\n|-damage|p2a: Donovan|0 fnt\n|faint|p2a: Donovan\n|\n|-weather|none\n|upkeep\n|c| Guak Guak 30O0|no theres not LMFAO\n|\n|t:|1700963572\n|switch|p2a: Dream|Dragonite, M, shiny|100\/100\n|turn|12\n|\n|t:|1700963578\n|move|p2a: Dream|Draco Meteor|p1a: Reshiram2\n|-supereffective|p1a: Reshiram2\n|-damage|p1a: Reshiram2|0 fnt\n|-unboost|p2a: Dream|spa|2\n|faint|p1a: Reshiram2\n|\n|win|butislayer69\n|c|\u2606SlimeSt3ak|lol gg\n|c|\u2606butislayer69|ITS HAPPENED OK\n|c| Guak Guak 30O0|NO SHOT\n|c| Guak Guak 30O0|ggs\n|c|\u2606butislayer69|nvm\n|c|\u2606butislayer69|gg\n|c| Guak Guak 30O0|ty austin :3\n|c|\u2606SlimeSt3ak|ofccc\n|c|\u2606butislayer69|well playesd\n|l| Gk_34\n|c|\u2606butislayer69|got beat by dream\n","uploadtime":1700963621,"views":3,"p1id":"slimest3ak","p2id":"butislayer69","formatid":"gen9nationaldex","rating":0,"private":0,"password":""}