{"id":"gen9nationaldex-1993556444","p1":"mixco","p2":"Corazonmorado27","format":"[Gen 9] National Dex","log":"|j|\u2606mixco\n|j|\u2606Corazonmorado27\n|t:|1700331393\n|gametype|singles\n|player|p1|mixco|penny|\n|player|p2|Corazonmorado27|parasollady|\n|teamsize|p1|6\n|teamsize|p2|6\n|gen|9\n|tier|[Gen 9] National Dex\n|rule|HP Percentage Mod: HP is shown in percentages\n|rule|Endless Battle Clause: Forcing endless battles is banned\n|rule|OHKO Clause: OHKO moves are banned\n|rule|Evasion Clause: Evasion abilities, items, and moves are banned\n|rule|Evasion Abilities Clause: Evasion abilities are banned\n|rule|Evasion Items Clause: Evasion items are banned\n|rule|Evasion Moves Clause: Evasion moves are banned\n|rule|Species Clause: Limit one of each Pok\u00e9mon\n|rule|Sleep Clause Mod: Limit one foe put to sleep\n|clearpoke\n|poke|p1|Infernape, M|\n|poke|p1|Staraptor, M|\n|poke|p1|Bibarel, F|\n|poke|p1|Luxray, M|\n|poke|p1|Roserade, F|\n|poke|p1|Mamoswine, M|\n|poke|p2|Delphox, M|\n|poke|p2|Blastoise, M|\n|poke|p2|Gogoat, F|\n|poke|p2|Gardevoir, F|\n|poke|p2|Zapdos|\n|poke|p2|Lucario, M|\n|teampreview\n|c|\u2606Corazonmorado27|suerte uwu\n|j| OnlyPyper\n|c|\u2606mixco|Suerte uwu\n|c| OnlyPyper|Suerte a ambas qlonas uwu\n|\n|t:|1700331490\n|start\n|switch|p1a: Inferno|Infernape, M|100\/100\n|switch|p2a: Mr. Delphox|Delphox, M|100\/100\n|turn|1\n|c|\u2606Corazonmorado27|ekisde\n|c|\u2606Corazonmorado27|voltio ahora si quisiera ser siniestro?\n|c|\u2606Corazonmorado27|XD\n|\n|t:|1700331531\n|switch|p1a: Arctic|Mamoswine, M|100\/100\n|move|p2a: Mr. Delphox|Psychic|p1a: Arctic\n|-damage|p1a: Arctic|66\/100\n|\n|upkeep\n|turn|2\n|c|\u2606mixco|XD\n|\n|t:|1700331540\n|switch|p2a: Mr. Blastoise|Blastoise, M|100\/100\n|move|p1a: Arctic|Knock Off|p2a: Mr. Blastoise\n|-damage|p2a: Mr. Blastoise|69\/100\n|-enditem|p2a: Mr. Blastoise|Assault Vest|[from] move: Knock Off|[of] p1a: Arctic\n|\n|upkeep\n|turn|3\n|\n|t:|1700331555\n|switch|p1a: Cast|Bibarel, F|100\/100\n|move|p2a: Mr. Blastoise|Flip Turn|p1a: Cast\n|-resisted|p1a: Cast\n|-damage|p1a: Cast|85\/100\n|l| OnlyPyper\n|j| JuzOzuj\n|\n|t:|1700331589\n|switch|p2a: Miss. Gogoat|Gogoat, F|100\/100|[from] Flip Turn\n|\n|-heal|p1a: Cast|91\/100|[from] item: Leftovers\n|upkeep\n|turn|4\n|j| OnlyPyper\n|c| JuzOzuj|Cast\n|c| JuzOzuj|la casteadora de putizas\n|\n|t:|1700331604\n|switch|p1a: Inferno|Infernape, M|100\/100\n|move|p2a: Miss. Gogoat|Bulk Up|p2a: Miss. Gogoat\n|-boost|p2a: Miss. Gogoat|atk|1\n|-boost|p2a: Miss. Gogoat|def|1\n|\n|upkeep\n|turn|5\n|c|\u2606Corazonmorado27|XD\n|c| JuzOzuj|y aki es cuando haces tera agua\n|\n|t:|1700331620\n|-terastallize|p2a: Miss. Gogoat|Water\n|move|p1a: Inferno|U-turn|p2a: Miss. Gogoat\n|-damage|p2a: Miss. Gogoat|92\/100\n|c| JuzOzuj|y te tira thunder punch\n|c|\u2606Corazonmorado27|XD\n|c| JuzOzuj|a pus no\n|\n|t:|1700331630\n|switch|p1a: Voltio|Luxray, M|100\/100|[from] U-turn\n|move|p2a: Miss. Gogoat|Bulk Up|p2a: Miss. Gogoat\n|-boost|p2a: Miss. Gogoat|atk|1\n|-boost|p2a: Miss. Gogoat|def|1\n|\n|-heal|p2a: Miss. Gogoat|98\/100|[from] item: Leftovers\n|-status|p1a: Voltio|brn|[from] item: Flame Orb\n|upkeep\n|turn|6\n|c| JuzOzuj|XDDDD\n|c|\u2606Corazonmorado27|se viene volt switch\n|c|\u2606Corazonmorado27|XD\n|\n|t:|1700331645\n|move|p1a: Voltio|Wild Charge|p2a: Miss. Gogoat\n|-supereffective|p2a: Miss. Gogoat\n|-damage|p2a: Miss. Gogoat|41\/100\n|-damage|p1a: Voltio|79\/100 brn|[from] Recoil\n|move|p2a: Miss. Gogoat|Horn Leech|p1a: Voltio\n|-damage|p1a: Voltio|4\/100 brn\n|-heal|p2a: Miss. Gogoat|66\/100|[from] drain|[of] p1a: Voltio\n|\n|-heal|p2a: Miss. Gogoat|73\/100|[from] item: Leftovers\n|-damage|p1a: Voltio|0 fnt|[from] brn\n|faint|p1a: Voltio\n|upkeep\n|c|\u2606Corazonmorado27|ekisde\n|c| JuzOzuj|diablo\n|c|\u2606Corazonmorado27|rico damage\n|c| OnlyPyper|Y muri\u00f3\n|\n|t:|1700331671\n|switch|p1a: Silvina|Roserade, F|100\/100\n|turn|7\n|c| JuzOzuj|as: Recuerden me no hacer enojar a la cabra :when5turns:\n|c|\u2606Corazonmorado27|muri\u00f3 el chispop\n|c|\u2606Corazonmorado27|XDXDXD\n|c| JuzOzuj|XDDDD\n|c| OnlyPyper|Mixco\n|\n|t:|1700331689\n|move|p1a: Silvina|Sludge Bomb|p2a: Miss. Gogoat\n|-damage|p2a: Miss. Gogoat|38\/100\n|-status|p2a: Miss. Gogoat|psn\n|move|p2a: Miss. Gogoat|Horn Leech|p1a: Silvina\n|-resisted|p1a: Silvina\n|-damage|p1a: Silvina|76\/100\n|-heal|p2a: Miss. Gogoat|45\/100 psn|[from] drain|[of] p1a: Silvina\n|\n|-heal|p2a: Miss. Gogoat|51\/100 psn|[from] item: Leftovers\n|-damage|p2a: Miss. Gogoat|39\/100 psn|[from] psn\n|upkeep\n|turn|8\n|c| OnlyPyper|Menos mal xdddd\n|c|\u2606Corazonmorado27|perre\n|c|\u2606mixco|No soy pendeja xd\n|c| JuzOzuj|Te imaginas\n|c|\u2606mixco|No tanto ekisde\n|c|\u2606Corazonmorado27|XDXD\n|c| OnlyPyper|Si lo eres mija\n|c| JuzOzuj|le ubiera tirado leaf storm\n|c|\u2606Corazonmorado27|pipipi\n|c| OnlyPyper|Mucho y lo sabes\n|\n|t:|1700331715\n|switch|p1a: Star|Staraptor, M|100\/100\n|-ability|p1a: Star|Intimidate|boost\n|-unboost|p2a: Miss. Gogoat|atk|1\n|move|p2a: Miss. Gogoat|Milk Drink|p2a: Miss. Gogoat\n|-heal|p2a: Miss. Gogoat|89\/100 psn\n|\n|-heal|p2a: Miss. Gogoat|95\/100 psn|[from] item: Leftovers\n|-damage|p2a: Miss. Gogoat|82\/100 psn|[from] psn\n|upkeep\n|turn|9\n|c| JuzOzuj|yo me cagaba de la risa\n|c| JuzOzuj|XD\n|c|\u2606Corazonmorado27|x2\n|\n|t:|1700331731\n|move|p1a: Star|U-turn|p2a: Miss. Gogoat\n|-damage|p2a: Miss. Gogoat|75\/100 psn\n|\n|t:|1700331734\n|switch|p1a: Silvina|Roserade, F|76\/100|[from] U-turn\n|move|p2a: Miss. Gogoat|Leech Seed|p1a: Silvina\n|-immune|p1a: Silvina\n|\n|-heal|p2a: Miss. Gogoat|81\/100 psn|[from] item: Leftovers\n|-damage|p2a: Miss. Gogoat|69\/100 psn|[from] psn\n|upkeep\n|turn|10\n|c|\u2606Corazonmorado27|perre\n|\n|t:|1700331745\n|switch|p2a: Mr. Lucario|Lucario, M|100\/100\n|move|p1a: Silvina|Shadow Ball|p2a: Mr. Lucario\n|-damage|p2a: Mr. Lucario|52\/100\n|\n|upkeep\n|turn|11\n|c| JuzOzuj|Awevo\n|c| JuzOzuj|pelea de ship\n|c|\u2606Corazonmorado27|verde\n|c|\u2606Corazonmorado27|pega fuerte XD\n|c| JuzOzuj|Cora por que dices verde?\n|c| JuzOzuj|XDDD\n|c| OnlyPyper|Cora qu\u00edtale el Leech seed no seas pndeja xDDD\n|c|\u2606Corazonmorado27|jajajjajaj\n|c|\u2606Corazonmorado27|pa no decir verg*\n|\n|t:|1700331784\n|switch|p1a: Star|Staraptor, M|100\/100\n|-ability|p1a: Star|Intimidate|boost\n|-fail|p2a: Mr. Lucario|unboost|Attack|[from] ability: Inner Focus|[of] p2a: Mr. Lucario\n|move|p2a: Mr. Lucario|Flash Cannon|p1a: Star\n|-damage|p1a: Star|50\/100\n|\n|upkeep\n|turn|12\n|c| JuzOzuj|xd\n|c| JuzOzuj|aver\n|c| JuzOzuj|verga\n|c| JuzOzuj|a\n|c| JuzOzuj|si me dija ponerlo\n|c| JuzOzuj|XD\n|c|\u2606Corazonmorado27|igual, solo porque si\n|c|\u2606Corazonmorado27|XD\n|c| OnlyPyper|Tienes Milk Drink y Leftovers para que quieres Leech Seed ekisde\n|c|\u2606Corazonmorado27|na m\u00e1s\n|c|\u2606Corazonmorado27|XD\n|c| JuzOzuj|oe zy\n|c| JuzOzuj|pinche loca\n|c| OnlyPyper|*inserte el vieja pendeja *\n|c|\u2606Corazonmorado27|XDXD\n|c| JuzOzuj|hasta body press te sirve mas\n|c|\u2606Corazonmorado27|ekisde\n|c| JuzOzuj|(si aprende body press no?XDD)\n|c| OnlyPyper|No mensa\n|c| JuzOzuj|a co\u00f1o\n|\n|t:|1700331849\n|switch|p2a: Mr. Blastoise|Blastoise, M|69\/100\n|switch|p1a: Inferno|Infernape, M|100\/100\n|\n|upkeep\n|turn|13\n|c| JuzOzuj|me confundi de cabra\n|c| JuzOzuj|XD\n|c| OnlyPyper|Ponle terremoto y ya\n|c|\u2606Corazonmorado27|XDXD\n|\n|t:|1700331861\n|move|p1a: Inferno|U-turn|p2a: Mr. Blastoise\n|-damage|p2a: Mr. Blastoise|57\/100\n|\n|t:|1700331866\n|switch|p1a: Cast|Bibarel, F|91\/100|[from] U-turn\n|move|p2a: Mr. Blastoise|Flip Turn|p1a: Cast\n|-resisted|p1a: Cast\n|-damage|p1a: Cast|74\/100\n|\n|t:|1700331872\n|switch|p2a: Miss. Gogoat|Gogoat, F, tera:Water|69\/100 psn|[from] Flip Turn\n|\n|-heal|p1a: Cast|80\/100|[from] item: Leftovers\n|-heal|p2a: Miss. Gogoat|75\/100 psn|[from] item: Leftovers\n|-damage|p2a: Miss. Gogoat|62\/100 psn|[from] psn\n|upkeep\n|turn|14\n|c| JuzOzuj|flip turn\n|c| JuzOzuj|el turno que flipa\n|\n|t:|1700331884\n|move|p1a: Cast|Swords Dance|p1a: Cast\n|-boost|p1a: Cast|atk|4\n|move|p2a: Miss. Gogoat|Horn Leech|p1a: Cast\n|-supereffective|p1a: Cast\n|-damage|p1a: Cast|2\/100\n|-heal|p2a: Miss. Gogoat|94\/100 psn|[from] drain|[of] p1a: Cast\n|\n|-heal|p1a: Cast|9\/100|[from] item: Leftovers\n|-heal|p2a: Miss. Gogoat|99\/100 psn|[from] item: Leftovers\n|-damage|p2a: Miss. Gogoat|88\/100 psn|[from] psn\n|upkeep\n|turn|15\n|c| JuzOzuj|Diablo\n|\n|t:|1700331899\n|move|p1a: Cast|Return|p2a: Miss. Gogoat\n|-damage|p2a: Miss. Gogoat|0 fnt\n|faint|p2a: Miss. Gogoat\n|\n|-heal|p1a: Cast|15\/100|[from] item: Leftovers\n|upkeep\n|c| OnlyPyper|Papeada\n|c| JuzOzuj|ya valio banda\n|c| OnlyPyper|Por cornuda\n|\n|t:|1700331919\n|switch|p2a: M. Zapdos|Zapdos|100\/100\n|turn|16\n|c|\u2606Corazonmorado27|XD\n|c|\u2606mixco|Bien ekisde\n|c| JuzOzuj|si crees que aguante?\n|\n|t:|1700331934\n|move|p1a: Cast|Aqua Jet|p2a: M. Zapdos\n|-damage|p2a: M. Zapdos|53\/100\n|-damage|p1a: Cast|0 fnt|[from] item: Rocky Helmet|[of] p2a: M. Zapdos\n|faint|p1a: Cast\n|move|p2a: M. Zapdos|Roost|p2a: M. Zapdos\n|-heal|p2a: M. Zapdos|100\/100\n|-singleturn|p2a: M. Zapdos|move: Roost\n|\n|upkeep\n|c|\u2606Corazonmorado27|ahuevo, salio\n|c| JuzOzuj|a\n|\n|t:|1700331942\n|switch|p1a: Arctic|Mamoswine, M|66\/100\n|turn|17\n|c| OnlyPyper|Jsjsjsjs uwu\n|\n|t:|1700331953\n|switch|p2a: Mr. Blastoise|Blastoise, M|57\/100\n|move|p1a: Arctic|Icicle Crash|p2a: Mr. Blastoise\n|-resisted|p2a: Mr. Blastoise\n|-damage|p2a: Mr. Blastoise|39\/100\n|\n|upkeep\n|turn|18\n|c|\u2606Corazonmorado27|se mato con el casco jaja\n|\n|t:|1700331971\n|switch|p1a: Star|Staraptor, M|50\/100\n|-ability|p1a: Star|Intimidate|boost\n|-unboost|p2a: Mr. Blastoise|atk|1\n|move|p2a: Mr. Blastoise|Liquidation|p1a: Star\n|-damage|p1a: Star|32\/100\n|-damage|p2a: Mr. Blastoise|22\/100|[from] item: Rocky Helmet|[of] p1a: Star\n|\n|upkeep\n|turn|19\n|c|\u2606Corazonmorado27|chale banda, me la aplicaron XD\n|\n|t:|1700331986\n|switch|p2a: M. Zapdos|Zapdos|100\/100\n|move|p1a: Star|U-turn|p2a: M. Zapdos\n|-resisted|p2a: M. Zapdos\n|-damage|p2a: M. Zapdos|91\/100\n|-damage|p1a: Star|15\/100|[from] item: Rocky Helmet|[of] p2a: M. Zapdos\n|c| JuzOzuj|uhhh que buen cambio\n|c| JuzOzuj|but\n|\n|t:|1700331998\n|switch|p1a: Arctic|Mamoswine, M|66\/100|[from] U-turn\n|\n|upkeep\n|turn|20\n|c|\u2606Corazonmorado27|jajajja\n|\n|t:|1700332010\n|move|p2a: M. Zapdos|Heat Wave|p1a: Arctic\n|-supereffective|p1a: Arctic\n|-damage|p1a: Arctic|44\/100\n|move|p1a: Arctic|Icicle Crash|p2a: M. Zapdos\n|-supereffective|p2a: M. Zapdos\n|-damage|p2a: M. Zapdos|0 fnt\n|faint|p2a: M. Zapdos\n|\n|upkeep\n|c| JuzOzuj|el artico\n|c| JuzOzuj|Cora? XDD\n|c|\u2606Corazonmorado27|chales, no sali\u00f3\n|c|\u2606Corazonmorado27|esperaba que predijera al blastoise XD\n|c| OnlyPyper|Papeada termonuclear\n|c| OnlyPyper|No necesitaba hacerlo sabes ekisde\n|c| JuzOzuj|Ponte las pilas pendeja\n|c|\u2606mixco|Usted a sido derrotado \ud83e\uddd0\n|c| JuzOzuj|que ahora si puedes perder\n|c| JuzOzuj|XDD\n|c|\u2606Corazonmorado27|XD\n|\n|t:|1700332071\n|switch|p2a: Mr. Lucario|Lucario, M|52\/100\n|turn|21\n|\n|t:|1700332085\n|-terastallize|p1a: Arctic|Water\n|move|p2a: Mr. Lucario|Flash Cannon|p1a: Arctic\n|-resisted|p1a: Arctic\n|-crit|p1a: Arctic\n|-damage|p1a: Arctic|24\/100\n|move|p1a: Arctic|Earthquake|p2a: Mr. Lucario\n|-supereffective|p2a: Mr. Lucario\n|-damage|p2a: Mr. Lucario|0 fnt\n|faint|p2a: Mr. Lucario\n|\n|upkeep\n|\n|t:|1700332094\n|switch|p2a: Mr. Delphox|Delphox, M|100\/100\n|turn|22\n|c|\u2606Corazonmorado27|listo, desgaste necesario\n|c| JuzOzuj|ese lucario\n|c| JuzOzuj|es especial?\n|c| JuzOzuj|o mixto\n|c|\u2606Corazonmorado27|mixto\n|\n|t:|1700332114\n|move|p2a: Mr. Delphox|Psychic|p1a: Arctic\n|-damage|p1a: Arctic|0 fnt\n|faint|p1a: Arctic\n|\n|upkeep\n|c| OnlyPyper|Y especialito tmb\n|c| JuzOzuj|:when5turns:\n|c|\u2606mixco|Que weba el crit xd\n|c|\u2606Corazonmorado27|y ahora inferno trae sash\n|c|\u2606Corazonmorado27|deeee\n|c|\u2606Corazonmorado27|solo necesitaba hacer 10% da\u00f1o\n|c| JuzOzuj|a cora aun le queda a la polola del gato puto\n|\n|t:|1700332151\n|switch|p1a: Silvina|Roserade, F|76\/100\n|turn|23\n|\n|t:|1700332159\n|move|p2a: Mr. Delphox|Psychic|p1a: Silvina\n|-supereffective|p1a: Silvina\n|-damage|p1a: Silvina|0 fnt\n|faint|p1a: Silvina\n|\n|upkeep\n|c| JuzOzuj|xD\n|c| JuzOzuj|kha?\n|\n|t:|1700332168\n|switch|p1a: Inferno|Infernape, M|100\/100\n|turn|24\n|c|\u2606Corazonmorado27|es m\u00e1s veloz por 1 punto\n|c| OnlyPyper|Scarf y scarf\n|c|\u2606mixco|gg\n|c|\u2606Corazonmorado27|lo s\u00e9 bien\n|c|\u2606Corazonmorado27|gg\n|c| JuzOzuj|OOOOOOOOOOOOOOOOOOOH\n|c| JuzOzuj|LOOOOOOOOOOOOOL\n|c| JuzOzuj|XDDDDDDDDDDDDDDDDDDDDDDDD\n|c|\u2606Corazonmorado27|por eso quer\u00eda matar a artic\n|c|\u2606Corazonmorado27|sin \u00e9l, delphox barr\u00eda\n|\n|t:|1700332197\n|move|p2a: Mr. Delphox|Psychic|p1a: Inferno\n|-supereffective|p1a: Inferno\n|-damage|p1a: Inferno|0 fnt\n|faint|p1a: Inferno\n|\n|upkeep\n|c| OnlyPyper|Gg\n|\n|t:|1700332202\n|switch|p1a: Star|Staraptor, M|15\/100\n|-ability|p1a: Star|Intimidate|boost\n|-unboost|p2a: Mr. Delphox|atk|1\n|turn|25\n|c| JuzOzuj|Gg\n|c|\u2606Corazonmorado27|Gg\n|c| JuzOzuj|gul\n|c| JuzOzuj|daim\n|c|\u2606Corazonmorado27|igual si me jugaste muy bien\n|c| JuzOzuj|y gaim tmb\n|\n|t:|1700332217\n|move|p2a: Mr. Delphox|Psychic|p1a: Star\n|-damage|p1a: Star|0 fnt\n|faint|p1a: Star\n|\n|win|Corazonmorado27\n|c|\u2606Corazonmorado27|debiste pedirme al raichu\n|c|\u2606Corazonmorado27|aunque el zapatos tampoco hizo tanto destrozo\n|c|\u2606mixco|No esperaba que fuera el mixto el lucario\n|c|\u2606Corazonmorado27|se me olvid\u00f3 cambiarle el set\n|c|\u2606Corazonmorado27|XD\n|c| JuzOzuj|xD\n|c| JuzOzuj|el frances mixto\n|c| JuzOzuj|medio africano medi francces\n|c|\u2606Corazonmorado27|tengo 3 variantes de team\n|c|\u2606Corazonmorado27|XD\n|l| OnlyPyper\n","uploadtime":1700332223,"views":7,"p1id":"mixco","p2id":"corazonmorado27","formatid":"gen9nationaldex","rating":0,"private":0,"password":""}