{"id":"gen9nationaldex-1997942622","p1":"Onlymanever","p2":"timmyturnerisgod11","format":"[Gen 9] National Dex","log":"|html|<div class=\"broadcast-blue\"><strong>[Gen 9] National Dex is currently suspecting Sneasler! For information on how to participate check out the <a href=\"https:\/\/www.smogon.com\/forums\/threads\/sv-national-dex-suspect-8-just-dance.3731534\/\">suspect thread<\/a>.<\/strong><\/div>\n|j|\u203dOnlymanever\n|j|\u2606timmyturnerisgod11\n|t:|1700870230\n|gametype|singles\n|player|p1|Onlymanever|lyra|1056\n|player|p2|timmyturnerisgod11|169|1000\n|teamsize|p1|6\n|teamsize|p2|6\n|gen|9\n|tier|[Gen 9] National Dex\n|rated|\n|rule|HP Percentage Mod: HP is shown in percentages\n|rule|Endless Battle Clause: Forcing endless battles is banned\n|rule|OHKO Clause: OHKO moves are banned\n|rule|Evasion Clause: Evasion abilities, items, and moves are banned\n|rule|Evasion Abilities Clause: Evasion abilities are banned\n|rule|Evasion Items Clause: Evasion items are banned\n|rule|Evasion Moves Clause: Evasion moves are banned\n|rule|Species Clause: Limit one of each Pok\u00e9mon\n|rule|Sleep Clause Mod: Limit one foe put to sleep\n|clearpoke\n|poke|p1|Venusaur, M|\n|poke|p1|Mightyena, M|\n|poke|p1|Alakazam, M|\n|poke|p1|Tauros, M|\n|poke|p1|Aegislash, M|\n|poke|p1|Centiskorch, M|\n|poke|p2|Torkoal, M|\n|poke|p2|Venusaur, M|\n|poke|p2|Kartana|\n|poke|p2|Meowscarada, F|\n|poke|p2|Lilligant, F|\n|poke|p2|Cradily, F|\n|teampreview\n|\n|t:|1700870244\n|start\n|switch|p1a: Venusaur|Venusaur, M|100\/100\n|switch|p2a: Torkoal|Torkoal, M|100\/100\n|-weather|SunnyDay|[from] ability: Drought|[of] p2a: Torkoal\n|turn|1\n|\n|t:|1700870268\n|switch|p1a: Centiskorch|Centiskorch, M|100\/100\n|-terastallize|p2a: Torkoal|Fire\n|move|p2a: Torkoal|Lava Plume|p1a: Centiskorch\n|-start|p1a: Centiskorch|ability: Flash Fire\n|\n|-weather|SunnyDay|[upkeep]\n|upkeep\n|turn|2\n|\n|t:|1700870279\n|move|p1a: Centiskorch|Coil|p1a: Centiskorch\n|-boost|p1a: Centiskorch|atk|1\n|-boost|p1a: Centiskorch|def|1\n|-boost|p1a: Centiskorch|accuracy|1\n|move|p2a: Torkoal|Body Press|p1a: Centiskorch\n|-resisted|p1a: Centiskorch\n|-damage|p1a: Centiskorch|89\/100\n|\n|-weather|SunnyDay|[upkeep]\n|-heal|p1a: Centiskorch|96\/100|[from] item: Leftovers\n|upkeep\n|turn|3\n|-message|timmyturnerisgod11 forfeited.\n|\n|win|Onlymanever\n|raw|Onlymanever's rating: 1056 &rarr; <strong>1083<\/strong><br \/>(+27 for winning)\n|raw|timmyturnerisgod11's rating: 1000 &rarr; <strong>1000<\/strong><br \/>(+0 for losing)\n|l|\u2606timmyturnerisgod11\n","uploadtime":1700870298,"views":1,"p1id":"onlymanever","p2id":"timmyturnerisgod11","formatid":"gen9nationaldex","rating":1000,"private":0,"password":""}