{"id":"gen9nationaldex-1998114087","p1":"xiada","p2":"baigu2","format":"[Gen 9] National Dex","log":"|html|<div class=\"broadcast-blue\"><strong>[Gen 9] National Dex is currently suspecting Sneasler! For information on how to participate check out the <a href=\"https:\/\/www.smogon.com\/forums\/threads\/sv-national-dex-suspect-8-just-dance.3731534\/\">suspect thread<\/a>.<\/strong><\/div>\n|j|\u2606xiada\n|j|\u2606baigu2\n|t:|1700893785\n|gametype|singles\n|player|p1|xiada|265|1670\n|player|p2|baigu2|265|1703\n|teamsize|p1|6\n|teamsize|p2|6\n|gen|9\n|tier|[Gen 9] National Dex\n|rated|\n|rule|HP Percentage Mod: HP is shown in percentages\n|rule|Endless Battle Clause: Forcing endless battles is banned\n|rule|OHKO Clause: OHKO moves are banned\n|rule|Evasion Clause: Evasion abilities, items, and moves are banned\n|rule|Evasion Abilities Clause: Evasion abilities are banned\n|rule|Evasion Items Clause: Evasion items are banned\n|rule|Evasion Moves Clause: Evasion moves are banned\n|rule|Species Clause: Limit one of each Pok\u00e9mon\n|rule|Sleep Clause Mod: Limit one foe put to sleep\n|clearpoke\n|poke|p1|Dragonite, M|\n|poke|p1|Ursaluna, F|\n|poke|p1|Tapu Koko|\n|poke|p1|Garchomp, M|\n|poke|p1|Hoopa-Unbound|\n|poke|p1|Moltres|\n|poke|p2|Ursaluna, M|\n|poke|p2|Slowking, F|\n|poke|p2|Corviknight, M|\n|poke|p2|Hoopa-Unbound|\n|poke|p2|Dragonite, F|\n|poke|p2|Tapu Koko|\n|teampreview\n|inactive|Battle timer is ON: inactive players will automatically lose when time's up. (requested by xiada)\n|\n|t:|1700893809\n|start\n|switch|p1a: Garchomp|Garchomp, M|100\/100\n|switch|p2a: Tapu Koko|Tapu Koko|100\/100\n|-fieldstart|move: Electric Terrain|[from] ability: Electric Surge|[of] p2a: Tapu Koko\n|turn|1\n|\n|t:|1700893812\n|switch|p2a: Corviknight|Corviknight, M|100\/100\n|-ability|p2a: Corviknight|Pressure\n|move|p1a: Garchomp|Earthquake|p2a: Corviknight\n|-immune|p2a: Corviknight\n|\n|upkeep\n|turn|2\n|\n|t:|1700893819\n|switch|p1a: Tapu Koko|Tapu Koko|100\/100\n|move|p2a: Corviknight|U-turn|p1a: Tapu Koko\n|-resisted|p1a: Tapu Koko\n|-damage|p1a: Tapu Koko|90\/100\n|\n|t:|1700893824\n|switch|p2a: Ursaluna|Ursaluna, M|100\/100|[from] U-turn\n|\n|-status|p2a: Ursaluna|brn|[from] item: Flame Orb\n|upkeep\n|turn|3\n|\n|t:|1700893834\n|move|p1a: Tapu Koko|U-turn|p2a: Ursaluna\n|-damage|p2a: Ursaluna|88\/100 brn\n|\n|t:|1700893837\n|switch|p1a: Moltres|Moltres|100\/100|[from] U-turn\n|move|p2a: Ursaluna|Facade|p1a: Moltres\n|-crit|p1a: Moltres\n|-damage|p1a: Moltres|0 fnt\n|faint|p1a: Moltres\n|\n|-damage|p2a: Ursaluna|82\/100 brn|[from] brn\n|upkeep\n|\n|t:|1700893851\n|switch|p1a: Hoopa|Hoopa-Unbound|100\/100\n|turn|4\n|\n|t:|1700893854\n|switch|p2a: Tapu Koko|Tapu Koko|100\/100\n|move|p1a: Hoopa|Dark Pulse|p2a: Tapu Koko\n|-resisted|p2a: Tapu Koko\n|-damage|p2a: Tapu Koko|54\/100\n|\n|upkeep\n|turn|5\n|\n|t:|1700893858\n|move|p2a: Tapu Koko|U-turn|p1a: Hoopa\n|-supereffective|p1a: Hoopa\n|-damage|p1a: Hoopa|0 fnt\n|faint|p1a: Hoopa\n|-message|xiada forfeited.\n|\n|win|baigu2\n|raw|xiada's rating: 1670 &rarr; <strong>1652<\/strong><br \/>(-18 for losing)\n|raw|baigu2's rating: 1703 &rarr; <strong>1721<\/strong><br \/>(+18 for winning)\n|l|\u2606xiada\n","uploadtime":1700893868,"views":3,"p1id":"xiada","p2id":"baigu2","formatid":"gen9nationaldex","rating":1652,"private":0,"password":""}