{"id":"gen9nationaldex-1987438629","p1":"BOTBarrel","p2":"Sirrawrzy","format":"[Gen 9] National Dex","log":"|j|\u2606BOTBarrel\n|j|\u2606Sirrawrzy\n|t:|1699591618\n|gametype|singles\n|player|p1|BOTBarrel|2|1409\n|player|p2|Sirrawrzy|emmet|1474\n|teamsize|p1|6\n|teamsize|p2|6\n|gen|9\n|tier|[Gen 9] National Dex\n|rated|\n|rule|HP Percentage Mod: HP is shown in percentages\n|rule|Endless Battle Clause: Forcing endless battles is banned\n|rule|OHKO Clause: OHKO moves are banned\n|rule|Evasion Clause: Evasion abilities, items, and moves are banned\n|rule|Evasion Abilities Clause: Evasion abilities are banned\n|rule|Evasion Items Clause: Evasion items are banned\n|rule|Evasion Moves Clause: Evasion moves are banned\n|rule|Species Clause: Limit one of each Pok\u00e9mon\n|rule|Sleep Clause Mod: Limit one foe put to sleep\n|clearpoke\n|poke|p1|Heatran, M|\n|poke|p1|Great Tusk|\n|poke|p1|Toxapex, M|\n|poke|p1|Ferrothorn, F|\n|poke|p1|Charizard, F|\n|poke|p1|Iron Valiant|\n|poke|p2|Ninetales, M|\n|poke|p2|Venusaur, M|\n|poke|p2|Jolteon, F|\n|poke|p2|Blastoise, F|\n|poke|p2|Rhydon, F|\n|poke|p2|Dragonite, M|\n|teampreview\n|inactive|Battle timer is ON: inactive players will automatically lose when time's up. (requested by BOTBarrel)\n|\n|t:|1699591634\n|start\n|switch|p1a: Charizard|Charizard, F|100\/100\n|switch|p2a: Rhydon|Rhydon, F, shiny|100\/100\n|turn|1\n|\n|t:|1699591646\n|switch|p2a: Venusaur|Venusaur, M, shiny|100\/100\n|detailschange|p1a: Charizard|Charizard-Mega-Y, F\n|-mega|p1a: Charizard|Charizard|Charizardite Y\n|-weather|SunnyDay|[from] ability: Drought|[of] p1a: Charizard\n|move|p1a: Charizard|Solar Beam||[still]\n|-prepare|p1a: Charizard|Solar Beam\n|-anim|p1a: Charizard|Solar Beam|p2a: Venusaur\n|-resisted|p2a: Venusaur\n|-damage|p2a: Venusaur|87\/100\n|\n|-weather|SunnyDay|[upkeep]\n|upkeep\n|turn|2\n|\n|t:|1699591651\n|-terastallize|p2a: Venusaur|Fire\n|move|p2a: Venusaur|Sludge Bomb|p1a: Charizard\n|-damage|p1a: Charizard|45\/100\n|-status|p1a: Charizard|psn\n|-damage|p2a: Venusaur|77\/100|[from] item: Life Orb\n|move|p1a: Charizard|Weather Ball|p2a: Venusaur\n|-resisted|p2a: Venusaur\n|-damage|p2a: Venusaur|23\/100\n|\n|-weather|SunnyDay|[upkeep]\n|-damage|p1a: Charizard|32\/100 psn|[from] psn\n|upkeep\n|turn|3\n|\n|t:|1699591658\n|switch|p1a: Heatran|Heatran, M|100\/100\n|move|p2a: Venusaur|Earth Power|p1a: Heatran\n|-supereffective|p1a: Heatran\n|-damage|p1a: Heatran|0 fnt\n|faint|p1a: Heatran\n|-damage|p2a: Venusaur|13\/100|[from] item: Life Orb\n|\n|-weather|SunnyDay|[upkeep]\n|upkeep\n|\n|t:|1699591667\n|switch|p1a: Toxapex|Toxapex, M|100\/100\n|turn|4\n|\n|t:|1699591674\n|switch|p2a: Jolteon|Jolteon, F, shiny|100\/100\n|-terastallize|p1a: Toxapex|Flying\n|move|p1a: Toxapex|Scald|p2a: Jolteon\n|-damage|p2a: Jolteon|91\/100\n|\n|-weather|SunnyDay|[upkeep]\n|-status|p2a: Jolteon|brn|[from] item: Flame Orb\n|upkeep\n|turn|5\n|-message|BOTBarrel forfeited.\n|\n|win|Sirrawrzy\n|raw|BOTBarrel's rating: 1409 &rarr; <strong>1393<\/strong><br \/>(-16 for losing)\n|raw|Sirrawrzy's rating: 1474 &rarr; <strong>1490<\/strong><br \/>(+16 for winning)\n|l|\u2606BOTBarrel\n","uploadtime":1699591682,"views":4,"p1id":"botbarrel","p2id":"sirrawrzy","formatid":"gen9nationaldex","rating":1393,"private":0,"password":""}