{"id":"gen9nationaldex-1995527175","p1":"Whooooshest","p2":"st.john52","format":"[Gen 9] National Dex","log":"|html|<div class=\"broadcast-blue\"><strong>[Gen 9] National Dex is currently suspecting Sneasler! For information on how to participate check out the <a href=\"https:\/\/www.smogon.com\/forums\/threads\/sv-national-dex-suspect-8-just-dance.3731534\/\">suspect thread<\/a>.<\/strong><\/div>\n|j|\u2606Whooooshest\n|j|\u2606st.john52\n|t:|1700579982\n|gametype|singles\n|player|p1|Whooooshest|pokemonranger|1077\n|player|p2|st.john52|clay|1103\n|teamsize|p1|6\n|teamsize|p2|6\n|gen|9\n|tier|[Gen 9] National Dex\n|rated|\n|rule|HP Percentage Mod: HP is shown in percentages\n|rule|Endless Battle Clause: Forcing endless battles is banned\n|rule|OHKO Clause: OHKO moves are banned\n|rule|Evasion Clause: Evasion abilities, items, and moves are banned\n|rule|Evasion Abilities Clause: Evasion abilities are banned\n|rule|Evasion Items Clause: Evasion items are banned\n|rule|Evasion Moves Clause: Evasion moves are banned\n|rule|Species Clause: Limit one of each Pok\u00e9mon\n|rule|Sleep Clause Mod: Limit one foe put to sleep\n|clearpoke\n|poke|p1|Kommo-o, F|\n|poke|p1|Eiscue, M|\n|poke|p1|Linoone, F|\n|poke|p1|Poliwrath, M|\n|poke|p1|Charizard, M|\n|poke|p1|Chesnaught, M|\n|poke|p2|Raichu-Alola, M|\n|poke|p2|Kommo-o, M|\n|poke|p2|Golisopod, M|\n|poke|p2|Turtonator, M|\n|poke|p2|Sandslash-Alola, M|\n|poke|p2|Mimikyu, M|\n|teampreview\n|inactive|Battle timer is ON: inactive players will automatically lose when time's up. (requested by Whooooshest)\n|\n|t:|1700579992\n|start\n|switch|p1a: Eiscue|Eiscue, M|100\/100\n|switch|p2a: Turtonator|Turtonator, M, shiny|100\/100\n|turn|1\n|\n|t:|1700580000\n|move|p1a: Eiscue|Belly Drum|p1a: Eiscue\n|-damage|p1a: Eiscue|50\/100\n|-setboost|p1a: Eiscue|atk|6|[from] move: Belly Drum\n|move|p2a: Turtonator|Iron Defense|p2a: Turtonator\n|-boost|p2a: Turtonator|def|2\n|\n|upkeep\n|turn|2\n|\n|t:|1700580007\n|move|p1a: Eiscue|Liquidation|p2a: Turtonator\n|-damage|p2a: Turtonator|77\/100\n|move|p2a: Turtonator|Iron Defense|p2a: Turtonator\n|-boost|p2a: Turtonator|def|2\n|\n|-heal|p2a: Turtonator|83\/100|[from] item: Leftovers\n|upkeep\n|turn|3\n|\n|t:|1700580015\n|move|p1a: Eiscue|Icicle Spear|p2a: Turtonator\n|-damage|p2a: Turtonator|76\/100\n|-damage|p2a: Turtonator|69\/100\n|-damage|p2a: Turtonator|62\/100\n|-damage|p2a: Turtonator|55\/100\n|-hitcount|p2a: Turtonator|4\n|move|p2a: Turtonator|Iron Defense|p2a: Turtonator\n|-boost|p2a: Turtonator|def|2\n|\n|-heal|p2a: Turtonator|61\/100|[from] item: Leftovers\n|upkeep\n|turn|4\n|\n|t:|1700580022\n|move|p1a: Eiscue|Icicle Spear|p2a: Turtonator\n|-damage|p2a: Turtonator|56\/100\n|-damage|p2a: Turtonator|51\/100\n|-damage|p2a: Turtonator|46\/100\n|-damage|p2a: Turtonator|40\/100\n|-hitcount|p2a: Turtonator|4\n|move|p2a: Turtonator|Flamethrower|p1a: Eiscue\n|-supereffective|p1a: Eiscue\n|-damage|p1a: Eiscue|0 fnt\n|faint|p1a: Eiscue\n|\n|-heal|p2a: Turtonator|46\/100|[from] item: Leftovers\n|upkeep\n|-message|Whooooshest forfeited.\n|\n|win|st.john52\n|raw|Whooooshest's rating: 1077 &rarr; <strong>1057<\/strong><br \/>(-20 for losing)\n|raw|st.john52's rating: 1103 &rarr; <strong>1126<\/strong><br \/>(+23 for winning)\n|l|\u2606Whooooshest\n","uploadtime":1700580042,"views":0,"p1id":"whooooshest","p2id":"stjohn52","formatid":"gen9nationaldex","rating":1057,"private":0,"password":""}