{"id":"gen9nationaldex-1995330733","p1":"yanami-sleep","p2":"gghhhhhh","format":"[Gen 9] National Dex","log":"|html|<div class=\"broadcast-blue\"><strong>[Gen 9] National Dex is currently suspecting Sneasler! For information on how to participate check out the <a href=\"https:\/\/www.smogon.com\/forums\/threads\/sv-national-dex-suspect-8-just-dance.3731534\/\">suspect thread<\/a>.<\/strong><\/div>\n|j|\u2606yanami-sleep\n|j|\u2606gghhhhhh\n|t:|1700554883\n|gametype|singles\n|player|p1|yanami-sleep|dawn-masters3|1533\n|player|p2|gghhhhhh|red|1446\n|teamsize|p1|6\n|teamsize|p2|6\n|gen|9\n|tier|[Gen 9] National Dex\n|rated|\n|rule|HP Percentage Mod: HP is shown in percentages\n|rule|Endless Battle Clause: Forcing endless battles is banned\n|rule|OHKO Clause: OHKO moves are banned\n|rule|Evasion Clause: Evasion abilities, items, and moves are banned\n|rule|Evasion Abilities Clause: Evasion abilities are banned\n|rule|Evasion Items Clause: Evasion items are banned\n|rule|Evasion Moves Clause: Evasion moves are banned\n|rule|Species Clause: Limit one of each Pok\u00e9mon\n|rule|Sleep Clause Mod: Limit one foe put to sleep\n|clearpoke\n|poke|p1|Ogerpon-Wellspring, F|\n|poke|p1|Ditto|\n|poke|p1|Tapu Koko|\n|poke|p1|Garganacl, M|\n|poke|p1|Dragonite, M|\n|poke|p1|Moltres|\n|poke|p2|Tapu Lele|\n|poke|p2|Araquanid, F|\n|poke|p2|Great Tusk|\n|poke|p2|Skeledirge, F|\n|poke|p2|Empoleon, M|\n|poke|p2|Nidoking, M|\n|teampreview\n|inactive|Battle timer is ON: inactive players will automatically lose when time's up. (requested by gghhhhhh)\n|\n|t:|1700554910\n|start\n|switch|p1a: Garganacl|Garganacl, M|100\/100\n|switch|p2a: Nidoking|Nidoking, M|100\/100\n|turn|1\n|\n|t:|1700554914\n|-terastallize|p1a: Garganacl|Ghost\n|move|p2a: Nidoking|Earth Power|p1a: Garganacl\n|-damage|p1a: Garganacl|65\/100\n|move|p1a: Garganacl|Iron Defense|p1a: Garganacl\n|-boost|p1a: Garganacl|def|2\n|\n|-heal|p1a: Garganacl|71\/100|[from] item: Leftovers\n|upkeep\n|turn|2\n|\n|t:|1700554929\n|move|p2a: Nidoking|Earth Power|p1a: Garganacl\n|-damage|p1a: Garganacl|32\/100\n|move|p1a: Garganacl|Recover|p1a: Garganacl\n|-heal|p1a: Garganacl|82\/100\n|\n|-heal|p1a: Garganacl|88\/100|[from] item: Leftovers\n|upkeep\n|turn|3\n|\n|t:|1700554932\n|move|p2a: Nidoking|Earth Power|p1a: Garganacl\n|-damage|p1a: Garganacl|51\/100\n|move|p1a: Garganacl|Salt Cure|p2a: Nidoking\n|-resisted|p2a: Nidoking\n|-damage|p2a: Nidoking|91\/100\n|-start|p2a: Nidoking|Salt Cure\n|\n|-heal|p1a: Garganacl|57\/100|[from] item: Leftovers\n|-damage|p2a: Nidoking|78\/100|[from] Salt Cure\n|upkeep\n|turn|4\n|\n|t:|1700554937\n|switch|p2a: Tapu Lele|Tapu Lele|100\/100\n|-fieldstart|move: Psychic Terrain|[from] ability: Psychic Surge|[of] p2a: Tapu Lele\n|move|p1a: Garganacl|Recover|p1a: Garganacl\n|-heal|p1a: Garganacl|100\/100\n|\n|upkeep\n|turn|5\n|\n|t:|1700554940\n|-terastallize|p2a: Tapu Lele|Psychic\n|move|p2a: Tapu Lele|Psychic|p1a: Garganacl\n|-damage|p1a: Garganacl|47\/100\n|move|p1a: Garganacl|Salt Cure|p2a: Tapu Lele\n|-damage|p2a: Tapu Lele|78\/100\n|-start|p2a: Tapu Lele|Salt Cure\n|\n|-heal|p1a: Garganacl|53\/100|[from] item: Leftovers\n|-damage|p2a: Tapu Lele|65\/100|[from] Salt Cure\n|upkeep\n|turn|6\n|-message|gghhhhhh forfeited.\n|\n|win|yanami-sleep\n|raw|yanami-sleep's rating: 1533 &rarr; <strong>1548<\/strong><br \/>(+15 for winning)\n|raw|gghhhhhh's rating: 1446 &rarr; <strong>1431<\/strong><br \/>(-15 for losing)\n|l|\u2606gghhhhhh\n","uploadtime":1700554957,"views":4,"p1id":"yanamisleep","p2id":"gghhhhhh","formatid":"gen9nationaldex","rating":1431,"private":0,"password":""}