{"id":"gen9nationaldex-1991654437","p1":"alt account 389","p2":"AquaWaves","format":"[Gen 9] National Dex","log":"|j|\u2606alt account 389\n|j|\u2606AquaWaves\n|t:|1700098934\n|gametype|singles\n|player|p1|alt account 389|erika|1323\n|player|p2|AquaWaves|nessa-masters|1254\n|teamsize|p1|6\n|teamsize|p2|6\n|gen|9\n|tier|[Gen 9] National Dex\n|rated|\n|rule|HP Percentage Mod: HP is shown in percentages\n|rule|Endless Battle Clause: Forcing endless battles is banned\n|rule|OHKO Clause: OHKO moves are banned\n|rule|Evasion Clause: Evasion abilities, items, and moves are banned\n|rule|Evasion Abilities Clause: Evasion abilities are banned\n|rule|Evasion Items Clause: Evasion items are banned\n|rule|Evasion Moves Clause: Evasion moves are banned\n|rule|Species Clause: Limit one of each Pok\u00e9mon\n|rule|Sleep Clause Mod: Limit one foe put to sleep\n|clearpoke\n|poke|p1|Tapu Koko|\n|poke|p1|Manectric, F|\n|poke|p1|Xurkitree|\n|poke|p1|Ribombee, F|\n|poke|p1|Bisharp, M|\n|poke|p1|Zamazenta-*|\n|poke|p2|Corviknight, F|\n|poke|p2|Ribombee, F|\n|poke|p2|Ceruledge, F|\n|poke|p2|Great Tusk|\n|poke|p2|Tapu Lele|\n|poke|p2|Moltres|\n|teampreview\n|inactive|Battle timer is ON: inactive players will automatically lose when time's up. (requested by alt account 389)\n|inactive|AquaWaves has 120 seconds left.\n|\n|t:|1700098968\n|start\n|switch|p1a: malaria|Ribombee, F|100\/100\n|switch|p2a: Gomorrah.FLA|Ceruledge, F|100\/100\n|turn|1\n|\n|t:|1700098979\n|move|p1a: malaria|Sticky Web|p2a: Gomorrah.FLA\n|-sidestart|p2: AquaWaves|move: Sticky Web\n|move|p2a: Gomorrah.FLA|Swords Dance|p2a: Gomorrah.FLA\n|-boost|p2a: Gomorrah.FLA|atk|2\n|\n|upkeep\n|turn|2\n|\n|t:|1700098989\n|move|p1a: malaria|Stun Spore|p2a: Gomorrah.FLA\n|-status|p2a: Gomorrah.FLA|par\n|move|p2a: Gomorrah.FLA|Swords Dance|p2a: Gomorrah.FLA\n|-boost|p2a: Gomorrah.FLA|atk|2\n|\n|upkeep\n|turn|3\n|\n|t:|1700098994\n|cant|p2a: Gomorrah.FLA|par\n|move|p1a: malaria|Skill Swap|p2a: Gomorrah.FLA\n|-activate|p1a: malaria|move: Skill Swap|Flash Fire|Honey Gather|[of] p2a: Gomorrah.FLA\n|\n|upkeep\n|turn|4\n|\n|t:|1700099003\n|move|p2a: Gomorrah.FLA|Shadow Sneak|p1a: malaria\n|-enditem|p1a: malaria|Focus Sash\n|-damage|p1a: malaria|1\/100\n|move|p1a: malaria|Moonblast|p2a: Gomorrah.FLA\n|-resisted|p2a: Gomorrah.FLA\n|-damage|p2a: Gomorrah.FLA|83\/100 par\n|-unboost|p2a: Gomorrah.FLA|spa|1\n|\n|upkeep\n|turn|5\n|\n|t:|1700099014\n|move|p2a: Gomorrah.FLA|Shadow Sneak|p1a: malaria\n|-damage|p1a: malaria|0 fnt\n|faint|p1a: malaria\n|\n|upkeep\n|\n|t:|1700099017\n|switch|p1a: common flu|Zamazenta|100\/100\n|-ability|p1a: common flu|Dauntless Shield|boost\n|-boost|p1a: common flu|def|1\n|turn|6\n|inactive|AquaWaves has 120 seconds left.\n|\n|t:|1700099047\n|move|p1a: common flu|Iron Defense|p1a: common flu\n|-boost|p1a: common flu|def|2\n|move|p2a: Gomorrah.FLA|Bitter Blade|p1a: common flu\n|-crit|p1a: common flu\n|-damage|p1a: common flu|0 fnt\n|-heal|p2a: Gomorrah.FLA|100\/100 par|[from] drain|[of] p1a: common flu\n|faint|p1a: common flu\n|\n|upkeep\n|c|\u2606alt account 389|skul\n|\n|t:|1700099062\n|switch|p1a: cancer|Xurkitree|100\/100\n|turn|7\n|-message|alt account 389 forfeited.\n|\n|win|AquaWaves\n|raw|alt account 389's rating: 1323 &rarr; <strong>1299<\/strong><br \/>(-24 for losing)\n|raw|AquaWaves's rating: 1254 &rarr; <strong>1284<\/strong><br \/>(+30 for winning)\n|l|\u2606alt account 389\n","uploadtime":1700099078,"views":4,"p1id":"altaccount389","p2id":"aquawaves","formatid":"gen9nationaldex","rating":1284,"private":0,"password":""}