{"id":"gen9nationaldex-1988156686","p1":"Drewski202","p2":"Serena1111","format":"[Gen 9] National Dex","log":"|j|\u2606Drewski202\n|j|\u2606Serena1111\n|t:|1699676896\n|gametype|singles\n|player|p1|Drewski202|n|1098\n|player|p2|Serena1111|serena|1085\n|teamsize|p1|6\n|teamsize|p2|6\n|gen|9\n|tier|[Gen 9] National Dex\n|rated|\n|rule|HP Percentage Mod: HP is shown in percentages\n|rule|Endless Battle Clause: Forcing endless battles is banned\n|rule|OHKO Clause: OHKO moves are banned\n|rule|Evasion Clause: Evasion abilities, items, and moves are banned\n|rule|Evasion Abilities Clause: Evasion abilities are banned\n|rule|Evasion Items Clause: Evasion items are banned\n|rule|Evasion Moves Clause: Evasion moves are banned\n|rule|Species Clause: Limit one of each Pok\u00e9mon\n|rule|Sleep Clause Mod: Limit one foe put to sleep\n|clearpoke\n|poke|p1|Mimikyu, F|\n|poke|p1|Cloyster, M|\n|poke|p1|Chandelure, M|\n|poke|p1|Toxtricity, F|\n|poke|p1|Greninja-*, F|\n|poke|p1|Xurkitree|\n|poke|p2|Weavile, F|\n|poke|p2|Kartana|\n|poke|p2|Hoopa-Unbound|\n|poke|p2|Sneasler, M|\n|poke|p2|Regigigas|\n|poke|p2|Ceruledge, F|\n|teampreview\n|inactive|Battle timer is ON: inactive players will automatically lose when time's up. (requested by Serena1111)\n|\n|t:|1699676903\n|start\n|switch|p1a: Greninja|Greninja, F|100\/100\n|switch|p2a: Weavile|Weavile, F|100\/100\n|-ability|p2a: Weavile|Pressure\n|turn|1\n|inactive|Drewski202 has 120 seconds left.\n|\n|t:|1699676936\n|-terastallize|p2a: Weavile|Dark\n|move|p1a: Greninja|Water Shuriken|p2a: Weavile\n|-damage|p2a: Weavile|88\/100\n|-damage|p2a: Weavile|75\/100\n|-damage|p2a: Weavile|62\/100\n|-hitcount|p2a: Weavile|3\n|move|p2a: Weavile|Beat Up|p1a: Greninja\n|-resisted|p1a: Greninja\n|-damage|p1a: Greninja|88\/100\n|-resisted|p1a: Greninja\n|-damage|p1a: Greninja|69\/100\n|-resisted|p1a: Greninja\n|-damage|p1a: Greninja|52\/100\n|-resisted|p1a: Greninja\n|-damage|p1a: Greninja|38\/100\n|-resisted|p1a: Greninja\n|-damage|p1a: Greninja|22\/100\n|-resisted|p1a: Greninja\n|-damage|p1a: Greninja|8\/100\n|-hitcount|p1a: Greninja|6\n|\n|upkeep\n|turn|2\n|inactive|Drewski202 has 120 seconds left.\n|\n|t:|1699676959\n|move|p1a: Greninja|Water Shuriken|p2a: Weavile\n|-damage|p2a: Weavile|45\/100\n|-damage|p2a: Weavile|26\/100\n|-damage|p2a: Weavile|9\/100\n|-crit|p2a: Weavile\n|-damage|p2a: Weavile|0 fnt\n|faint|p2a: Weavile\n|-hitcount|p2: Weavile|4\n|\n|upkeep\n|\n|t:|1699676976\n|switch|p2a: Kartana|Kartana|100\/100\n|turn|3\n|\n|t:|1699676981\n|-zpower|p2a: Kartana\n|move|p2a: Kartana|Z-Tailwind|p2a: Kartana|[anim]Tailwind\n|-start|p2a: Kartana|move: Focus Energy|[zeffect]\n|-sidestart|p2: Serena1111|move: Tailwind\n|move|p1a: Greninja|Blizzard|p2a: Kartana\n|-damage|p2a: Kartana|0 fnt\n|faint|p2a: Kartana\n|\n|upkeep\n|\n|t:|1699676989\n|switch|p2a: Sneasler|Sneasler, M|100\/100\n|turn|4\n|\n|t:|1699676999\n|move|p2a: Sneasler|Swords Dance|p2a: Sneasler\n|-boost|p2a: Sneasler|atk|2\n|move|p1a: Greninja|Extrasensory|p2a: Sneasler\n|-supereffective|p2a: Sneasler\n|-damage|p2a: Sneasler|0 fnt\n|faint|p2a: Sneasler\n|\n|upkeep\n|-message|Serena1111 forfeited.\n|\n|win|Drewski202\n|raw|Drewski202's rating: 1098 &rarr; <strong>1125<\/strong><br \/>(+27 for winning)\n|raw|Serena1111's rating: 1116 &rarr; <strong>1090<\/strong><br \/>(-26 for losing)\n|l|\u2606Serena1111\n|c|\u2606Drewski202|Nice\n","uploadtime":1699677025,"views":5,"p1id":"drewski202","p2id":"serena1111","formatid":"gen9nationaldex","rating":1090,"private":0,"password":""}