{"id":"gen9nationaldex-1996908994","p1":"Vaconsio1","p2":"Onlymanever","format":"[Gen 9] National Dex","log":"|html|<div class=\"broadcast-blue\"><strong>[Gen 9] National Dex is currently suspecting Sneasler! For information on how to participate check out the <a href=\"https:\/\/www.smogon.com\/forums\/threads\/sv-national-dex-suspect-8-just-dance.3731534\/\">suspect thread<\/a>.<\/strong><\/div>\n|j|\u2606Vaconsio1\n|j|\u203dOnlymanever\n|t:|1700743480\n|gametype|singles\n|player|p1|Vaconsio1|skier|1132\n|player|p2|Onlymanever|lyra|1062\n|teamsize|p1|6\n|teamsize|p2|6\n|gen|9\n|tier|[Gen 9] National Dex\n|rated|\n|rule|HP Percentage Mod: HP is shown in percentages\n|rule|Endless Battle Clause: Forcing endless battles is banned\n|rule|OHKO Clause: OHKO moves are banned\n|rule|Evasion Clause: Evasion abilities, items, and moves are banned\n|rule|Evasion Abilities Clause: Evasion abilities are banned\n|rule|Evasion Items Clause: Evasion items are banned\n|rule|Evasion Moves Clause: Evasion moves are banned\n|rule|Species Clause: Limit one of each Pok\u00e9mon\n|rule|Sleep Clause Mod: Limit one foe put to sleep\n|clearpoke\n|poke|p1|Jolteon, M|\n|poke|p1|Espeon, F|\n|poke|p1|Umbreon, F|\n|poke|p1|Vaporeon, M|\n|poke|p1|Flareon, M|\n|poke|p1|Glaceon, F|\n|poke|p2|Mr. Mime, F|\n|poke|p2|Inteleon, M|\n|poke|p2|Gallade, M|\n|poke|p2|Arcanine, M|\n|poke|p2|Staraptor, M|\n|poke|p2|Electivire, F|\n|teampreview\n|\n|t:|1700743484\n|start\n|switch|p1a: Jolteon|Jolteon, M, shiny|100\/100\n|switch|p2a: Inteleon|Inteleon, M|100\/100\n|turn|1\n|inactive|Battle timer is ON: inactive players will automatically lose when time's up. (requested by Onlymanever)\n|\n|t:|1700743490\n|switch|p2a: Electivire|Electivire, F|100\/100\n|move|p1a: Jolteon|Volt Switch|p2a: Electivire\n|-ability|p2a: Electivire|Motor Drive|boost\n|-boost|p2a: Electivire|spe|1\n|\n|upkeep\n|turn|2\n|\n|t:|1700743501\n|switch|p1a: Umbreon|Umbreon, F, shiny|100\/100\n|move|p2a: Electivire|Meditate|p2a: Electivire\n|-boost|p2a: Electivire|atk|1\n|\n|upkeep\n|turn|3\n|\n|t:|1700743507\n|move|p2a: Electivire|Hammer Arm|p1a: Umbreon\n|-supereffective|p1a: Umbreon\n|-damage|p1a: Umbreon|34\/100\n|-unboost|p2a: Electivire|spe|1\n|move|p1a: Umbreon|Toxic|p2a: Electivire|[miss]\n|-miss|p1a: Umbreon|p2a: Electivire\n|\n|-heal|p1a: Umbreon|40\/100|[from] item: Leftovers\n|upkeep\n|turn|4\n|-message|Vaconsio1 forfeited.\n|\n|win|Onlymanever\n|raw|Vaconsio1's rating: 1132 &rarr; <strong>1102<\/strong><br \/>(-30 for losing)\n|raw|Onlymanever's rating: 1062 &rarr; <strong>1099<\/strong><br \/>(+37 for winning)\n|l|\u2606Vaconsio1\n","uploadtime":1700743519,"views":1,"p1id":"vaconsio1","p2id":"onlymanever","formatid":"gen9nationaldex","rating":1099,"private":0,"password":""}