{"id":"gen9nationaldex-1997604561","p1":"Yaoyao S_G","p2":"Serena1111\u805a\u6c14\u5384\u9b3c\u692a","format":"[Gen 9] National Dex","log":"|html|<div class=\"broadcast-blue\"><strong>[Gen 9] National Dex is currently suspecting Sneasler! For information on how to participate check out the <a href=\"https:\/\/www.smogon.com\/forums\/threads\/sv-national-dex-suspect-8-just-dance.3731534\/\">suspect thread<\/a>.<\/strong><\/div>\n|j|\u2606Yaoyao S_G\n|j|\u2606Serena1111\u805a\u6c14\u5384\u9b3c\u692a\n|t:|1700831894\n|gametype|singles\n|player|p1|Yaoyao S_G|wally|1081\n|player|p2|Serena1111\u805a\u6c14\u5384\u9b3c\u692a|serena|1052\n|teamsize|p1|6\n|teamsize|p2|6\n|gen|9\n|tier|[Gen 9] National Dex\n|rated|\n|rule|HP Percentage Mod: HP is shown in percentages\n|rule|Endless Battle Clause: Forcing endless battles is banned\n|rule|OHKO Clause: OHKO moves are banned\n|rule|Evasion Clause: Evasion abilities, items, and moves are banned\n|rule|Evasion Abilities Clause: Evasion abilities are banned\n|rule|Evasion Items Clause: Evasion items are banned\n|rule|Evasion Moves Clause: Evasion moves are banned\n|rule|Species Clause: Limit one of each Pok\u00e9mon\n|rule|Sleep Clause Mod: Limit one foe put to sleep\n|clearpoke\n|poke|p1|Greninja-*, M|\n|poke|p1|Pelipper, F|\n|poke|p1|Swampert, F|\n|poke|p1|Barraskewda, F|\n|poke|p1|Urshifu-*, F|\n|poke|p1|Manaphy|\n|poke|p2|Weavile, F|\n|poke|p2|Kartana|\n|poke|p2|Hoopa-Unbound|\n|poke|p2|Sneasler, F|\n|poke|p2|Heracross, F|\n|poke|p2|Ceruledge, F|\n|teampreview\n|inactive|Battle timer is ON: inactive players will automatically lose when time's up. (requested by Serena1111\u805a\u6c14\u5384\u9b3c\u692a)\n|\n|t:|1700831907\n|start\n|switch|p1a: Pelipper|Pelipper, F|100\/100\n|switch|p2a: Weavile|Weavile, F|100\/100\n|-ability|p2a: Weavile|Pressure\n|-weather|RainDance|[from] ability: Drizzle|[of] p1a: Pelipper\n|turn|1\n|\n|t:|1700831921\n|-terastallize|p2a: Weavile|Dark\n|move|p2a: Weavile|Beat Up|p1a: Pelipper\n|-damage|p1a: Pelipper|81\/100\n|-damage|p1a: Pelipper|56\/100\n|-damage|p1a: Pelipper|34\/100\n|-damage|p1a: Pelipper|15\/100\n|-damage|p1a: Pelipper|0 fnt\n|faint|p1a: Pelipper\n|-hitcount|p1: Pelipper|5\n|\n|-weather|RainDance|[upkeep]\n|upkeep\n|\n|t:|1700831929\n|switch|p1a: Barraskewda|Barraskewda, F|100\/100\n|turn|2\n|\n|t:|1700831933\n|move|p1a: Barraskewda|Flip Turn|p2a: Weavile\n|-damage|p2a: Weavile|0 fnt\n|faint|p2a: Weavile\n|\n|t:|1700831938\n|switch|p1a: Swampert|Swampert, F|100\/100|[from] Flip Turn\n|\n|-weather|RainDance|[upkeep]\n|upkeep\n|inactive|Serena1111\u805a\u6c14\u5384\u9b3c\u692a has 120 seconds left.\n|c|\u2606Yaoyao S_G|Hello?\n|c|\u2606Yaoyao S_G|Anyone?\n|c|\u2606Yaoyao S_G|No way\n|c|\u2606Yaoyao S_G|Hi?\n|inactive|Serena1111\u805a\u6c14\u5384\u9b3c\u692a has 90 seconds left.\n|c|\u2606Yaoyao S_G|bad internet?\n|c|\u2606Yaoyao S_G|Hi?\n|c|\u2606Yaoyao S_G|Hi?\n|c|\u2606Serena1111\u805a\u6c14\u5384\u9b3c\u692a|sorry\n|\n|t:|1700832005\n|switch|p2a: Kartana|Kartana|100\/100\n|turn|3\n|c|\u2606Yaoyao S_G|\u554a\u7b49\u7b49\u4e2d\u56fd\u4eba\uff1f\n|c|\u2606Yaoyao S_G|\u5413\u6211\u4e00\u8df3\n|\n|t:|1700832022\n|detailschange|p1a: Swampert|Swampert-Mega, F\n|-mega|p1a: Swampert|Swampert|Swampertite\n|move|p1a: Swampert|Earthquake|p2a: Kartana\n|-damage|p2a: Kartana|36\/100\n|-zpower|p2a: Kartana\n|move|p2a: Kartana|Z-Tailwind|p2a: Kartana|[anim]Tailwind\n|-start|p2a: Kartana|move: Focus Energy|[zeffect]\n|-sidestart|p2: Serena1111\u805a\u6c14\u5384\u9b3c\u692a|move: Tailwind\n|\n|-weather|RainDance|[upkeep]\n|upkeep\n|turn|4\n|c|\u2606Serena1111\u805a\u6c14\u5384\u9b3c\u692a|\u5bf9\n|\n|t:|1700832032\n|move|p2a: Kartana|Leaf Blade|p1a: Swampert\n|-supereffective|p1a: Swampert\n|-crit|p1a: Swampert\n|-damage|p1a: Swampert|0 fnt\n|faint|p1a: Swampert\n|-ability|p2a: Kartana|Beast Boost|boost\n|-boost|p2a: Kartana|atk|1\n|\n|-weather|RainDance|[upkeep]\n|upkeep\n|c|\u2606Yaoyao S_G|\u5b8c\u86cb\u529b\n|\n|t:|1700832043\n|switch|p1a: Greninja|Greninja, M|100\/100\n|turn|5\n|\n|t:|1700832047\n|-terastallize|p1a: Greninja|Water\n|move|p1a: Greninja|Water Shuriken|p2a: Kartana\n|-resisted|p2a: Kartana\n|-damage|p2a: Kartana|14\/100\n|-resisted|p2a: Kartana\n|-damage|p2a: Kartana|0 fnt\n|faint|p2a: Kartana\n|-ability|p1a: Greninja|Battle Bond|boost\n|-boost|p1a: Greninja|atk|1\n|-boost|p1a: Greninja|spa|1\n|-boost|p1a: Greninja|spe|1\n|-activate|p1a: Greninja|ability: Battle Bond\n|-hitcount|p2: Kartana|2\n|\n|-weather|RainDance|[upkeep]\n|upkeep\n|c|\u2606Yaoyao S_G|OHHHHHHH\n|\n|t:|1700832057\n|switch|p2a: Sneasler|Sneasler, F|100\/100\n|turn|6\n|\n|t:|1700832068\n|move|p1a: Greninja|Water Shuriken|p2a: Sneasler\n|-damage|p2a: Sneasler|71\/100\n|-damage|p2a: Sneasler|42\/100\n|-damage|p2a: Sneasler|12\/100\n|-damage|p2a: Sneasler|0 fnt\n|faint|p2a: Sneasler\n|-hitcount|p2: Sneasler|4\n|\n|-weather|RainDance|[upkeep]\n|-sideend|p2: Serena1111\u805a\u6c14\u5384\u9b3c\u692a|move: Tailwind\n|upkeep\n|\n|t:|1700832084\n|switch|p2a: Heracross|Heracross, F|100\/100\n|turn|7\n|c|\u2606Yaoyao S_G|\u5fcd\u86d9\u4eca\u665a\u4e0d\u6f14\u4e86\uff08\u559c\n|\n|t:|1700832091\n|detailschange|p2a: Heracross|Heracross-Mega, F\n|-mega|p2a: Heracross|Heracross|Heracronite\n|move|p1a: Greninja|Water Shuriken|p2a: Heracross\n|-damage|p2a: Heracross|79\/100\n|-damage|p2a: Heracross|57\/100\n|-damage|p2a: Heracross|34\/100\n|-damage|p2a: Heracross|12\/100\n|-damage|p2a: Heracross|0 fnt\n|faint|p2a: Heracross\n|-hitcount|p2: Heracross|5\n|\n|-weather|RainDance|[upkeep]\n|upkeep\n|c|\u2606Serena1111\u805a\u6c14\u5384\u9b3c\u692a|\u662f\u4e0d\u662f\u9ab0\u5b50\u554a\n|\n|t:|1700832105\n|switch|p2a: Hoopa|Hoopa-Unbound|100\/100\n|turn|8\n|c|\u2606Yaoyao S_G|\uff08\u662f\uff09\n|\n|t:|1700832112\n|move|p1a: Greninja|Water Shuriken|p2a: Hoopa\n|-damage|p2a: Hoopa|81\/100\n|-damage|p2a: Hoopa|62\/100\n|-damage|p2a: Hoopa|45\/100\n|-damage|p2a: Hoopa|26\/100\n|-damage|p2a: Hoopa|9\/100\n|-hitcount|p2a: Hoopa|5\n|move|p2a: Hoopa|Drain Punch|p1a: Greninja\n|-damage|p1a: Greninja|49\/100\n|-heal|p2a: Hoopa|33\/100|[from] drain|[of] p1a: Greninja\n|\n|-weather|none\n|upkeep\n|turn|9\n|c|\u2606Yaoyao S_G|\u773c\u955c\u8fd0\u6c14\u592a\u5dee\n|c|\u2606Serena1111\u805a\u6c14\u5384\u9b3c\u692a|\u592a\u6050\u6016\u4e86\n|-message|Serena1111\u805a\u6c14\u5384\u9b3c\u692a forfeited.\n|\n|win|Yaoyao S_G\n|raw|Yaoyao S_G's rating: 1057 &rarr; <strong>1088<\/strong><br \/>(+31 for winning)\n|raw|Serena1111\u805a\u6c14\u5384\u9b3c\u692a's rating: 1052 &rarr; <strong>1034<\/strong><br \/>(-18 for losing)\n|l|\u2606Serena1111\u805a\u6c14\u5384\u9b3c\u692a\n|c|\u2606Yaoyao S_G|gg\n","uploadtime":1700832133,"views":0,"p1id":"yaoyaosg","p2id":"serena1111","formatid":"gen9nationaldex","rating":1034,"private":0,"password":""}