{"id":"gen9vgc2023regulatione-2000377654","p1":"Hutlee","p2":"david98dg","format":"[Gen 9] VGC 2023 Regulation E","log":"|j|\u2606Hutlee\n|j|\u2606david98dg\n|t:|1701189729\n|gametype|doubles\n|player|p1|Hutlee|blue|1054\n|player|p2|david98dg|266|1116\n|teamsize|p1|6\n|teamsize|p2|6\n|gen|9\n|tier|[Gen 9] VGC 2023 Regulation E\n|rated|\n|rule|Species Clause: Limit one of each Pok\u00e9mon\n|rule|Item Clause: Limit one of each item\n|clearpoke\n|poke|p1|Salamence, L50, M|\n|poke|p1|Ogerpon-Wellspring, L50, F|\n|poke|p1|Flutter Mane, L50|\n|poke|p1|Rillaboom, L50, F|\n|poke|p1|Urshifu-*, L50, F|\n|poke|p1|Heatran, L50, M|\n|poke|p2|Zapdos-Galar, L50|\n|poke|p2|Dragonite, L50, M|\n|poke|p2|Chien-Pao, L50|\n|poke|p2|Rillaboom, L50, F|\n|poke|p2|Dondozo, L50, M|\n|poke|p2|Heatran, L50, M|\n|teampreview|4\n|\n|t:|1701189783\n|start\n|switch|p1a: Flutter Mane|Flutter Mane, L50|100\/100\n|switch|p1b: Urshifu|Urshifu, L50, F|100\/100\n|switch|p2a: Zapdos|Zapdos-Galar, L50|100\/100\n|switch|p2b: Rillaboom|Rillaboom, L50, F|100\/100\n|-fieldstart|move: Grassy Terrain|[from] ability: Grassy Surge|[of] p2b: Rillaboom\n|turn|1\n|inactive|Battle timer is ON: inactive players will automatically lose when time's up. (requested by Hutlee)\n|inactive|david98dg has 60 seconds left.\n|\n|t:|1701189838\n|-terastallize|p1b: Urshifu|Ghost\n|move|p2b: Rillaboom|Fake Out|p1a: Flutter Mane\n|-immune|p1a: Flutter Mane\n|move|p2a: Zapdos|Brave Bird|p1b: Urshifu\n|-damage|p1b: Urshifu|29\/100\n|-damage|p2a: Zapdos|75\/100|[from] Recoil\n|move|p1a: Flutter Mane|Dazzling Gleam|p2a: Zapdos|[spread] p2a,p2b\n|-supereffective|p2a: Zapdos\n|-damage|p2a: Zapdos|0 fnt\n|-damage|p2b: Rillaboom|39\/100\n|faint|p2a: Zapdos\n|move|p1b: Urshifu|Wicked Blow|p2b: Rillaboom\n|-crit|p2b: Rillaboom\n|-damage|p2b: Rillaboom|0 fnt\n|faint|p2b: Rillaboom\n|\n|-heal|p1b: Urshifu|34\/100|[from] Grassy Terrain\n|upkeep\n|-message|david98dg forfeited.\n|\n|win|Hutlee\n|raw|Hutlee's rating: 1054 &rarr; <strong>1092<\/strong><br \/>(+38 for winning)\n|raw|david98dg's rating: 1116 &rarr; <strong>1087<\/strong><br \/>(-29 for losing)\n|l|\u2606david98dg\n","uploadtime":1701189870,"views":9,"p1id":"hutlee","p2id":"david98dg","formatid":"gen9vgc2023regulatione","rating":1087,"private":0,"password":""}