{"id":"gen9vgc2023regulatione-1996824689","p1":"Ipeximus","p2":"RapidEnding","format":"[Gen 9] VGC 2023 Regulation E","log":"|j|\u2606Ipeximus\n|j|\u2606RapidEnding\n|t:|1700731325\n|gametype|doubles\n|player|p1|Ipeximus|1|1070\n|player|p2|RapidEnding|riley|1171\n|teamsize|p1|6\n|teamsize|p2|6\n|gen|9\n|tier|[Gen 9] VGC 2023 Regulation E\n|rated|\n|rule|Species Clause: Limit one of each Pok\u00e9mon\n|rule|Item Clause: Limit one of each item\n|clearpoke\n|poke|p1|Mandibuzz, L50, F|\n|poke|p1|Landorus-Therian, L50, M|\n|poke|p1|Heatran, L50, M|\n|poke|p1|Amoonguss, L50, F|\n|poke|p1|Iron Hands, L50|\n|poke|p1|Iron Bundle, L50|\n|poke|p2|Arcanine-Hisui, L50, F|\n|poke|p2|Chien-Pao, L50|\n|poke|p2|Zapdos-Galar, L50|\n|poke|p2|Iron Bundle, L50|\n|poke|p2|Ogerpon-Wellspring, L50, F|\n|poke|p2|Scizor, L50, M|\n|teampreview|4\n|inactive|Battle timer is ON: inactive players will automatically lose when time's up. (requested by RapidEnding)\n|\n|t:|1700731356\n|start\n|switch|p1a: Landorus|Landorus-Therian, L50, M|100\/100\n|switch|p1b: Heatran|Heatran, L50, M|100\/100\n|switch|p2a: Chien-Pao|Chien-Pao, L50|100\/100\n|switch|p2b: Arcanine|Arcanine-Hisui, L50, F|100\/100\n|-ability|p1a: Landorus|Intimidate|boost\n|-unboost|p2a: Chien-Pao|atk|1\n|-unboost|p2b: Arcanine|atk|1\n|-ability|p2a: Chien-Pao|Sword of Ruin\n|-ability|p2b: Arcanine|Intimidate|boost\n|-unboost|p1a: Landorus|atk|1\n|-unboost|p1b: Heatran|atk|1\n|turn|1\n|inactive|Ipeximus has 30 seconds left.\n|inactive|RapidEnding has 30 seconds left.\n|\n|t:|1700731385\n|switch|p2b: Zapdos|Zapdos-Galar, L50|100\/100\n|move|p1a: Landorus|U-turn|p2a: Chien-Pao\n|-supereffective|p2a: Chien-Pao\n|-damage|p2a: Chien-Pao|49\/100\n|\n|t:|1700731392\n|switch|p1a: Iron Hands|Iron Hands, L50|100\/100|[from] U-turn\n|move|p2a: Chien-Pao|Ice Spinner|p1a: Iron Hands\n|-damage|p1a: Iron Hands|76\/100\n|move|p1b: Heatran|Heat Wave|p2b: Zapdos|[spread] p2a,p2b\n|-supereffective|p2a: Chien-Pao\n|-damage|p2a: Chien-Pao|0 fnt\n|-damage|p2b: Zapdos|60\/100\n|faint|p2a: Chien-Pao\n|\n|upkeep\n|\n|t:|1700731402\n|switch|p2a: Arcanine|Arcanine-Hisui, L50, F|100\/100\n|-ability|p2a: Arcanine|Intimidate|boost\n|-unboost|p1a: Iron Hands|atk|1\n|-unboost|p1b: Heatran|atk|1\n|turn|2\n|\n|t:|1700731419\n|-terastallize|p1b: Heatran|Water\n|move|p1a: Iron Hands|Fake Out|p2b: Zapdos\n|-damage|p2b: Zapdos|49\/100\n|cant|p2b: Zapdos|flinch\n|move|p2a: Arcanine|Flare Blitz|p1a: Iron Hands\n|-damage|p1a: Iron Hands|21\/100\n|-damage|p2a: Arcanine|77\/100|[from] Recoil\n|move|p1b: Heatran|Earth Power|p2a: Arcanine\n|-supereffective|p2a: Arcanine\n|-damage|p2a: Arcanine|0 fnt\n|faint|p2a: Arcanine\n|\n|upkeep\n|\n|t:|1700731429\n|switch|p2a: Iron Bundle|Iron Bundle, L50|100\/100\n|-enditem|p2a: Iron Bundle|Booster Energy\n|-activate|p2a: Iron Bundle|ability: Quark Drive|[fromitem]\n|-start|p2a: Iron Bundle|quarkdrivespe\n|turn|3\n|\n|t:|1700731450\n|-end|p1a: Iron Hands|Quark Drive|[silent]\n|switch|p1a: Iron Bundle|Iron Bundle, L50|100\/100\n|-enditem|p1a: Iron Bundle|Booster Energy\n|-activate|p1a: Iron Bundle|ability: Quark Drive|[fromitem]\n|-start|p1a: Iron Bundle|quarkdrivespe\n|-terastallize|p2b: Zapdos|Flying\n|move|p1b: Heatran|Protect|p1b: Heatran\n|-singleturn|p1b: Heatran|Protect\n|move|p2a: Iron Bundle|Freeze-Dry|p1b: Heatran\n|-activate|p1b: Heatran|move: Protect\n|move|p2b: Zapdos|Brave Bird|p1a: Iron Bundle\n|-damage|p1a: Iron Bundle|15\/100\n|-damage|p2b: Zapdos|24\/100|[from] Recoil\n|\n|upkeep\n|turn|4\n|\n|t:|1700731470\n|move|p1a: Iron Bundle|Protect|p1a: Iron Bundle\n|-singleturn|p1a: Iron Bundle|Protect\n|move|p2a: Iron Bundle|Icy Wind|p1b: Heatran|[spread] p1b\n|-activate|p1a: Iron Bundle|move: Protect\n|-resisted|p1b: Heatran\n|-damage|p1b: Heatran|91\/100\n|-unboost|p1b: Heatran|spe|1\n|move|p2b: Zapdos|Brave Bird|p1b: Heatran\n|-damage|p1b: Heatran|14\/100\n|-damage|p2b: Zapdos|0 fnt|[from] Recoil\n|faint|p2b: Zapdos\n|move|p1b: Heatran|Heat Wave|p2a: Iron Bundle\n|-damage|p2a: Iron Bundle|0 fnt\n|faint|p2a: Iron Bundle\n|-end|p2a: Iron Bundle|Quark Drive|[silent]\n|\n|win|Ipeximus\n|raw|Ipeximus's rating: 1070 &rarr; <strong>1108<\/strong><br \/>(+38 for winning)\n|raw|RapidEnding's rating: 1171 &rarr; <strong>1139<\/strong><br \/>(-32 for losing)\n|l|\u2606RapidEnding\n","uploadtime":1700731490,"views":16,"p1id":"ipeximus","p2id":"rapidending","formatid":"gen9vgc2023regulatione","rating":1108,"private":0,"password":""}