{"id":"gen9vgc2023regulatione-1988081559","p1":"zoombeanle","p2":"thunderdog_32","format":"[Gen 9] VGC 2023 Regulation E","log":"|j|\u2606zoombeanle\n|j|\u2606thunderdog_32\n|t:|1699667255\n|gametype|doubles\n|player|p1|zoombeanle|266|1120\n|player|p2|thunderdog_32|1|1044\n|teamsize|p1|6\n|teamsize|p2|6\n|gen|9\n|tier|[Gen 9] VGC 2023 Regulation E\n|rated|\n|rule|Species Clause: Limit one of each Pok\u00e9mon\n|rule|Item Clause: Limit one of each item\n|clearpoke\n|poke|p1|Amoonguss, L50, F|\n|poke|p1|Tinkaton, L50, F|\n|poke|p1|Baxcalibur, L50, M|\n|poke|p1|Chi-Yu, L50|\n|poke|p1|Dondozo, L50, M|\n|poke|p1|Mandibuzz, L50, F|\n|poke|p2|Annihilape, L50, M|\n|poke|p2|Heatran, L50, F|\n|poke|p2|Dragonite, L50, M|\n|poke|p2|Fezandipiti, L50, M|\n|poke|p2|Chien-Pao, L50|\n|poke|p2|Rillaboom, L50, M|\n|teampreview|4\n|inactive|Battle timer is ON: inactive players will automatically lose when time's up. (requested by thunderdog_32)\n|inactive|thunderdog_32 has 60 seconds left.\nzoombeanle rejected open team sheets.\n|\n|t:|1699667306\n|start\n|switch|p1a: Tinkaton|Tinkaton, L50, F|100\/100\n|switch|p1b: Chi-Yu|Chi-Yu, L50|100\/100\n|switch|p2a: Annihilape|Annihilape, L50, M|100\/100\n|switch|p2b: Fezandipiti|Fezandipiti, L50, M|100\/100\n|-ability|p1b: Chi-Yu|Beads of Ruin\n|-ability|p1a: Tinkaton|Mold Breaker\n|turn|1\n|\n|t:|1699667329\n|move|p1b: Chi-Yu|Overheat|p2a: Annihilape\n|-damage|p2a: Annihilape|22\/100\n|-unboost|p1b: Chi-Yu|spa|2\n|move|p2a: Annihilape|Final Gambit|p1b: Chi-Yu\n|-damage|p1b: Chi-Yu|65\/100\n|faint|p2a: Annihilape\n|move|p2b: Fezandipiti|Tailwind|p2b: Fezandipiti\n|-sidestart|p2: thunderdog_32|move: Tailwind\n|move|p1a: Tinkaton|Gigaton Hammer|p2b: Fezandipiti\n|-supereffective|p2b: Fezandipiti\n|-damage|p2b: Fezandipiti|0 fnt\n|faint|p2b: Fezandipiti\n|\n|upkeep\n|\n|t:|1699667341\n|switch|p2b: Dragonite|Dragonite, L50, M|100\/100\n|switch|p2a: Chien-Pao|Chien-Pao, L50|100\/100\n|-ability|p2a: Chien-Pao|Sword of Ruin\n|turn|2\n|\n|t:|1699667355\n|switch|p1b: Dondozo|Dondozo, L50, M|100\/100\n|move|p2a: Chien-Pao|Sacred Sword|p1b: Dondozo\n|-damage|p1b: Dondozo|74\/100\n|move|p2b: Dragonite|Stomping Tantrum|p1a: Tinkaton\n|-supereffective|p1a: Tinkaton\n|-damage|p1a: Tinkaton|0 fnt\n|faint|p1a: Tinkaton\n|\n|-heal|p1b: Dondozo|81\/100|[from] item: Leftovers\n|upkeep\n|inactive|zoombeanle has 30 seconds left.\n|inactive|zoombeanle has 20 seconds left.\n|inactive|zoombeanle has 15 seconds left.\n|inactive|zoombeanle has 10 seconds left.\n|inactive|zoombeanle has 5 seconds left.\n|\n|t:|1699667410\n|switch|p1a: Chi-Yu|Chi-Yu, L50|65\/100\n|-ability|p1a: Chi-Yu|Beads of Ruin\n|turn|3\n|inactive|zoombeanle has 30 seconds left.\n|inactive|zoombeanle has 20 seconds left.\n|inactive|zoombeanle has 15 seconds left.\n|inactive|zoombeanle has 10 seconds left.\n|inactive|zoombeanle has 5 seconds left.\n|\n|t:|1699667465\n|move|p2a: Chien-Pao|Sacred Sword|p1a: Chi-Yu\n|-supereffective|p1a: Chi-Yu\n|-damage|p1a: Chi-Yu|0 fnt\n|faint|p1a: Chi-Yu\n|move|p2b: Dragonite|Stomping Tantrum|p1b: Dondozo\n|-damage|p1b: Dondozo|45\/100\n|move|p1b: Dondozo|Liquidation|p2b: Dragonite\n|-resisted|p2b: Dragonite\n|-damage|p2b: Dragonite|81\/100\n|\n|-heal|p1b: Dondozo|51\/100|[from] item: Leftovers\n|upkeep\n|inactive|zoombeanle has 30 seconds left.\n|inactive|zoombeanle has 20 seconds left.\n|inactive|zoombeanle has 15 seconds left.\n|inactive|zoombeanle has 10 seconds left.\n|inactive|zoombeanle has 5 seconds left.\n|\n|t:|1699667520\n|switch|p1a: Baxcalibur|Baxcalibur, L50, M|100\/100\n|turn|4\n|inactive|zoombeanle has 30 seconds left.\n|inactive|zoombeanle has 20 seconds left.\n|inactive|zoombeanle has 15 seconds left.\n|inactive|zoombeanle has 10 seconds left.\n|inactive|zoombeanle has 5 seconds left.\n|\n|t:|1699667575\n|move|p2a: Chien-Pao|Sacred Sword|p1a: Baxcalibur\n|-supereffective|p1a: Baxcalibur\n|-damage|p1a: Baxcalibur|27\/100\n|move|p2b: Dragonite|Stomping Tantrum|p1b: Dondozo\n|-damage|p1b: Dondozo|18\/100\n|move|p1a: Baxcalibur|Icicle Spear|p2b: Dragonite\n|-supereffective|p2b: Dragonite\n|-damage|p2b: Dragonite|0 fnt\n|faint|p2b: Dragonite\n|-hitcount|p2: Dragonite|1\n|move|p1b: Dondozo|Liquidation|p2a: Chien-Pao\n|-damage|p2a: Chien-Pao|58\/100\n|\n|-heal|p1b: Dondozo|25\/100|[from] item: Leftovers\n|-sideend|p2: thunderdog_32|move: Tailwind\n|upkeep\n|turn|5\n|inactive|zoombeanle has 30 seconds left.\n|inactive|zoombeanle has 20 seconds left.\n|inactive|zoombeanle has 15 seconds left.\n|inactive|zoombeanle has 10 seconds left.\n|inactive|zoombeanle has 5 seconds left.\n|\n|t:|1699667630\n|move|p2a: Chien-Pao|Sacred Sword|p1a: Baxcalibur\n|-supereffective|p1a: Baxcalibur\n|-damage|p1a: Baxcalibur|0 fnt\n|faint|p1a: Baxcalibur\n|move|p1b: Dondozo|Liquidation|p2a: Chien-Pao\n|-damage|p2a: Chien-Pao|14\/100\n|\n|-heal|p1b: Dondozo|31\/100|[from] item: Leftovers\n|upkeep\n|turn|6\n|inactive|zoombeanle has 30 seconds left.\n|l|\u2606zoombeanle\n|inactive|zoombeanle disconnected and has a minute to reconnect!\n|player|p1|\n|inactive|zoombeanle has 20 seconds left.\n|inactive|zoombeanle has 15 seconds left.\n|inactive|zoombeanle has 10 seconds left.\n|inactive|zoombeanle has 5 seconds left.\n|-message|zoombeanle lost due to inactivity.\n|\n|win|thunderdog_32\n|raw|zoombeanle's rating: 1120 &rarr; <strong>1090<\/strong><br \/>(-30 for losing)\n|raw|thunderdog_32's rating: 1044 &rarr; <strong>1085<\/strong><br \/>(+41 for winning)\n","uploadtime":1699667693,"views":18,"p1id":"zoombeanle","p2id":"thunderdog32","formatid":"gen9vgc2023regulatione","rating":1085,"private":0,"password":""}