{"id":"gen9vgc2023regulatione-1995848730","p1":"cleardaydreaming","p2":"bogarcan","format":"[Gen 9] VGC 2023 Regulation E","log":"|j|\u2606cleardaydreaming\n|j|\u2606bogarcan\n|t:|1700609350\n|gametype|doubles\n|player|p1|cleardaydreaming|winona|1296\n|player|p2|bogarcan|linebacker|1185\n|teamsize|p1|6\n|teamsize|p2|6\n|gen|9\n|tier|[Gen 9] VGC 2023 Regulation E\n|rated|\n|rule|Species Clause: Limit one of each Pok\u00e9mon\n|rule|Item Clause: Limit one of each item\n|clearpoke\n|poke|p1|Shiftry, L50, F|\n|poke|p1|Tornadus, L50, M|\n|poke|p1|Flutter Mane, L50|\n|poke|p1|Ogerpon-Wellspring, L50, F|\n|poke|p1|Landorus-Therian, L50, M|\n|poke|p1|Gholdengo, L50|\n|poke|p2|Frosmoth, L50, M|\n|poke|p2|Oranguru, L50, F|\n|poke|p2|Ursaluna-Bloodmoon, L50, M|\n|poke|p2|Rillaboom, L50, F|\n|poke|p2|Regidrago, L50|\n|poke|p2|Heatran, L50, M|\n|teampreview|4\n|inactive|Battle timer is ON: inactive players will automatically lose when time's up. (requested by bogarcan)\n|inactive|cleardaydreaming has 60 seconds left.\n|inactive|bogarcan has 60 seconds left.\n|inactive|bogarcan has 30 seconds left.\n|\n|t:|1700609415\n|start\n|switch|p1a: Tornadus|Tornadus, L50, M|100\/100\n|switch|p1b: Gholdengo|Gholdengo, L50|100\/100\n|switch|p2a: Frosmoth|Frosmoth, L50, M|100\/100\n|switch|p2b: Regidrago|Regidrago, L50|100\/100\n|turn|1\n|-message|bogarcan forfeited.\n|\n|win|cleardaydreaming\n|raw|cleardaydreaming's rating: 1296 &rarr; <strong>1313<\/strong><br \/>(+17 for winning)\n|raw|bogarcan's rating: 1185 &rarr; <strong>1168<\/strong><br \/>(-17 for losing)\n|l|\u2606bogarcan\n","uploadtime":1700609441,"views":10,"p1id":"cleardaydreaming","p2id":"bogarcan","formatid":"gen9vgc2023regulatione","rating":1168,"private":0,"password":""}