{"id":"gen9vgc2023regulatione-1992899509","p1":"osumakitajima","p2":"phatpleb24","format":"[Gen 9] VGC 2023 Regulation E","log":"|j|\u2606osumakitajima\n|j|\u2606phatpleb24\n|t:|1700245092\n|gametype|doubles\n|player|p1|osumakitajima|169|1187\n|player|p2|phatpleb24|elesa-gen5bw2|1105\n|teamsize|p1|6\n|teamsize|p2|6\n|gen|9\n|tier|[Gen 9] VGC 2023 Regulation E\n|rated|\n|rule|Species Clause: Limit one of each Pok\u00e9mon\n|rule|Item Clause: Limit one of each item\n|clearpoke\n|poke|p1|Articuno-Galar, L50|\n|poke|p1|Torkoal, L50, M|\n|poke|p1|Leafeon, L50, M|\n|poke|p1|Iron Hands, L50|\n|poke|p1|Flutter Mane, L50|\n|poke|p1|Samurott, L50, M|\n|poke|p2|Golem-Alola, L50, F|\n|poke|p2|Sinistcha, L50|\n|poke|p2|Dondozo, L50, F|\n|poke|p2|Iron Hands, L50|\n|poke|p2|Maushold, L50|\n|poke|p2|Rabsca, L50, M|\n|teampreview|4\n|inactive|Battle timer is ON: inactive players will automatically lose when time's up. (requested by phatpleb24)\n|inactive|osumakitajima has 60 seconds left.\n|\n|t:|1700245135\n|start\n|switch|p1a: Articuno|Articuno-Galar, L50|100\/100\n|switch|p1b: Iron Hands|Iron Hands, L50, shiny|100\/100\n|switch|p2a: Sinistcha|Sinistcha, L50|100\/100\n|switch|p2b: Iron Hands|Iron Hands, L50|100\/100\n|turn|1\n|\n|t:|1700245157\n|-terastallize|p1a: Articuno|Ghost\n|move|p1b: Iron Hands|Protect|p1b: Iron Hands\n|-singleturn|p1b: Iron Hands|Protect\n|move|p2b: Iron Hands|Fake Out|p1a: Articuno\n|-immune|p1a: Articuno\n|move|p1a: Articuno|Trick Room|p1a: Articuno\n|-fieldstart|move: Trick Room|[of] p1a: Articuno\n|move|p2a: Sinistcha|Trick Room|p2a: Sinistcha\n|-fieldend|move: Trick Room\n|\n|upkeep\n|turn|2\n|inactive|osumakitajima has 30 seconds left.\n|\n|t:|1700245187\n|move|p1a: Articuno|Freezing Glare|p2a: Sinistcha\n|-damage|p2a: Sinistcha|52\/100\n|move|p2a: Sinistcha|Nasty Plot|p2a: Sinistcha\n|-boost|p2a: Sinistcha|spa|2\n|move|p2b: Iron Hands|Drain Punch|p1b: Iron Hands\n|-crit|p1b: Iron Hands\n|-damage|p1b: Iron Hands|58\/100\n|move|p1b: Iron Hands|Drain Punch|p2b: Iron Hands\n|-damage|p2b: Iron Hands|74\/100\n|-heal|p1b: Iron Hands|72\/100|[from] drain|[of] p2b: Iron Hands\n|\n|upkeep\n|turn|3\n|inactive|osumakitajima has 30 seconds left.\n|inactive|phatpleb24 has 30 seconds left.\n|\n|t:|1700245216\n|-end|p2b: Iron Hands|Quark Drive|[silent]\n|switch|p2b: Golem|Golem-Alola, L50, F|100\/100\n|move|p1a: Articuno|Freezing Glare|p2a: Sinistcha\n|-damage|p2a: Sinistcha|8\/100\n|move|p1b: Iron Hands|Wild Charge|p2a: Sinistcha\n|-resisted|p2a: Sinistcha\n|-damage|p2a: Sinistcha|0 fnt\n|faint|p2a: Sinistcha\n|-damage|p1b: Iron Hands|70\/100|[from] Recoil\n|\n|upkeep\n|\n|t:|1700245225\n|switch|p2a: Iron Hands|Iron Hands, L50|74\/100\n|turn|4\n|\n|t:|1700245249\n|-end|p2a: Iron Hands|Quark Drive|[silent]\n|switch|p2a: Dondozo|Dondozo, L50, F|100\/100\n|-terastallize|p2b: Golem|Electric\n|move|p1a: Articuno|Freezing Glare|p2b: Golem\n|-damage|p2b: Golem|32\/100\n|move|p1b: Iron Hands|Drain Punch|p2b: Golem\n|-damage|p2b: Golem|0 fnt\n|-heal|p1b: Iron Hands|83\/100|[from] drain|[of] p2b: Golem\n|faint|p2b: Golem\n|\n|upkeep\n|-message|phatpleb24 forfeited.\n|\n|win|osumakitajima\n|raw|osumakitajima's rating: 1187 &rarr; <strong>1206<\/strong><br \/>(+19 for winning)\n|raw|phatpleb24's rating: 1105 &rarr; <strong>1086<\/strong><br \/>(-19 for losing)\n|l|\u2606phatpleb24\n","uploadtime":1700245277,"views":53,"p1id":"osumakitajima","p2id":"phatpleb24","formatid":"gen9vgc2023regulatione","rating":1086,"private":0,"password":""}