{"id":"gen9vgc2023regulatione-1998963321","p1":"ale19p","p2":"Heyo10","format":"[Gen 9] VGC 2023 Regulation E","log":"|j|\u2606ale19p\n|j|\u2606Heyo10\n|t:|1701018349\n|gametype|doubles\n|player|p1|ale19p|102|1076\n|player|p2|Heyo10|102|1023\n|teamsize|p1|6\n|teamsize|p2|6\n|gen|9\n|tier|[Gen 9] VGC 2023 Regulation E\n|rated|\n|rule|Species Clause: Limit one of each Pok\u00e9mon\n|rule|Item Clause: Limit one of each item\n|clearpoke\n|poke|p1|Iron Valiant, L50|\n|poke|p1|Sinistcha, L50|\n|poke|p1|Maushold-Four, L50|\n|poke|p1|Annihilape, L50, M|\n|poke|p1|Rillaboom, L50, F|\n|poke|p1|Ninetales-Alola, L50, M|\n|poke|p2|Grimmsnarl, L50, M|\n|poke|p2|Iron Hands, L50|\n|poke|p2|Flutter Mane, L50|\n|poke|p2|Landorus-Therian, L50, M|\n|poke|p2|Primeape, L50, F|\n|poke|p2|Meowscarada, L50, M|\n|teampreview|4\n|\n|t:|1701018380\n|start\n|switch|p1a: Annihilape|Annihilape, L50, M|100\/100\n|switch|p1b: Rillaboom|Rillaboom, L50, F|100\/100\n|switch|p2a: Meowscarada|Meowscarada, L50, M|100\/100\n|switch|p2b: Primeape|Primeape, L50, F|100\/100\n|-fieldstart|move: Grassy Terrain|[from] ability: Grassy Surge|[of] p1b: Rillaboom\n|turn|1\n|\n|t:|1701018393\n|-terastallize|p2b: Primeape|Fire\n|move|p1b: Rillaboom|Fake Out|p2a: Meowscarada\n|-damage|p2a: Meowscarada|84\/100\n|cant|p2a: Meowscarada|flinch\n|move|p2b: Primeape|Fire Punch|p1b: Rillaboom\n|-supereffective|p1b: Rillaboom\n|-damage|p1b: Rillaboom|43\/100\n|move|p1a: Annihilape|Bulk Up|p1a: Annihilape\n|-boost|p1a: Annihilape|atk|1\n|-boost|p1a: Annihilape|def|1\n|\n|-heal|p2a: Meowscarada|90\/100|[from] Grassy Terrain\n|-heal|p2a: Meowscarada|96\/100|[from] item: Leftovers\n|-heal|p1b: Rillaboom|48\/100|[from] Grassy Terrain\n|upkeep\n|turn|2\n|\n|t:|1701018429\n|move|p2a: Meowscarada|Flower Trick|p2b: Primeape\n|-start|p2a: Meowscarada|typechange|Grass|[from] ability: Protean\n|-resisted|p2b: Primeape\n|-crit|p2b: Primeape\n|-damage|p2b: Primeape|70\/100\n|-setboost|p2b: Primeape|atk|6|[from] ability: Anger Point\n|move|p2b: Primeape|Rage Fist|p1a: Annihilape\n|-supereffective|p1a: Annihilape\n|-damage|p1a: Annihilape|0 fnt\n|faint|p1a: Annihilape\n|move|p1b: Rillaboom|U-turn|p2a: Meowscarada\n|-supereffective|p2a: Meowscarada\n|-damage|p2a: Meowscarada|38\/100\n|-message|ale19p forfeited.\n|\n|win|Heyo10\n|raw|ale19p's rating: 1076 &rarr; <strong>1051<\/strong><br \/>(-25 for losing)\n|raw|Heyo10's rating: 1023 &rarr; <strong>1065<\/strong><br \/>(+42 for winning)\n|l|\u2606ale19p\n","uploadtime":1701018453,"views":5,"p1id":"ale19p","p2id":"heyo10","formatid":"gen9vgc2023regulatione","rating":1051,"private":0,"password":""}