{"id":"gen9vgc2023regulatione-1993720588","p1":"Pokemon kill squad","p2":"Sun mack2828","format":"[Gen 9] VGC 2023 Regulation E","log":"|j|\u2606Pokemon kill squad\n|j|\u2606Sun mack2828\n|n|\u2606Pokemon kill squad|pokemonkillsquad\n|n|\u2606Sun mack2828|sunmack2828\n|html|View the match progress at <a href=\"\/game-bestof3-gen9vgc2023regulatione-1993720587\">game-bestof3-gen9vgc2023regulatione-1993720587<\/a>\n|t:|1700349344\n|gametype|doubles\n|player|p1|Pokemon kill squad|170|\n|player|p2|Sun mack2828|bruno|\n|teamsize|p1|6\n|teamsize|p2|6\n|gen|9\n|tier|[Gen 9] VGC 2023 Regulation E\n|rule|Species Clause: Limit one of each Pok\u00e9mon\n|rule|Item Clause: Limit one of each item\n|clearpoke\n|poke|p1|Torkoal, L50, M|\n|poke|p1|Lilligant-Hisui, L50, F|\n|poke|p1|Regieleki, L50|\n|poke|p1|Flutter Mane, L50|\n|poke|p1|Indeedee-F, L50, F|\n|poke|p1|Armarouge, L50, M|\n|poke|p2|Roaring Moon, L50|\n|poke|p2|Arcanine-Hisui, L50, M|\n|poke|p2|Urshifu-*, L50, F|\n|poke|p2|Gholdengo, L50|\n|poke|p2|Thundurus-Therian, L50, M|\n|poke|p2|Rillaboom, L50, M|\n|teampreview|4\n|inactive|Battle timer is ON: inactive players will automatically lose when time's up. (requested by Sun mack2828)\n|\n|t:|1700349378\n|start\n|switch|p1a: Lilligant|Lilligant-Hisui, L50, F, shiny|100\/100\n|switch|p1b: Regieleki|Regieleki, L50, shiny|100\/100\n|switch|p2a: Gholdengo|Gholdengo, L50|100\/100\n|switch|p2b: Thundurus|Thundurus-Therian, L50, M|100\/100\n|turn|1\n|inactive|Sun mack2828 has 30 seconds left.\n|inactive|Pokemon kill squad has 30 seconds left.\n|\n|t:|1700349414\n|-terastallize|p1b: Regieleki|Ice\n|move|p1a: Lilligant|Protect|p1a: Lilligant\n|-singleturn|p1a: Lilligant|Protect\n|move|p1b: Regieleki|Tera Blast|p2b: Thundurus|[anim] Tera Blast Ice\n|-supereffective|p2b: Thundurus\n|-damage|p2b: Thundurus|31\/100\n|move|p2b: Thundurus|Wildbolt Storm|p1b: Regieleki|[spread] p1b\n|-activate|p1a: Lilligant|move: Protect\n|-damage|p1b: Regieleki|27\/100\n|move|p2a: Gholdengo|Nasty Plot|p2a: Gholdengo\n|-boost|p2a: Gholdengo|spa|2\n|\n|upkeep\n|turn|2\n|\n|t:|1700349435\n|switch|p2b: Arcanine|Arcanine-Hisui, L50, M|100\/100\n|-ability|p2b: Arcanine|Intimidate|boost\n|-unboost|p1a: Lilligant|atk|1\n|-unboost|p1b: Regieleki|atk|1\n|move|p1b: Regieleki|Tera Blast|p2b: Arcanine|[anim] Tera Blast Ice\n|-resisted|p2b: Arcanine\n|-damage|p2b: Arcanine|77\/100\n|move|p1a: Lilligant|Encore|p2a: Gholdengo\n|-immune|p2a: Gholdengo|[from] ability: Good as Gold\n|move|p2a: Gholdengo|Make It Rain|p1b: Regieleki|[spread] p1a,p1b\n|-crit|p1a: Lilligant\n|-supereffective|p1b: Regieleki\n|-damage|p1a: Lilligant|0 fnt\n|-damage|p1b: Regieleki|0 fnt\n|-unboost|p2a: Gholdengo|spa|1\n|faint|p1a: Lilligant\n|faint|p1b: Regieleki\n|-damage|p2a: Gholdengo|91\/100|[from] item: Life Orb\n|\n|upkeep\n|\n|t:|1700349448\n|switch|p1b: Torkoal|Torkoal, L50, M, shiny|100\/100\n|switch|p1a: Flutter Mane|Flutter Mane, L50, shiny|100\/100\n|-weather|SunnyDay|[from] ability: Drought|[of] p1b: Torkoal\n|-activate|p1a: Flutter Mane|ability: Protosynthesis\n|-start|p1a: Flutter Mane|protosynthesisspa\n|turn|3\n|\n|t:|1700349465\n|-terastallize|p2a: Gholdengo|Dragon\n|move|p1a: Flutter Mane|Shadow Ball|p2a: Gholdengo\n|-damage|p2a: Gholdengo|29\/100\n|move|p2b: Arcanine|Rock Slide|p1a: Flutter Mane|[spread] p1a,p1b\n|-supereffective|p1b: Torkoal\n|-damage|p1a: Flutter Mane|27\/100\n|-damage|p1b: Torkoal|41\/100\n|move|p2a: Gholdengo|Make It Rain|p1b: Torkoal|[spread] p1a,p1b\n|-supereffective|p1a: Flutter Mane\n|-resisted|p1b: Torkoal\n|-damage|p1a: Flutter Mane|0 fnt\n|-damage|p1b: Torkoal|0 fnt\n|-unboost|p2a: Gholdengo|spa|1\n|faint|p1a: Flutter Mane\n|-end|p1a: Flutter Mane|Protosynthesis|[silent]\n|faint|p1b: Torkoal\n|-damage|p2a: Gholdengo|19\/100|[from] item: Life Orb\n|\n|win|Sun mack2828\n|inactive|Pokemon kill squad has 50 seconds to confirm battle start!\n|inactive|Sun mack2828 has 50 seconds to confirm battle start!\n|c|&|\/uhtml prompt-pokemonkillsquad,Pokemon kill squad is ready for game 2!\n|inactive|Sun mack2828 has 40 seconds to confirm battle start!\n","uploadtime":1700349486,"views":11,"p1id":"pokemonkillsquad","p2id":"sunmack2828","formatid":"gen9vgc2023regulatione","rating":0,"private":0,"password":""}