{"id":"gen9vgc2023regulatione-1989989495","p1":"braislago98","p2":"eljulius","format":"[Gen 9] VGC 2023 Regulation E","log":"|j|\u2606braislago98\n|j|\u2606eljulius\n|t:|1699913055\n|gametype|doubles\n|player|p1|braislago98|102|\n|player|p2|eljulius|266|\n|teamsize|p1|6\n|teamsize|p2|6\n|gen|9\n|tier|[Gen 9] VGC 2023 Regulation E\n|rule|Species Clause: Limit one of each Pok\u00e9mon\n|rule|Item Clause: Limit one of each item\n|clearpoke\n|poke|p1|Chien-Pao, L50|\n|poke|p1|Flutter Mane, L50|\n|poke|p1|Tornadus, L50, M|\n|poke|p1|Ogerpon-Wellspring, L50, F|\n|poke|p1|Arcanine-Hisui, L50, F|\n|poke|p1|Iron Hands, L50|\n|poke|p2|Lilligant, L50, F|\n|poke|p2|Torkoal, L50, F|\n|poke|p2|Flutter Mane, L50|\n|poke|p2|Kingambit, L50, F|\n|poke|p2|Dragonite, L50, F|\n|poke|p2|Great Tusk, L50|\n|teampreview|4\nbraislago98 has agreed to open team sheets.\neljulius has agreed to open team sheets.\n|showteam|p1|Chien-Pao||FocusSash|SwordofRuin|IcicleCrash,SuckerPunch,SacredSword,Protect||||||50|,,,,,Ghost]Flutter Mane||BoosterEnergy|Protosynthesis|Moonblast,DazzlingGleam,ShadowBall,Protect||||||50|,,,,,Fairy]Tornadus||CovertCloak|Prankster|Tailwind,RainDance,BleakwindStorm,Taunt|||M|||50|,,,,,Steel]Ogerpon-Wellspring||WellspringMask|WaterAbsorb|IvyCudgel,HornLeech,Uturn,SpikyShield|||F|||50|,,,,,Water]Arcanine-Hisui||ChoiceBand|Intimidate|ExtremeSpeed,FlareBlitz,RockSlide,TeraBlast|||F|||50|,,,,,Fairy]Iron Hands||AssaultVest|QuarkDrive|WildCharge,DrainPunch,HeavySlam,FakeOut||||||50|,,,,,Water\n|showteam|p2|Lilligant||FocusSash|Chlorophyll|SleepPowder,LeafStorm,AfterYou,Protect|||F|||50|,,,,,Ghost]Torkoal||Charcoal|Drought|Eruption,Flamethrower,EarthPower,Protect|||F|||50|,,,,,Ground]Flutter Mane||ChoiceSpecs|Protosynthesis|Moonblast,DazzlingGleam,ShadowBall,MysticalFire||||||50|,,,,,Fire]Kingambit||AssaultVest|Defiant|KowtowCleave,SuckerPunch,IronHead,TeraBlast|||F|||50|,,,,,Flying]Dragonite||WeaknessPolicy|Multiscale|TeraBlast,IceSpinner,ExtremeSpeed,Protect|||F|||50|,,,,,Flying]Great Tusk||ChoiceScarf|Protosynthesis|HeadlongRush,IceSpinner,CloseCombat,RockSlide||||||50|,,,,,Ice\n|\n|t:|1699913086\n|start\n|switch|p1a: Tornadus|Tornadus, L50, M|100\/100\n|switch|p1b: Arcanine|Arcanine-Hisui, L50, F|100\/100\n|switch|p2a: FANCY|Flutter Mane, L50, shiny|100\/100\n|switch|p2b: Trouble|Great Tusk, L50, shiny|100\/100\n|-ability|p1b: Arcanine|Intimidate|boost\n|-unboost|p2a: FANCY|atk|1\n|-unboost|p2b: Trouble|atk|1\n|turn|1\n|inactive|Battle timer is ON: inactive players will automatically lose when time's up. (requested by braislago98)\n|inactive|braislago98 has 60 seconds left.\n|inactive|eljulius has 60 seconds left.\n|\n|t:|1699913149\n|move|p1a: Tornadus|Tailwind|p1a: Tornadus\n|-sidestart|p1: braislago98|move: Tailwind\n|move|p1b: Arcanine|Flare Blitz|p2a: FANCY\n|-damage|p2a: FANCY|0 fnt\n|faint|p2a: FANCY\n|-end|p2a: FANCY|Protosynthesis|[silent]\n|-damage|p1b: Arcanine|76\/100|[from] Recoil\n|move|p2b: Trouble|Headlong Rush|p1b: Arcanine\n|-supereffective|p1b: Arcanine\n|-damage|p1b: Arcanine|0 fnt\n|-unboost|p2b: Trouble|def|1\n|-unboost|p2b: Trouble|spd|1\n|faint|p1b: Arcanine\n|\n|upkeep\n|\n|t:|1699913161\n|switch|p2a: Breakthrough|Torkoal, L50, F, shiny|100\/100\n|switch|p1b: Ogerpon|Ogerpon-Wellspring, L50, F|100\/100\n|-weather|SunnyDay|[from] ability: Drought|[of] p2a: Breakthrough\n|-activate|p2b: Trouble|ability: Protosynthesis\n|-start|p2b: Trouble|protosynthesisspe\n|turn|2\n|\n|t:|1699913177\n|-end|p2b: Trouble|Protosynthesis|[silent]\n|switch|p2b: TT|Lilligant, L50, F, shiny|100\/100\n|-terastallize|p1b: Ogerpon|Water\n|detailschange|p1b: Ogerpon|Ogerpon-Wellspring-Tera, L50, F, tera:Water\n|-ability|p1b: Ogerpon|Embody Aspect (Wellspring)|boost\n|-boost|p1b: Ogerpon|spd|1\n|move|p1a: Tornadus|Rain Dance|p1a: Tornadus\n|-weather|RainDance\n|move|p1b: Ogerpon|Ivy Cudgel|p2b: TT\n|-resisted|p2b: TT\n|-damage|p2b: TT|3\/100\n|move|p2a: Breakthrough|Flamethrower|p1a: Tornadus\n|-damage|p1a: Tornadus|76\/100\n|\n|-weather|RainDance|[upkeep]\n|upkeep\n|turn|3\n|\n|t:|1699913196\n|switch|p2a: Trouble|Great Tusk, L50, shiny|100\/100\n|move|p2b: TT|Protect|p2b: TT\n|-singleturn|p2b: TT|Protect\n|move|p1b: Ogerpon|Ivy Cudgel|p2a: Trouble\n|-supereffective|p2a: Trouble\n|-damage|p2a: Trouble|0 fnt\n|faint|p2a: Trouble\n|-end|p2a: Trouble|Protosynthesis|[silent]\n|move|p1a: Tornadus|Bleakwind Storm|p2b: TT\n|-activate|p2b: TT|move: Protect\n|\n|-weather|RainDance|[upkeep]\n|upkeep\n|\n|t:|1699913200\n|switch|p2a: Breakthrough|Torkoal, L50, F, shiny|100\/100\n|-weather|SunnyDay|[from] ability: Drought|[of] p2a: Breakthrough\n|turn|4\n|\n|t:|1699913218\n|-terastallize|p2a: Breakthrough|Ground\n|move|p1a: Tornadus|Rain Dance|p1a: Tornadus\n|-weather|RainDance\n|move|p1b: Ogerpon|Ivy Cudgel|p2a: Breakthrough\n|-supereffective|p2a: Breakthrough\n|-damage|p2a: Breakthrough|0 fnt\n|faint|p2a: Breakthrough\n|move|p2b: TT|After You||[still]\n|-fail|p2b: TT\n|\n|-weather|RainDance|[upkeep]\n|-sideend|p1: braislago98|move: Tailwind\n|upkeep\n|turn|5\n|inactive|braislago98 has 30 seconds left.\n|inactive|eljulius has 30 seconds left.\n|inactive|eljulius has 20 seconds left.\n|inactive|eljulius has 15 seconds left.\n|inactive|eljulius has 10 seconds left.\n|inactive|eljulius has 5 seconds left.\n|\n|t:|1699913273\n|move|p1b: Ogerpon|U-turn|p2b: TT\n|-supereffective|p2b: TT\n|-damage|p2b: TT|0 fnt\n|faint|p2b: TT\n|\n|win|braislago98\n|l|\u2606braislago98\n","uploadtime":1699913288,"views":14,"p1id":"braislago98","p2id":"eljulius","formatid":"gen9vgc2023regulatione","rating":0,"private":0,"password":""}