{"id":"gen9vgc2023regulatione-1994941066","p1":"BonleyVGC","p2":"tom hallo","format":"[Gen 9] VGC 2023 Regulation E","log":"|j|\u2606BonleyVGC\n|j|\u2606tom hallo\n|t:|1700506595\n|gametype|doubles\n|player|p1|BonleyVGC|dancer|1282\n|player|p2|tom hallo|1|1302\n|teamsize|p1|6\n|teamsize|p2|6\n|gen|9\n|tier|[Gen 9] VGC 2023 Regulation E\n|rated|\n|rule|Species Clause: Limit one of each Pok\u00e9mon\n|rule|Item Clause: Limit one of each item\n|clearpoke\n|poke|p1|Thundurus, L50, M|\n|poke|p1|Empoleon, L50, F|\n|poke|p1|Gastrodon, L50, M|\n|poke|p1|Pelipper, L50, M|\n|poke|p1|Tyranitar, L50, M|\n|poke|p1|Drednaw, L50, M|\n|poke|p2|Regieleki, L50|\n|poke|p2|Tornadus, L50, M|\n|poke|p2|Corviknight, L50, F|\n|poke|p2|Dragapult, L50, F|\n|poke|p2|Urshifu-*, L50, M|\n|poke|p2|Indeedee-F, L50, F|\n|teampreview|4\n|\n|t:|1700506631\n|start\n|switch|p1a: Tyranitar|Tyranitar, L50, M|100\/100\n|switch|p1b: Thundurus|Thundurus, L50, M|100\/100\n|switch|p2a: Tornadus|Tornadus, L50, M|100\/100\n|switch|p2b: Regieleki|Regieleki, L50|100\/100\n|-weather|Sandstorm|[from] ability: Sand Stream|[of] p1a: Tyranitar\n|turn|1\n|\n|t:|1700506662\n|-terastallize|p2b: Regieleki|Ice\n|move|p2a: Tornadus|Rain Dance|p2a: Tornadus\n|-weather|RainDance\n|move|p1b: Thundurus|Eerie Impulse|p2b: Regieleki\n|-unboost|p2b: Regieleki|spa|2\n|move|p2b: Regieleki|Tera Blast|p1a: Tyranitar|[anim] Tera Blast Ice\n|-damage|p1a: Tyranitar|84\/100\n|move|p1a: Tyranitar|Rock Slide|p2a: Tornadus|[spread] p2a,p2b\n|-supereffective|p2a: Tornadus\n|-supereffective|p2b: Regieleki\n|-damage|p2a: Tornadus|30\/100\n|-damage|p2b: Regieleki|0 fnt\n|faint|p2b: Regieleki\n|\n|-weather|RainDance|[upkeep]\n|upkeep\n|\n|t:|1700506679\n|switch|p2b: Corviknight|Corviknight, L50, F|100\/100\n|turn|2\n|\n|t:|1700506699\n|switch|p1a: Gastrodon|Gastrodon, L50, M|100\/100\n|move|p2a: Tornadus|Tailwind|p2a: Tornadus\n|-sidestart|p2: tom hallo|move: Tailwind\n|move|p2b: Corviknight|Iron Defense|p2b: Corviknight\n|-boost|p2b: Corviknight|def|2\n|move|p1b: Thundurus|Wildbolt Storm|p2b: Corviknight|[spread] p2a,p2b\n|-supereffective|p2a: Tornadus\n|-supereffective|p2b: Corviknight\n|-damage|p2a: Tornadus|0 fnt\n|-damage|p2b: Corviknight|21\/100\n|faint|p2a: Tornadus\n|\n|-weather|RainDance|[upkeep]\n|-heal|p2b: Corviknight|27\/100|[from] item: Leftovers\n|upkeep\n|\n|t:|1700506711\n|switch|p2a: Dragapult|Dragapult, L50, F|100\/100\n|turn|3\n|\n|t:|1700506727\n|move|p2a: Dragapult|Dragon Darts|p1b: Thundurus\n|-damage|p1b: Thundurus|65\/100\n|-anim|p2a: Dragapult|Dragon Darts|p1a: Gastrodon\n|-damage|p1a: Gastrodon|71\/100\n|move|p2b: Corviknight|Roost|p2b: Corviknight\n|-heal|p2b: Corviknight|78\/100\n|-singleturn|p2b: Corviknight|move: Roost\n|move|p1b: Thundurus|Wildbolt Storm|p2a: Dragapult|[spread] p2a,p2b\n|-resisted|p2a: Dragapult\n|-damage|p2a: Dragapult|74\/100\n|-damage|p2b: Corviknight|37\/100\n|move|p1a: Gastrodon|Ice Beam|p2a: Dragapult\n|-supereffective|p2a: Dragapult\n|-damage|p2a: Dragapult|2\/100\n|-status|p2a: Dragapult|frz\n|\n|-weather|RainDance|[upkeep]\n|-heal|p2b: Corviknight|42\/100|[from] item: Leftovers\n|-heal|p1a: Gastrodon|77\/100|[from] item: Leftovers\n|upkeep\n|turn|4\n|-message|tom hallo forfeited.\n|\n|win|BonleyVGC\n|raw|BonleyVGC's rating: 1282 &rarr; <strong>1308<\/strong><br \/>(+26 for winning)\n|raw|tom hallo's rating: 1302 &rarr; <strong>1281<\/strong><br \/>(-21 for losing)\n|l|\u2606tom hallo\n","uploadtime":1700506751,"views":7,"p1id":"bonleyvgc","p2id":"tomhallo","formatid":"gen9vgc2023regulatione","rating":1281,"private":0,"password":""}