{"id":"gen9vgc2023regulatione-1988887650","p1":"Luxsage","p2":"ha7","format":"[Gen 9] VGC 2023 Regulation E","log":"|j|\u2606Luxsage\n|j|\u2606ha7\n|t:|1699781501\n|gametype|doubles\n|player|p1|Luxsage|volkner|1128\n|player|p2|ha7|bianca|1194\n|teamsize|p1|6\n|teamsize|p2|6\n|gen|9\n|tier|[Gen 9] VGC 2023 Regulation E\n|rated|\n|rule|Species Clause: Limit one of each Pok\u00e9mon\n|rule|Item Clause: Limit one of each item\n|clearpoke\n|poke|p1|Pyroar, L50, F|\n|poke|p1|Tornadus, L50, M|\n|poke|p1|Ogerpon-Wellspring, L50, F|\n|poke|p1|Chi-Yu, L50|\n|poke|p1|Sandy Shocks, L50|\n|poke|p1|Tauros-Paldea-Aqua, L50, M|\n|poke|p2|Urshifu-*, L50, M|\n|poke|p2|Tornadus, L50, M|\n|poke|p2|Regidrago, L50|\n|poke|p2|Rillaboom, L50, F|\n|poke|p2|Arcanine-Hisui, L50, M|\n|poke|p2|Gholdengo, L50|\n|teampreview|4\n|inactive|Battle timer is ON: inactive players will automatically lose when time's up. (requested by Luxsage)\n|inactive|Luxsage has 60 seconds left.\n|inactive|ha7 has 60 seconds left.\n|\n|t:|1699781551\n|start\n|switch|p1a: Tornadus|Tornadus, L50, M|100\/100\n|switch|p1b: Sandy Shocks|Sandy Shocks, L50|100\/100\n|switch|p2a: Fresh avacado|Arcanine-Hisui, L50, M|100\/100\n|switch|p2b: Grandma|Regidrago, L50|100\/100\n|-ability|p2a: Fresh avacado|Intimidate|boost\n|-unboost|p1a: Tornadus|atk|1\n|-unboost|p1b: Sandy Shocks|atk|1\n|turn|1\n|inactive|Luxsage has 30 seconds left.\n|inactive|ha7 has 30 seconds left.\n|inactive|Luxsage has 20 seconds left.\n|\n|t:|1699781588\n|switch|p2a: Boogie|Urshifu-Rapid-Strike, L50, M|100\/100\n|-terastallize|p1b: Sandy Shocks|Ice\n|move|p1a: Tornadus|Sunny Day|p1a: Tornadus\n|-weather|SunnyDay\n|-activate|p1b: Sandy Shocks|ability: Protosynthesis\n|-start|p1b: Sandy Shocks|protosynthesisspe\n|move|p1b: Sandy Shocks|Tera Blast|p2b: Grandma|[anim] Tera Blast Ice\n|-supereffective|p2b: Grandma\n|-damage|p2b: Grandma|0 fnt\n|faint|p2b: Grandma\n|-damage|p1b: Sandy Shocks|91\/100|[from] item: Life Orb\n|\n|-weather|SunnyDay|[upkeep]\n|upkeep\n|\n|t:|1699781600\n|switch|p2b: Weeeeeeeeeeee|Tornadus, L50, M|100\/100\n|turn|2\n|\n|t:|1699781615\n|move|p1a: Tornadus|Taunt|p2b: Weeeeeeeeeeee\n|-start|p2b: Weeeeeeeeeeee|move: Taunt\n|cant|p2b: Weeeeeeeeeeee|move: Taunt|Rain Dance\n|move|p1b: Sandy Shocks|Thunderbolt|p2a: Boogie\n|-supereffective|p2a: Boogie\n|-damage|p2a: Boogie|0 fnt\n|faint|p2a: Boogie\n|-damage|p1b: Sandy Shocks|81\/100|[from] item: Life Orb\n|\n|-weather|SunnyDay|[upkeep]\n|upkeep\n|-message|ha7 forfeited.\n|\n|win|Luxsage\n|raw|Luxsage's rating: 1128 &rarr; <strong>1158<\/strong><br \/>(+30 for winning)\n|raw|ha7's rating: 1194 &rarr; <strong>1164<\/strong><br \/>(-30 for losing)\n|l|\u2606ha7\n","uploadtime":1699781637,"views":21,"p1id":"luxsage","p2id":"ha7","formatid":"gen9vgc2023regulatione","rating":1158,"private":0,"password":""}