{"id":"gen9vgc2023regulatione-1996758151","p1":"xingshen","p2":"Matthew3431","format":"[Gen 9] VGC 2023 Regulation E","log":"|j|\u2606xingshen\n|j|\u2606Matthew3431\n|t:|1700720223\n|gametype|doubles\n|player|p1|xingshen|dawn|1037\n|player|p2|Matthew3431|169|1000\n|teamsize|p1|6\n|teamsize|p2|6\n|gen|9\n|tier|[Gen 9] VGC 2023 Regulation E\n|rated|\n|rule|Species Clause: Limit one of each Pok\u00e9mon\n|rule|Item Clause: Limit one of each item\n|clearpoke\n|poke|p1|Arcanine-Hisui, L50, M|\n|poke|p1|Ogerpon-Cornerstone, L50, F|\n|poke|p1|Heatran, L50, M|\n|poke|p1|Lycanroc, L50, M|\n|poke|p1|Tyranitar, L50, F|\n|poke|p1|Tornadus, L50, M|\n|poke|p2|Aipom, L50, M|\n|poke|p2|Breloom, L50, F|\n|poke|p2|Iron Moth, L50|\n|poke|p2|Cloyster, L50, M|\n|poke|p2|Thundurus, L50, M|\n|poke|p2|Honchkrow, L50, M|\n|teampreview|4\n|\n|t:|1700720241\n|start\n|switch|p1a: Tyranitar|Tyranitar, L50, F, shiny|100\/100\n|switch|p1b: Lycanroc|Lycanroc, L50, M|100\/100\n|switch|p2a: Iron Moth|Iron Moth, L50|100\/100\n|switch|p2b: Thundurus|Thundurus, L50, M|100\/100\n|-weather|Sandstorm|[from] ability: Sand Stream|[of] p1a: Tyranitar\n|turn|1\n|\n|t:|1700720277\n|move|p1b: Lycanroc|Rock Slide|p2b: Thundurus|[spread] p2a\n|-miss|p1b: Lycanroc|p2b: Thundurus\n|-supereffective|p2a: Iron Moth\n|-damage|p2a: Iron Moth|26\/100\n|move|p2b: Thundurus|Lash Out|p1a: Tyranitar\n|-resisted|p1a: Tyranitar\n|-damage|p1a: Tyranitar|92\/100\n|move|p1a: Tyranitar|Rock Slide|p2b: Thundurus|[spread] p2a,p2b\n|-supereffective|p2a: Iron Moth\n|-supereffective|p2b: Thundurus\n|-damage|p2a: Iron Moth|0 fnt\n|-damage|p2b: Thundurus|17\/100\n|faint|p2a: Iron Moth\n|-end|p2a: Iron Moth|Quark Drive|[silent]\n|\n|-weather|Sandstorm|[upkeep]\n|-damage|p2b: Thundurus|11\/100|[from] Sandstorm\n|upkeep\n|\n|t:|1700720295\n|switch|p2a: Breloom|Breloom, L50, F|100\/100\n|turn|2\n|inactive|Battle timer is ON: inactive players will automatically lose when time's up. (requested by Matthew3431)\n|inactiveoff|Battle timer is now OFF.\n|inactive|Battle timer is ON: inactive players will automatically lose when time's up. (requested by xingshen)\n|inactive|Matthew3431 also wants the timer to be on.\n|\n|t:|1700720430\n|switch|p2b: Honchkrow|Honchkrow, L50, M|100\/100\n|-terastallize|p1b: Lycanroc|Flying\n|move|p1b: Lycanroc|Tera Blast|p2a: Breloom|[anim] Tera Blast Flying\n|-supereffective|p2a: Breloom\n|-enditem|p2a: Breloom|Focus Sash\n|-damage|p2a: Breloom|1\/100\n|move|p2a: Breloom|Close Combat|p1b: Lycanroc\n|-resisted|p1b: Lycanroc\n|-damage|p1b: Lycanroc|56\/100\n|-unboost|p2a: Breloom|def|1\n|-unboost|p2a: Breloom|spd|1\n|move|p1a: Tyranitar|Rock Slide|p2a: Breloom|[spread] p2a,p2b\n|-resisted|p2a: Breloom\n|-supereffective|p2b: Honchkrow\n|-damage|p2a: Breloom|0 fnt\n|-damage|p2b: Honchkrow|12\/100\n|faint|p2a: Breloom\n|\n|-weather|Sandstorm|[upkeep]\n|-damage|p2b: Honchkrow|6\/100|[from] Sandstorm\n|upkeep\n|\n|t:|1700720453\n|switch|p2a: Thundurus|Thundurus, L50, M|11\/100\n|turn|3\n|inactive|Matthew3431 has 30 seconds left.\n|inactive|Matthew3431 has 20 seconds left.\n|inactive|Matthew3431 has 15 seconds left.\n|inactive|Matthew3431 has 10 seconds left.\n|inactive|Matthew3431 has 5 seconds left.\n|\n|t:|1700720508\n|move|p1b: Lycanroc|Accelerock|p2a: Thundurus\n|-supereffective|p2a: Thundurus\n|-damage|p2a: Thundurus|0 fnt\n|-damage|p1b: Lycanroc|39\/100|[from] item: Rocky Helmet|[of] p2a: Thundurus\n|faint|p2a: Thundurus\n|move|p2b: Honchkrow|Dark Pulse|p1a: Tyranitar\n|-resisted|p1a: Tyranitar\n|-crit|p1a: Tyranitar\n|-damage|p1a: Tyranitar|74\/100\n|move|p1a: Tyranitar|Rock Slide|p2b: Honchkrow\n|-supereffective|p2b: Honchkrow\n|-damage|p2b: Honchkrow|0 fnt\n|faint|p2b: Honchkrow\n|\n|win|xingshen\n|raw|xingshen's rating: 1037 &rarr; <strong>1068<\/strong><br \/>(+31 for winning)\n|raw|Matthew3431's rating: 1000 &rarr; <strong>1000<\/strong><br \/>(+0 for losing)\n|l|\u2606Matthew3431\n","uploadtime":1700720527,"views":2,"p1id":"xingshen","p2id":"matthew3431","formatid":"gen9vgc2023regulatione","rating":1000,"private":0,"password":""}