{"id":"gen9vgc2023regulatione-1997525406","p1":"FuriouzGold","p2":"zhz2021","format":"[Gen 9] VGC 2023 Regulation E","log":"|j|\u2606FuriouzGold\n|j|\u2606zhz2021\n|t:|1700820178\n|gametype|doubles\n|player|p1|FuriouzGold|nemona-s|1327\n|player|p2|zhz2021|marley|1302\n|teamsize|p1|6\n|teamsize|p2|6\n|gen|9\n|tier|[Gen 9] VGC 2023 Regulation E\n|rated|\n|rule|Species Clause: Limit one of each Pok\u00e9mon\n|rule|Item Clause: Limit one of each item\n|clearpoke\n|poke|p1|Flutter Mane, L50|\n|poke|p1|Landorus-Therian, L50, M|\n|poke|p1|Ogerpon-Hearthflame, L50, F|\n|poke|p1|Sinistcha, L50|\n|poke|p1|Iron Hands, L50|\n|poke|p1|Empoleon, L50, F|\n|poke|p2|Roaring Moon, L50|\n|poke|p2|Weezing-Galar, L50, M|\n|poke|p2|Flutter Mane, L50|\n|poke|p2|Iron Hands, L50|\n|poke|p2|Brambleghast, L50, F|\n|poke|p2|Sinistcha-Masterpiece, L50|\n|teampreview|4\n|inactive|Battle timer is ON: inactive players will automatically lose when time's up. (requested by FuriouzGold)\n|\n|t:|1700820209\n|start\n|switch|p1a: Landorus|Landorus-Therian, L50, M|100\/100\n|switch|p1b: Iron Hands|Iron Hands, L50|100\/100\n|switch|p2a: Gladstone&Disraeli|Weezing-Galar, L50, M|100\/100\n|switch|p2b: Roaring Moon|Roaring Moon, L50|100\/100\n|-ability|p2a: Gladstone&Disraeli|Neutralizing Gas\n|-enditem|p2b: Roaring Moon|Booster Energy\n|-activate|p2b: Roaring Moon|ability: Protosynthesis|[fromitem]\n|-start|p2b: Roaring Moon|protosynthesisspe\n|turn|1\n|\n|t:|1700820228\n|move|p2b: Roaring Moon|Tailwind|p2b: Roaring Moon\n|-sidestart|p2: zhz2021|move: Tailwind\n|move|p2a: Gladstone&Disraeli|Will-O-Wisp|p1a: Landorus\n|-status|p1a: Landorus|brn\n|move|p1a: Landorus|Stomping Tantrum|p2a: Gladstone&Disraeli\n|-supereffective|p2a: Gladstone&Disraeli\n|-damage|p2a: Gladstone&Disraeli|57\/100\n|move|p1b: Iron Hands|Drain Punch|p2b: Roaring Moon\n|-supereffective|p2b: Roaring Moon\n|-damage|p2b: Roaring Moon|0 fnt\n|faint|p2b: Roaring Moon\n|-end|p2b: Roaring Moon|Protosynthesis|[silent]\n|\n|-damage|p1a: Landorus|94\/100 brn|[from] brn\n|upkeep\n|\n|t:|1700820247\n|switch|p2b: Brambleghast|Brambleghast, L50, F|100\/100\n|turn|2\n|inactive|FuriouzGold has 30 seconds left.\n|\n|t:|1700820275\n|-end|p2a: Gladstone&Disraeli|ability: Neutralizing Gas\n|-ability|p2b: Brambleghast|Wind Rider|boost\n|-boost|p2b: Brambleghast|atk|1\n|-ability|p1a: Landorus|Intimidate|boost\n|-unboost|p2a: Gladstone&Disraeli|atk|1\n|-unboost|p2b: Brambleghast|atk|1\n|switch|p2a: Sinistcha|Sinistcha-Masterpiece, L50|100\/100\n|switch|p1a: Ogerpon|Ogerpon-Hearthflame, L50, F|100\/100\n|-ability|p1a: Ogerpon|Mold Breaker\n|move|p2b: Brambleghast|Poltergeist|p1b: Iron Hands\n|-activate|p1b: Iron Hands|move: Poltergeist|Assault Vest\n|-damage|p1b: Iron Hands|49\/100\n|-damage|p2b: Brambleghast|91\/100|[from] item: Life Orb\n|move|p1b: Iron Hands|Heavy Slam|p2a: Sinistcha\n|-damage|p2a: Sinistcha|42\/100\n|\n|upkeep\n|turn|3\n|inactive|FuriouzGold has 30 seconds left.\n|inactive|zhz2021 has 30 seconds left.\n|inactive|zhz2021 has 20 seconds left.\n|inactive|FuriouzGold has 20 seconds left.\n|inactive|zhz2021 has 15 seconds left.\n|inactive|FuriouzGold has 15 seconds left.\n|inactive|zhz2021 has 10 seconds left.\n|\n|t:|1700820323\n|-end|p1b: Iron Hands|Quark Drive|[silent]\n|switch|p1b: Flutter Mane|Flutter Mane, L50|100\/100\n|-enditem|p1b: Flutter Mane|Booster Energy\n|-activate|p1b: Flutter Mane|ability: Protosynthesis|[fromitem]\n|-start|p1b: Flutter Mane|protosynthesisspe\n|-terastallize|p2a: Sinistcha|Water\n|move|p2b: Brambleghast|Poltergeist||[still]\n|-fail|p2b: Brambleghast\n|move|p2a: Sinistcha|Scald|p1a: Ogerpon\n|-damage|p1a: Ogerpon|53\/100\n|move|p1a: Ogerpon|Ivy Cudgel|p2b: Brambleghast|[anim] Ivy Cudgel Fire\n|-supereffective|p2b: Brambleghast\n|-damage|p2b: Brambleghast|0 fnt\n|faint|p2b: Brambleghast\n|\n|upkeep\n|\n|t:|1700820346\n|switch|p2b: Gladstone&Disraeli|Weezing-Galar, L50, M|57\/100\n|-ability|p2b: Gladstone&Disraeli|Neutralizing Gas\n|turn|4\n|inactive|FuriouzGold has 30 seconds left.\n|\n|t:|1700820380\n|move|p2a: Sinistcha|Matcha Gotcha|p1a: Ogerpon|[spread] p1a,p1b\n|-resisted|p1a: Ogerpon\n|-damage|p1a: Ogerpon|46\/100\n|-heal|p2a: Sinistcha|46\/100|[from] drain|[of] p1a: Ogerpon\n|-damage|p1b: Flutter Mane|74\/100\n|-heal|p2a: Sinistcha|61\/100|[from] drain|[of] p1b: Flutter Mane\n|move|p1b: Flutter Mane|Shadow Ball|p2b: Gladstone&Disraeli\n|-damage|p2b: Gladstone&Disraeli|0 fnt\n|faint|p2b: Gladstone&Disraeli\n|-end|p2b: Gladstone&Disraeli|ability: Neutralizing Gas\n|-ability|p1a: Ogerpon|Mold Breaker\n|move|p1a: Ogerpon|Horn Leech|p2a: Sinistcha\n|-supereffective|p2a: Sinistcha\n|-damage|p2a: Sinistcha|0 fnt\n|-heal|p1a: Ogerpon|75\/100|[from] drain|[of] p2a: Sinistcha\n|faint|p2a: Sinistcha\n|\n|win|FuriouzGold\n|raw|FuriouzGold's rating: 1327 &rarr; <strong>1344<\/strong><br \/>(+17 for winning)\n|raw|zhz2021's rating: 1274 &rarr; <strong>1253<\/strong><br \/>(-21 for losing)\n|l|\u2606zhz2021\n|l|\u2606FuriouzGold\n|j|\u2606FuriouzGold\n|player|p1|FuriouzGold|nemona-s\n","uploadtime":1700820413,"views":3,"p1id":"furiouzgold","p2id":"zhz2021","formatid":"gen9vgc2023regulatione","rating":1253,"private":0,"password":""}