{"id":"gen9vgc2023regulatione-1999764276","p1":"draxolotl","p2":"Sir Aaron07","format":"[Gen 9] VGC 2023 Regulation E","log":"|j|\u2606draxolotl\n|j|\u2606Sir Aaron07\n|n|\u2606draxolotl|draxolotl\n|n|\u2606Sir Aaron07|siraaron07\n|html|View the match progress at <a href=\"\/game-bestof3-gen9vgc2023regulatione-1999764275\">game-bestof3-gen9vgc2023regulatione-1999764275<\/a>\n|t:|1701114583\n|gametype|doubles\n|player|p1|draxolotl|2|\n|player|p2|Sir Aaron07|n-masters|\n|teamsize|p1|6\n|teamsize|p2|6\n|gen|9\n|tier|[Gen 9] VGC 2023 Regulation E\n|rated|Tournament battle\n|rule|Species Clause: Limit one of each Pok\u00e9mon\n|rule|Item Clause: Limit one of each item\n|clearpoke\n|poke|p1|Scream Tail, L50|\n|poke|p1|Farigiraf, L50, F|\n|poke|p1|Chien-Pao, L50|\n|poke|p1|Ogerpon-Hearthflame, L50, F|\n|poke|p1|Iron Hands, L50|\n|poke|p1|Landorus-Therian, L50, M|\n|poke|p2|Urshifu-*, L50, M|\n|poke|p2|Gholdengo, L50|\n|poke|p2|Ogerpon-Wellspring, L50, F|\n|poke|p2|Iron Hands, L50|\n|poke|p2|Farigiraf, L50, M|\n|poke|p2|Tornadus, L50, M|\n|teampreview|4\n|showteam|p1|Scream Tail||BoosterEnergy|Protosynthesis|DazzlingGleam,Encore,Disable,Protect||||||50|,,,,,Grass]Farigiraf||SafetyGoggles|ArmorTail|Psychic,DazzlingGleam,TrickRoom,Imprison|||F|||50|,,,,,Fire]Chien-Pao||FocusSash|SwordofRuin|IcicleCrash,Crunch,SuckerPunch,Protect||||||50|,,,,,Ghost]Ogerpon-Hearthflame||HearthflameMask|MoldBreaker|IvyCudgel,PowerWhip,FollowMe,SpikyShield|||F|||50|,,,,,Fire]Iron Hands||AssaultVest|QuarkDrive|DrainPunch,WildCharge,FakeOut,HeavySlam||||||50|,,,,,Fire]Landorus-Therian||ChoiceScarf|Intimidate|StompingTantrum,TeraBlast,Uturn,RockSlide|||M|||50|,,,,,Flying\n|showteam|p2|Urshifu||BlackGlasses|UnseenFist|WickedBlow,SuckerPunch,SwordsDance,Detect|||M|||50|,,,,,Poison]Gholdengo||ChoiceSpecs|GoodasGold|MakeItRain,ShadowBall,Thunderbolt,PowerGem||||||50|,,,,,Steel]Ogerpon-Wellspring||WellspringMask|WaterAbsorb|IvyCudgel,HornLeech,FollowMe,SpikyShield|||F|||50|,,,,,Water]Iron Hands||BoosterEnergy|QuarkDrive|FakeOut,CloseCombat,WildCharge,IcePunch||||||50|,,,,,Grass]Farigiraf||SafetyGoggles|ArmorTail|Psychic,DazzlingGleam,NastyPlot,TrickRoom|||M|||50|,,,,,Fairy]Tornadus||SkyPlate|Prankster|BleakwindStorm,Tailwind,Taunt,ScaryFace|||M|||50|,,,,,Flying\n|inactive|Battle timer is ON: inactive players will automatically lose when time's up. (requested by draxolotl)\n|c|\u2606Sir Aaron07|It's been a while\n|c|\u2606Sir Aaron07|gl\n|c|\u2606draxolotl|yup lol glhfd\n|inactive|draxolotl has 60 seconds left.\n|inactive|Sir Aaron07 has 60 seconds left.\n|\n|t:|1701114641\n|start\n|switch|p1a: :o|Chien-Pao, L50|100\/100\n|switch|p1b: Slandorus|Landorus-Therian, L50, M|100\/100\n|switch|p2a: Scrapper the Great|Iron Hands, L50, shiny|100\/100\n|switch|p2b: Maestro|Tornadus, L50, M|100\/100\n|-ability|p1b: Slandorus|Intimidate|boost\n|-unboost|p2a: Scrapper the Great|atk|1\n|-unboost|p2b: Maestro|atk|1\n|-ability|p1a: :o|Sword of Ruin\n|-enditem|p2a: Scrapper the Great|Booster Energy\n|-activate|p2a: Scrapper the Great|ability: Quark Drive|[fromitem]\n|-start|p2a: Scrapper the Great|quarkdriveatk\n|turn|1\n|inactive|draxolotl has 30 seconds left.\n|\n|t:|1701114673\n|switch|p2b: Gholden Joe|Gholdengo, L50, shiny|100\/100\n|move|p1b: Slandorus|Stomping Tantrum|p2a: Scrapper the Great\n|-supereffective|p2a: Scrapper the Great\n|-damage|p2a: Scrapper the Great|20\/100\n|move|p1a: :o|Icicle Crash|p2a: Scrapper the Great\n|-damage|p2a: Scrapper the Great|0 fnt\n|faint|p2a: Scrapper the Great\n|-end|p2a: Scrapper the Great|Quark Drive|[silent]\n|\n|upkeep\n|\n|t:|1701114681\n|switch|p2a: Maestro|Tornadus, L50, M|100\/100\n|turn|2\n|\n|t:|1701114690\n|switch|p1b: Little BONK|Ogerpon-Hearthflame, L50, F|100\/100\n|-ability|p1b: Little BONK|Mold Breaker\n|-terastallize|p2b: Gholden Joe|Steel\n|move|p2a: Maestro|Tailwind|p2a: Maestro\n|-sidestart|p2: Sir Aaron07|move: Tailwind\n|move|p2b: Gholden Joe|Make It Rain|p1b: Little BONK|[spread] p1a,p1b\n|-supereffective|p1a: :o\n|-resisted|p1b: Little BONK\n|-enditem|p1a: :o|Focus Sash\n|-damage|p1a: :o|1\/100\n|-damage|p1b: Little BONK|53\/100\n|-unboost|p2b: Gholden Joe|spa|1\n|move|p1a: :o|Icicle Crash|p2a: Maestro\n|-supereffective|p2a: Maestro\n|-damage|p2a: Maestro|0 fnt\n|faint|p2a: Maestro\n|\n|upkeep\n|\n|t:|1701114708\n|switch|p2a: Wicked Shades|Urshifu, L50, M|100\/100\n|turn|3\n|c|\u2606draxolotl|bulky oger strikes again\n|\n|t:|1701114729\n|move|p1a: :o|Sucker Punch|p2b: Gholden Joe\n|-damage|p2b: Gholden Joe|53\/100\n|move|p2a: Wicked Shades|Wicked Blow|p1b: Little BONK\n|-crit|p1b: Little BONK\n|-damage|p1b: Little BONK|0 fnt\n|faint|p1b: Little BONK\n|move|p2b: Gholden Joe|Make It Rain|p1a: :o\n|-supereffective|p1a: :o\n|-damage|p1a: :o|0 fnt\n|-unboost|p2b: Gholden Joe|spa|1\n|faint|p1a: :o\n|\n|upkeep\n|\n|t:|1701114731\n|switch|p1a: Fig|Farigiraf, L50, F|100\/100\n|switch|p1b: Slandorus|Landorus-Therian, L50, M|100\/100\n|-ability|p1b: Slandorus|Intimidate|boost\n|-unboost|p2a: Wicked Shades|atk|1\n|-unboost|p2b: Gholden Joe|atk|1\n|turn|4\n|\n|t:|1701114747\n|-terastallize|p1a: Fig|Fire\n|move|p2a: Wicked Shades|Wicked Blow|p1a: Fig\n|-crit|p1a: Fig\n|-damage|p1a: Fig|35\/100\n|move|p2b: Gholden Joe|Make It Rain|p1b: Slandorus|[spread] p1a,p1b\n|-resisted|p1a: Fig\n|-damage|p1a: Fig|14\/100\n|-damage|p1b: Slandorus|44\/100\n|-unboost|p2b: Gholden Joe|spa|1\n|move|p1b: Slandorus|Stomping Tantrum|p2a: Wicked Shades\n|-damage|p2a: Wicked Shades|63\/100\n|move|p1a: Fig|Dazzling Gleam|p2a: Wicked Shades|[spread] p2a,p2b\n|-supereffective|p2a: Wicked Shades\n|-resisted|p2b: Gholden Joe\n|-damage|p2a: Wicked Shades|0 fnt\n|-damage|p2b: Gholden Joe|44\/100\n|faint|p2a: Wicked Shades\n|\n|upkeep\n|turn|5\n|\n|t:|1701114760\n|move|p2b: Gholden Joe|Make It Rain|p1a: Fig|[spread] p1a,p1b\n|-resisted|p1a: Fig\n|-damage|p1a: Fig|0 fnt\n|-damage|p1b: Slandorus|0 fnt\n|-unboost|p2b: Gholden Joe|spa|1\n|faint|p1a: Fig\n|faint|p1b: Slandorus\n|\n|win|Sir Aaron07\n|c|\u2606Sir Aaron07|gg\n|c|&|\/uhtml prompt-draxolotl,draxolotl is ready for game 2!\n|inactive|Sir Aaron07 has 50 seconds to confirm battle start!\n|c|\u2606Sir Aaron07|We just make it rain\n|c|&|\/uhtml prompt-siraaron07,Sir Aaron07 is ready for game 2!\nBoth players are ready! Starting next match!\n|l|\u2606draxolotl\n","uploadtime":1701114980,"views":39,"p1id":"draxolotl","p2id":"siraaron07","formatid":"gen9vgc2023regulatione","rating":0,"private":0,"password":""}