{"id":"gen9vgc2023regulatione-2000235985","p1":"Tempest brute","p2":"magicalarcher57","format":"[Gen 9] VGC 2023 Regulation E","log":"|j|\u2606Tempest brute\n|j|\u2606magicalarcher57\n|t:|1701175847\n|gametype|doubles\n|player|p1|Tempest brute|veteran|\n|player|p2|magicalarcher57|cynthia-gen4|\n|teamsize|p1|6\n|teamsize|p2|6\n|gen|9\n|tier|[Gen 9] VGC 2023 Regulation E\n|rated|Tournament battle\n|clearpoke\n|poke|p1|Gliscor, L50, M|\n|poke|p1|Regidrago, L50|\n|poke|p1|Regidrago, L50|\n|poke|p1|Crawdaunt, L50, F|\n|poke|p1|Regidrago, L50|\n|poke|p1|Regidrago, L50|\n|poke|p2|Regidrago, L50|\n|poke|p2|Regidrago, L50|\n|poke|p2|Regidrago, L50|\n|poke|p2|Regidrago, L50|\n|poke|p2|Regidrago, L50|\n|poke|p2|Regidrago, L50|\n|teampreview|4\n|j| TheRealMyan\n|c|\u2606magicalarcher57|DOWN WITH THE KING\n|c|\u2606Tempest brute|YOU FOOL\n|c|\u2606Tempest brute|all hail king crawdaunt\n|\n|t:|1701175874\n|start\n|switch|p1a: Gliscor|Gliscor, L50, M|100\/100\n|switch|p1b: Regidrago|Regidrago, L50|100\/100\n|switch|p2a: Regidrago|Regidrago, L50|100\/100\n|switch|p2b: Regidrago|Regidrago, L50|100\/100\n|turn|1\n|j| qwertyslopmcflop\n|\n|t:|1701175888\n|-terastallize|p2a: Regidrago|Steel\n|-terastallize|p1a: Gliscor|Fairy\n|move|p1b: Regidrago|Protect|p1b: Regidrago\n|-singleturn|p1b: Regidrago|Protect\n|move|p2a: Regidrago|Dragon Energy|p1b: Regidrago|[spread] \n|-activate|p1b: Regidrago|move: Protect\n|-immune|p1a: Gliscor\n|move|p2b: Regidrago|Dragon Energy|p1b: Regidrago|[spread] \n|-activate|p1b: Regidrago|move: Protect\n|-immune|p1a: Gliscor\n|move|p1a: Gliscor|Tailwind|p1a: Gliscor\n|-sidestart|p1: Tempest brute|move: Tailwind\n|\n|-status|p1a: Gliscor|tox|[from] item: Toxic Orb\n|upkeep\n|turn|2\n|j| pokeveteran04\n|\n|t:|1701175912\n|move|p1a: Gliscor|High Horsepower|p2a: Regidrago\n|-supereffective|p2a: Regidrago\n|-damage|p2a: Regidrago|29\/100\n|move|p2a: Regidrago|Dragon Energy|p1a: Gliscor|[spread] p1b\n|-immune|p1a: Gliscor\n|-supereffective|p1b: Regidrago\n|-enditem|p1b: Regidrago|Haban Berry|[eat]\n|-enditem|p1b: Regidrago|Haban Berry|[weaken]\n|-damage|p1b: Regidrago|88\/100\n|move|p2b: Regidrago|Dragon Energy|p1b: Regidrago|[spread] p1b\n|-immune|p1a: Gliscor\n|-supereffective|p1b: Regidrago\n|-damage|p1b: Regidrago|0 fnt\n|faint|p1b: Regidrago\n|\n|upkeep\n|\n|t:|1701175919\n|switch|p1b: Regidrago|Regidrago, L50|100\/100\n|turn|3\n|j| PenguGuy\n|\n|t:|1701175931\n|move|p1b: Regidrago|Dragon Energy|p2a: Regidrago|[spread] p2a,p2b\n|-resisted|p2a: Regidrago\n|-supereffective|p2b: Regidrago\n|-damage|p2a: Regidrago|0 fnt\n|-damage|p2b: Regidrago|0 fnt\n|faint|p2a: Regidrago\n|faint|p2b: Regidrago\n|move|p1a: Gliscor|High Horsepower|p2: Regidrago|[notarget]\n|-fail|p1a: Gliscor\n|\n|upkeep\n|j| bossman90\n|\n|t:|1701175934\n|switch|p2a: Regidrago|Regidrago, L50|100\/100\n|switch|p2b: Regidrago|Regidrago, L50|100\/100\n|turn|4\n|\n|t:|1701175940\n|move|p1b: Regidrago|Dragon Energy|p2a: Regidrago|[spread] p2a,p2b\n|-supereffective|p2a: Regidrago\n|-supereffective|p2b: Regidrago\n|-damage|p2a: Regidrago|0 fnt\n|-damage|p2b: Regidrago|0 fnt\n|faint|p2a: Regidrago\n|faint|p2b: Regidrago\n|\n|win|Tempest brute\n|n|\u2606Tempest brute|tempestbrute\n|n|\u2606magicalarcher57|magicalarcher57\n|n| TheRealMyan|therealmyan\n|n| qwertyslopmcflop|qwertyslopmcflop\n|n| pokeveteran04|pokeveteran04\n|n| PenguGuy|penguguy\n|n| bossman90|bossman90\n","uploadtime":1701175942,"views":2,"p1id":"tempestbrute","p2id":"magicalarcher57","formatid":"gen9vgc2023regulatione","rating":0,"private":0,"password":""}