{"id":"gen9vgc2023regulatione-1990521536","p1":"Someone#58","p2":"Jammin2","format":"[Gen 9] VGC 2023 Regulation E","log":"|j|\u2606Someone#58\n|j|\u2606Jammin2\n|t:|1699978312\n|gametype|doubles\n|player|p1|Someone#58|169|\n|player|p2|Jammin2|blackbelt-gen4dp|\n|teamsize|p1|6\n|teamsize|p2|6\n|gen|9\n|tier|[Gen 9] VGC 2023 Regulation E\n|rated|Tournament battle\n|rule|Species Clause: Limit one of each Pok\u00e9mon\n|rule|Item Clause: Limit one of each item\n|clearpoke\n|poke|p1|Regieleki, L50|\n|poke|p1|Pelipper, L50, F|\n|poke|p1|Urshifu-*, L50, M|\n|poke|p1|Gholdengo, L50|\n|poke|p1|Rillaboom, L50, M|\n|poke|p1|Landorus-Therian, L50, M|\n|poke|p2|Urshifu-*, L50, F|\n|poke|p2|Farigiraf, L50, F|\n|poke|p2|Clefairy, L50, F|\n|poke|p2|Ogerpon-Hearthflame, L50, F|\n|poke|p2|Ursaluna-Bloodmoon, L50, M|\n|poke|p2|Okidogi, L50, M|\n|teampreview|4\n|showteam|p1|Regieleki||FocusSash|Transistor|Thunderbolt,Electroweb,VoltSwitch,Protect||||||50|,,,,,Ghost]Pelipper||CovertCloak|Drizzle|WideGuard,Hurricane,Tailwind,Protect|||F|||50|,,,,,Steel]Urshifu-Rapid-Strike||MysticWater|UnseenFist|SurgingStrikes,CloseCombat,AquaJet,Detect|||M|||50|,,,,,Water]Gholdengo||Leftovers|GoodasGold|MakeItRain,ShadowBall,NastyPlot,Protect||||||50|,,,,,Dragon]Rillaboom||AssaultVest|GrassySurge|GrassyGlide,WoodHammer,FakeOut,Uturn|||M|||50|,,,,,Fire]Landorus-Therian||ChoiceScarf|Intimidate|StompingTantrum,TeraBlast,RockSlide,Uturn|||M|||50|,,,,,Flying\n|showteam|p2|Urshifu||FocusSash|UnseenFist|WickedBlow,SuckerPunch,Uturn,CloseCombat|||F|||50|,,,,,Dark]Farigiraf||SitrusBerry|ArmorTail|Psychic,DazzlingGleam,NastyPlot,TrickRoom|||F|||50|,,,,,Fire]Clefairy||Eviolite|FriendGuard|Protect,HelpingHand,FollowMe,HealPulse|||F|||50|,,,,,Grass]Ogerpon-Hearthflame||HearthflameMask|MoldBreaker|IvyCudgel,HornLeech,SpikyShield,SwordsDance|||F|||50|,,,,,Fire]Ursaluna-Bloodmoon||LifeOrb|MindsEye|HyperVoice,BloodMoon,EarthPower,Protect|||M|||50|,,,,,Grass]Okidogi||AssaultVest|GuardDog|PoisonJab,BrickBreak,Snarl,IcePunch|||M|||50|,,,,,Water\n|inactive|Battle timer is ON: inactive players will automatically lose when time's up. (requested by Jammin2)\n|j| fang hider\n|inactive|Someone#58 has 60 seconds left.\n|inactive|Jammin2 has 60 seconds left.\n|inactive|Someone#58 has 30 seconds left.\n|\n|t:|1699978375\n|start\n|switch|p1a: Regieleki|Regieleki, L50, shiny|100\/100\n|switch|p1b: Gholdengo|Gholdengo, L50, shiny|100\/100\n|switch|p2a: Urshifu|Urshifu, L50, F|100\/100\n|switch|p2b: Farigiraf|Farigiraf, L50, F|100\/100\n|turn|1\n|inactive|Someone#58 has 30 seconds left.\n|inactive|Jammin2 has 30 seconds left.\n|inactive|Someone#58 has 20 seconds left.\n|inactive|Jammin2 has 20 seconds left.\n|inactive|Someone#58 has 15 seconds left.\n|inactive|Jammin2 has 15 seconds left.\n|inactive|Someone#58 has 10 seconds left.\n|inactive|Jammin2 has 10 seconds left.\n|\n|t:|1699978424\n|switch|p1b: Rillaboom|Rillaboom, L50, M|100\/100\n|-fieldstart|move: Grassy Terrain|[from] ability: Grassy Surge|[of] p1b: Rillaboom\n|-terastallize|p2b: Farigiraf|Fire\n|move|p1a: Regieleki|Volt Switch|p2a: Urshifu\n|-damage|p2a: Urshifu|35\/100\n|\n|t:|1699978445\n|switch|p1a: Pelipper|Pelipper, L50, F|100\/100|[from] Volt Switch\n|-weather|RainDance|[from] ability: Drizzle|[of] p1a: Pelipper\n|move|p2a: Urshifu|Wicked Blow|p1b: Rillaboom\n|-crit|p1b: Rillaboom\n|-damage|p1b: Rillaboom|50\/100\n|move|p2b: Farigiraf|Trick Room|p2b: Farigiraf\n|-fieldstart|move: Trick Room|[of] p2b: Farigiraf\n|\n|-weather|RainDance|[upkeep]\n|-heal|p1b: Rillaboom|56\/100|[from] Grassy Terrain\n|-heal|p2a: Urshifu|41\/100|[from] Grassy Terrain\n|upkeep\n|turn|2\n|inactive|Someone#58 has 30 seconds left.\n|inactive|Jammin2 has 30 seconds left.\n|inactive|Someone#58 has 20 seconds left.\n|inactive|Jammin2 has 20 seconds left.\n|inactive|Someone#58 has 15 seconds left.\n|inactive|Someone#58 has 10 seconds left.\n|inactive|Someone#58 has 5 seconds left.\n|\n|t:|1699978497\n|move|p2a: Urshifu|Sucker Punch|p1b: Rillaboom\n|-damage|p1b: Rillaboom|23\/100\n|move|p2b: Farigiraf|Nasty Plot|p2b: Farigiraf\n|-boost|p2b: Farigiraf|spa|2\n|move|p1a: Pelipper|Hurricane|p2a: Urshifu\n|-supereffective|p2a: Urshifu\n|-damage|p2a: Urshifu|0 fnt\n|faint|p2a: Urshifu\n|move|p1b: Rillaboom|U-turn|p2b: Farigiraf\n|-resisted|p2b: Farigiraf\n|-damage|p2b: Farigiraf|91\/100\n|\n|t:|1699978511\n|switch|p1b: Gholdengo|Gholdengo, L50, shiny|100\/100|[from] U-turn\n|\n|-weather|RainDance|[upkeep]\n|-heal|p2b: Farigiraf|97\/100|[from] Grassy Terrain\n|upkeep\n|\n|t:|1699978517\n|switch|p2a: Ursaluna|Ursaluna-Bloodmoon, L50, M|100\/100\n|turn|3\n|inactive|Someone#58 has 30 seconds left.\n|inactive|Jammin2 has 30 seconds left.\n|inactive|Someone#58 has 20 seconds left.\n|inactive|Jammin2 has 20 seconds left.\n|inactive|Jammin2 has 15 seconds left.\n|inactive|Jammin2 has 10 seconds left.\n|inactive|Jammin2 has 5 seconds left.\n|\n|t:|1699978569\n|move|p1b: Gholdengo|Protect|p1b: Gholdengo\n|-singleturn|p1b: Gholdengo|Protect\n|move|p2a: Ursaluna|Blood Moon|p1a: Pelipper\n|-crit|p1a: Pelipper\n|-damage|p1a: Pelipper|0 fnt\n|faint|p1a: Pelipper\n|-damage|p2a: Ursaluna|91\/100|[from] item: Life Orb\n|move|p2b: Farigiraf|Psychic|p1b: Gholdengo\n|-activate|p1b: Gholdengo|move: Protect\n|\n|-weather|RainDance|[upkeep]\n|-heal|p2a: Ursaluna|97\/100|[from] Grassy Terrain\n|-heal|p2b: Farigiraf|100\/100|[from] Grassy Terrain\n|upkeep\n|inactive|Someone#58 has 30 seconds left.\n|\n|t:|1699978594\n|switch|p1a: Regieleki|Regieleki, L50, shiny|100\/100\n|turn|4\n|inactive|Jammin2 has 30 seconds left.\n|inactive|Jammin2 has 20 seconds left.\n|inactive|Jammin2 has 15 seconds left.\n|\n|t:|1699978637\n|move|p2a: Ursaluna|Hyper Voice|p1a: Regieleki|[spread] p1a,p1b\n|-resisted|p1b: Gholdengo\n|-damage|p1a: Regieleki|5\/100\n|-damage|p1b: Gholdengo|74\/100\n|-damage|p2a: Ursaluna|87\/100|[from] item: Life Orb\n|move|p2b: Farigiraf|Dazzling Gleam|p1a: Regieleki|[spread] p1a,p1b\n|-resisted|p1b: Gholdengo\n|-crit|p1b: Gholdengo\n|-damage|p1a: Regieleki|0 fnt\n|-damage|p1b: Gholdengo|50\/100\n|faint|p1a: Regieleki\n|move|p1b: Gholdengo|Shadow Ball|p2b: Farigiraf\n|-damage|p2b: Farigiraf|65\/100\n|\n|-weather|RainDance|[upkeep]\n|-heal|p2a: Ursaluna|93\/100|[from] Grassy Terrain\n|-heal|p2b: Farigiraf|71\/100|[from] Grassy Terrain\n|-heal|p1b: Gholdengo|56\/100|[from] Grassy Terrain\n|-heal|p1b: Gholdengo|63\/100|[from] item: Leftovers\n|upkeep\n|\n|t:|1699978649\n|switch|p1a: Rillaboom|Rillaboom, L50, M|23\/100\n|turn|5\n|inactive|Jammin2 has 30 seconds left.\n|inactive|Jammin2 has 20 seconds left.\n|inactive|Jammin2 has 15 seconds left.\n|\n|t:|1699978693\n|move|p2a: Ursaluna|Hyper Voice|p1b: Gholdengo|[spread] p1a,p1b\n|-resisted|p1b: Gholdengo\n|-damage|p1a: Rillaboom|0 fnt\n|-damage|p1b: Gholdengo|38\/100\n|faint|p1a: Rillaboom\n|-damage|p2a: Ursaluna|84\/100|[from] item: Life Orb\n|move|p2b: Farigiraf|Psychic|p1b: Gholdengo\n|-resisted|p1b: Gholdengo\n|-damage|p1b: Gholdengo|0 fnt\n|faint|p1b: Gholdengo\n|\n|win|Jammin2\n|n|\u2606Someone#58|someone58\n|n|\u2606Jammin2|jammin2\n|n| fang hider|fanghider\n","uploadtime":1699978694,"views":12,"p1id":"someone58","p2id":"jammin2","formatid":"gen9vgc2023regulatione","rating":0,"private":0,"password":""}