{"id":"gen9vgc2023regulatione-1994654608","p1":"tsubogla","p2":"PichuPKM","format":"[Gen 9] VGC 2023 Regulation E","log":"|j|\u2606tsubogla\n|j|\u2606PichuPKM\n|t:|1700476184\n|gametype|doubles\n|player|p1|tsubogla|hilda|1153\n|player|p2|PichuPKM|cynthia|1177\n|teamsize|p1|6\n|teamsize|p2|6\n|gen|9\n|tier|[Gen 9] VGC 2023 Regulation E\n|rated|\n|rule|Species Clause: Limit one of each Pok\u00e9mon\n|rule|Item Clause: Limit one of each item\n|clearpoke\n|poke|p1|Delphox, L50, F|\n|poke|p1|Ogerpon-Wellspring, L50, F|\n|poke|p1|Urshifu-*, L50, F|\n|poke|p1|Ninetales-Alola, L50, F|\n|poke|p1|Iron Hands, L50|\n|poke|p1|Sinistcha, L50|\n|poke|p2|Dipplin, L50, M|\n|poke|p2|Iron Bundle, L50|\n|poke|p2|Chi-Yu, L50|\n|poke|p2|Landorus-Therian, L50, M|\n|poke|p2|Farigiraf, L50, F|\n|poke|p2|Iron Hands, L50|\n|teampreview|4\n|inactive|Battle timer is ON: inactive players will automatically lose when time's up. (requested by tsubogla)\n|inactive|tsubogla has 60 seconds left.\n|\n|t:|1700476243\n|start\n|switch|p1a: Ogerpon|Ogerpon-Wellspring, L50, F|100\/100\n|switch|p1b: Ninetales|Ninetales-Alola, L50, F|100\/100\n|switch|p2a: Iron Bundle|Iron Bundle, L50|100\/100\n|switch|p2b: Chi-Yu|Chi-Yu, L50|100\/100\n|-ability|p2b: Chi-Yu|Beads of Ruin\n|-weather|Snow|[from] ability: Snow Warning|[of] p1b: Ninetales\n|-enditem|p2a: Iron Bundle|Booster Energy\n|-activate|p2a: Iron Bundle|ability: Quark Drive|[fromitem]\n|-start|p2a: Iron Bundle|quarkdrivespe\n|turn|1\n|\n|t:|1700476263\n|move|p2a: Iron Bundle|Freeze-Dry|p1a: Ogerpon\n|-supereffective|p1a: Ogerpon\n|-damage|p1a: Ogerpon|0 fnt\n|faint|p1a: Ogerpon\n|move|p2b: Chi-Yu|Heat Wave|p1b: Ninetales\n|-supereffective|p1b: Ninetales\n|-damage|p1b: Ninetales|0 fnt\n|faint|p1b: Ninetales\n|\n|-weather|Snow|[upkeep]\n|upkeep\n|\n|t:|1700476271\n|switch|p1a: Delphox|Delphox, L50, F|100\/100\n|switch|p1b: Iron Hands|Iron Hands, L50|100\/100\n|turn|2\n|\n|t:|1700476286\n|switch|p2b: Dipplin|Dipplin, L50, M, shiny|100\/100\n|-ability|p2b: Dipplin|Supersweet Syrup\n|-ability|p2b: Dipplin|Supersweet Syrup|boost\n|-unboost|p1a: Delphox|evasion|1\n|-unboost|p1b: Iron Hands|evasion|1\n|-terastallize|p2a: Iron Bundle|Ghost\n|move|p1b: Iron Hands|Fake Out|p2a: Iron Bundle\n|-immune|p2a: Iron Bundle\n|move|p2a: Iron Bundle|Hydro Pump|p1a: Delphox\n|-supereffective|p1a: Delphox\n|-damage|p1a: Delphox|0 fnt\n|faint|p1a: Delphox\n|\n|-weather|Snow|[upkeep]\n|upkeep\n|turn|3\n|\n|t:|1700476306\n|move|p2a: Iron Bundle|Hydro Pump|p1b: Iron Hands\n|-crit|p1b: Iron Hands\n|-damage|p1b: Iron Hands|56\/100\n|move|p1b: Iron Hands|Wild Charge|p2a: Iron Bundle\n|-damage|p2a: Iron Bundle|32\/100\n|-damage|p1b: Iron Hands|46\/100|[from] Recoil\n|move|p2b: Dipplin|Draco Meteor|p1b: Iron Hands\n|-damage|p1b: Iron Hands|21\/100\n|-unboost|p2b: Dipplin|spa|2\n|\n|-weather|Snow|[upkeep]\n|upkeep\n|turn|4\n|\n|t:|1700476321\n|move|p2a: Iron Bundle|Hydro Pump|p1b: Iron Hands\n|-damage|p1b: Iron Hands|0 fnt\n|faint|p1b: Iron Hands\n|-end|p1b: Iron Hands|Quark Drive|[silent]\n|\n|win|PichuPKM\n|raw|tsubogla's rating: 1153 &rarr; <strong>1130<\/strong><br \/>(-23 for losing)\n|raw|PichuPKM's rating: 1177 &rarr; <strong>1200<\/strong><br \/>(+23 for winning)\n|l|\u2606tsubogla\n","uploadtime":1700476326,"views":8,"p1id":"tsubogla","p2id":"pichupkm","formatid":"gen9vgc2023regulatione","rating":1130,"private":0,"password":""}