{"id":"gen9vgc2023regulatione-1992945675","p1":"Mattfort","p2":"CrabbyTwins","format":"[Gen 9] VGC 2023 Regulation E","log":"|j|\u2606Mattfort\n|j|\u2606CrabbyTwins\n|t:|1700249172\n|gametype|doubles\n|player|p1|Mattfort|fisherman-gen4|1374\n|player|p2|CrabbyTwins|doubleteam|1306\n|teamsize|p1|6\n|teamsize|p2|6\n|gen|9\n|tier|[Gen 9] VGC 2023 Regulation E\n|rated|\n|rule|Species Clause: Limit one of each Pok\u00e9mon\n|rule|Item Clause: Limit one of each item\n|clearpoke\n|poke|p1|Iron Hands, L50|\n|poke|p1|Ogerpon-Wellspring, L50, F|\n|poke|p1|Urshifu-*, L50, F|\n|poke|p1|Heatran, L50, F|\n|poke|p1|Flutter Mane, L50|\n|poke|p1|Landorus-Therian, L50, M|\n|poke|p2|Scizor, L50, F|\n|poke|p2|Oranguru, L50, F|\n|poke|p2|Ursaluna, L50, M|\n|poke|p2|Arboliva, L50, M|\n|poke|p2|Torkoal, L50, F|\n|poke|p2|Dachsbun, L50, M|\n|teampreview|4\n|inactive|Battle timer is ON: inactive players will automatically lose when time's up. (requested by Mattfort)\nMattfort has agreed to open team sheets.\n|\n|t:|1700249198\n|start\n|switch|p1a: Iron Hands|Iron Hands, L50|100\/100\n|switch|p1b: Heatran|Heatran, L50, F|100\/100\n|switch|p2a: Oranguru|Oranguru, L50, F|100\/100\n|switch|p2b: Arboliva|Arboliva, L50, M|100\/100\n|turn|1\n|inactive|CrabbyTwins has 30 seconds left.\n|inactive|CrabbyTwins has 20 seconds left.\n|\n|t:|1700249235\n|move|p2a: Oranguru|Protect|p2a: Oranguru\n|-singleturn|p2a: Oranguru|Protect\n|move|p2b: Arboliva|Protect|p2b: Arboliva\n|-singleturn|p2b: Arboliva|Protect\n|move|p1a: Iron Hands|Fake Out|p2a: Oranguru\n|-activate|p2a: Oranguru|move: Protect\n|move|p1b: Heatran|Heat Wave|p2b: Arboliva|[spread] \n|-activate|p2a: Oranguru|move: Protect\n|-activate|p2b: Arboliva|move: Protect\n|\n|upkeep\n|turn|2\n|\n|t:|1700249251\n|-terastallize|p2b: Arboliva|Fire\n|move|p1b: Heatran|Flash Cannon|p2a: Oranguru\n|-damage|p2a: Oranguru|75\/100\n|move|p1a: Iron Hands|Wild Charge|p2a: Oranguru\n|-damage|p2a: Oranguru|22\/100\n|-damage|p1a: Iron Hands|90\/100|[from] Recoil\n|move|p2b: Arboliva|Earth Power|p1b: Heatran\n|-supereffective|p1b: Heatran\n|-damage|p1b: Heatran|0 fnt\n|faint|p1b: Heatran\n|move|p2a: Oranguru|Trick Room|p2a: Oranguru\n|-fieldstart|move: Trick Room|[of] p2a: Oranguru\n|\n|upkeep\n|\n|t:|1700249265\n|switch|p1b: Urshifu|Urshifu, L50, F|100\/100\n|turn|3\n|\n|t:|1700249279\n|-end|p1a: Iron Hands|Quark Drive|[silent]\n|switch|p1a: Ogerpon|Ogerpon-Wellspring, L50, F|100\/100\n|switch|p2a: Torkoal|Torkoal, L50, F|100\/100\n|-weather|SunnyDay|[from] ability: Drought|[of] p2a: Torkoal\n|move|p2b: Arboliva|Hyper Voice|p1a: Ogerpon|[spread] p1a,p1b\n|-damage|p1a: Ogerpon|70\/100\n|-damage|p1b: Urshifu|50\/100\n|move|p1b: Urshifu|Wicked Blow|p2b: Arboliva\n|-crit|p2b: Arboliva\n|-damage|p2b: Arboliva|38\/100\n|-enditem|p2b: Arboliva|Sitrus Berry|[eat]\n|-heal|p2b: Arboliva|63\/100|[from] item: Sitrus Berry\n|\n|-weather|SunnyDay|[upkeep]\n|-item|p2b: Arboliva|Sitrus Berry|[from] ability: Harvest\n|upkeep\n|turn|4\n|inactive|Mattfort has 30 seconds left.\n|inactive|CrabbyTwins has 30 seconds left.\n|inactive|Mattfort has 20 seconds left.\n|inactive|Mattfort has 15 seconds left.\n|inactive|Mattfort has 10 seconds left.\n|\n|t:|1700249326\n|-terastallize|p1a: Ogerpon|Water\n|detailschange|p1a: Ogerpon|Ogerpon-Wellspring-Tera, L50, F, tera:Water\n|-ability|p1a: Ogerpon|Embody Aspect (Wellspring)|boost\n|-boost|p1a: Ogerpon|spd|1\n|move|p1b: Urshifu|Sucker Punch|p2b: Arboliva\n|-damage|p2b: Arboliva|25\/100\n|-enditem|p2b: Arboliva|Sitrus Berry|[eat]\n|-heal|p2b: Arboliva|50\/100|[from] item: Sitrus Berry\n|move|p2a: Torkoal|Solar Beam||[still]\n|-prepare|p2a: Torkoal|Solar Beam\n|-anim|p2a: Torkoal|Solar Beam|p1a: Ogerpon\n|-supereffective|p1a: Ogerpon\n|-damage|p1a: Ogerpon|0 fnt\n|faint|p1a: Ogerpon\n|move|p2b: Arboliva|Hyper Voice|p1b: Urshifu\n|-damage|p1b: Urshifu|0 fnt\n|faint|p1b: Urshifu\n|\n|-weather|SunnyDay|[upkeep]\n|-item|p2b: Arboliva|Sitrus Berry|[from] ability: Harvest\n|upkeep\n|-enditem|p2b: Arboliva|Sitrus Berry|[eat]\n|-heal|p2b: Arboliva|75\/100|[from] item: Sitrus Berry\n|-message|Mattfort forfeited.\n|\n|win|CrabbyTwins\n|raw|Mattfort's rating: 1374 &rarr; <strong>1350<\/strong><br \/>(-24 for losing)\n|raw|CrabbyTwins's rating: 1306 &rarr; <strong>1330<\/strong><br \/>(+24 for winning)\n|l|\u2606Mattfort\n","uploadtime":1700249352,"views":10,"p1id":"mattfort","p2id":"crabbytwins","formatid":"gen9vgc2023regulatione","rating":1330,"private":0,"password":""}