{"id":"gen9vgc2023regulatione-1992037724","p1":"smogondeez","p2":"AvianRoseline","format":"[Gen 9] VGC 2023 Regulation E","log":"|j|\u2606smogondeez\n|j|\u2606AvianRoseline\n|t:|1700149822\n|gametype|doubles\n|player|p1|smogondeez|265|1165\n|player|p2|AvianRoseline|cynthia-gen4|1138\n|teamsize|p1|6\n|teamsize|p2|6\n|gen|9\n|tier|[Gen 9] VGC 2023 Regulation E\n|rated|\n|rule|Species Clause: Limit one of each Pok\u00e9mon\n|rule|Item Clause: Limit one of each item\n|clearpoke\n|poke|p1|Sneasler, L50, M|\n|poke|p1|Indeedee-F, L50, F|\n|poke|p1|Armarouge, L50, M|\n|poke|p1|Urshifu-*, L50, F|\n|poke|p1|Chien-Pao, L50|\n|poke|p1|Tornadus, L50, M|\n|poke|p2|Ditto, L50|\n|poke|p2|Snorlax, L50, F|\n|poke|p2|Ogerpon-Hearthflame, L50, F|\n|poke|p2|Cresselia, L50, F|\n|poke|p2|Baxcalibur, L50, F|\n|poke|p2|Glastrier, L50|\n|teampreview|4\n|inactive|Battle timer is ON: inactive players will automatically lose when time's up. (requested by smogondeez)\n|inactive|smogondeez has 60 seconds left.\n|\n|t:|1700149864\n|start\n|switch|p1a: Urshifu|Urshifu-Rapid-Strike, L50, F|100\/100\n|switch|p1b: Armarouge|Armarouge, L50, M, shiny|100\/100\n|switch|p2a: Bing Chilling|Baxcalibur, L50, F, shiny|100\/100\n|switch|p2b: Covid burner|Ogerpon-Hearthflame, L50, F|100\/100\n|-ability|p2b: Covid burner|Mold Breaker\n|turn|1\n|inactive|smogondeez has 30 seconds left.\n|\n|t:|1700149895\n|move|p2b: Covid burner|Helping Hand|p2a: Bing Chilling\n|-singleturn|p2a: Bing Chilling|Helping Hand|[of] p2b: Covid burner\n|move|p1a: Urshifu|U-turn|p2a: Bing Chilling\n|-damage|p2a: Bing Chilling|76\/100\n|\n|t:|1700149903\n|switch|p1a: Indeedee|Indeedee-F, L50, F, shiny|100\/100|[from] U-turn\n|-fieldstart|move: Psychic Terrain|[from] ability: Psychic Surge|[of] p1a: Indeedee\n|move|p2a: Bing Chilling|Icicle Spear|p1b: Armarouge\n|-resisted|p1b: Armarouge\n|-damage|p1b: Armarouge|89\/100\n|-ability|p1b: Armarouge|Weak Armor|boost\n|-unboost|p1b: Armarouge|def|1\n|-boost|p1b: Armarouge|spe|2\n|-resisted|p1b: Armarouge\n|-damage|p1b: Armarouge|72\/100\n|-ability|p1b: Armarouge|Weak Armor|boost\n|-unboost|p1b: Armarouge|def|1\n|-boost|p1b: Armarouge|spe|2\n|-resisted|p1b: Armarouge\n|-damage|p1b: Armarouge|48\/100\n|-ability|p1b: Armarouge|Weak Armor|boost\n|-unboost|p1b: Armarouge|def|1\n|-boost|p1b: Armarouge|spe|2\n|-resisted|p1b: Armarouge\n|-damage|p1b: Armarouge|19\/100\n|-ability|p1b: Armarouge|Weak Armor|boost\n|-unboost|p1b: Armarouge|def|1\n|-resisted|p1b: Armarouge\n|-damage|p1b: Armarouge|0 fnt\n|faint|p1b: Armarouge\n|-hitcount|p1: Armarouge|5\n|\n|upkeep\n|inactive|smogondeez has 30 seconds left.\n|-message|smogondeez forfeited.\n|\n|win|AvianRoseline\n|raw|smogondeez's rating: 1165 &rarr; <strong>1138<\/strong><br \/>(-27 for losing)\n|raw|AvianRoseline's rating: 1138 &rarr; <strong>1165<\/strong><br \/>(+27 for winning)\n|l|\u2606smogondeez\n","uploadtime":1700149934,"views":18,"p1id":"smogondeez","p2id":"avianroseline","formatid":"gen9vgc2023regulatione","rating":1138,"private":0,"password":""}