{"id":"gen9vgc2023regulatione-2000225656","p1":"on1000","p2":"christianfinity","format":"[Gen 9] VGC 2023 Regulation E","log":"|j|\u2606on1000\n|j|\u2606christianfinity\n|t:|1701174577\n|gametype|doubles\n|player|p1|on1000|266|1457\n|player|p2|christianfinity|youngathlete|1502\n|teamsize|p1|6\n|teamsize|p2|6\n|gen|9\n|tier|[Gen 9] VGC 2023 Regulation E\n|rated|\n|rule|Species Clause: Limit one of each Pok\u00e9mon\n|rule|Item Clause: Limit one of each item\n|clearpoke\n|poke|p1|Tornadus, L50, M|\n|poke|p1|Rillaboom, L50, M|\n|poke|p1|Urshifu-*, L50, F|\n|poke|p1|Arcanine-Hisui, L50, M|\n|poke|p1|Gholdengo, L50|\n|poke|p1|Chien-Pao, L50|\n|poke|p2|Farigiraf, L50, M|\n|poke|p2|Kingambit, L50, M|\n|poke|p2|Zapdos, L50|\n|poke|p2|Ogerpon-Wellspring, L50, F|\n|poke|p2|Heatran, L50, F|\n|poke|p2|Landorus-Therian, L50, M|\n|teampreview|4\n|inactive|Battle timer is ON: inactive players will automatically lose when time's up. (requested by on1000)\n|\n|t:|1701174605\n|start\n|switch|p1a: Urshifu|Urshifu-Rapid-Strike, L50, F|100\/100\n|switch|p1b: Gholdengo|Gholdengo, L50|100\/100\n|switch|p2a: Kingambit|Kingambit, L50, M|100\/100\n|switch|p2b: Farigiraf|Farigiraf, L50, M|100\/100\n|turn|1\n|\n|t:|1701174623\n|switch|p2a: Ogerpon|Ogerpon-Wellspring, L50, F|100\/100\n|move|p1b: Gholdengo|Trick||[still]\n|-fail|p1b: Gholdengo\n|move|p1a: Urshifu|Surging Strikes|p2b: Farigiraf\n|-crit|p2b: Farigiraf\n|-damage|p2b: Farigiraf|78\/100\n|-crit|p2b: Farigiraf\n|-damage|p2b: Farigiraf|56\/100\n|-crit|p2b: Farigiraf\n|-damage|p2b: Farigiraf|32\/100\n|-enditem|p2b: Farigiraf|Sitrus Berry|[eat]\n|-heal|p2b: Farigiraf|57\/100|[from] item: Sitrus Berry\n|-hitcount|p2b: Farigiraf|3\n|move|p2b: Farigiraf|Trick Room|p2b: Farigiraf\n|-fieldstart|move: Trick Room|[of] p2b: Farigiraf\n|\n|upkeep\n|turn|2\n|\n|t:|1701174642\n|switch|p2b: Heatran|Heatran, L50, F|100\/100\n|switch|p1a: Rillaboom|Rillaboom, L50, M|100\/100\n|-fieldstart|move: Grassy Terrain|[from] ability: Grassy Surge|[of] p1a: Rillaboom\n|move|p2a: Ogerpon|Horn Leech|p1a: Rillaboom\n|-resisted|p1a: Rillaboom\n|-damage|p1a: Rillaboom|76\/100\n|move|p1b: Gholdengo|Trick|p2b: Heatran\n|-activate|p1b: Gholdengo|move: Trick|[of] p2b: Heatran\n|-item|p2b: Heatran|Choice Specs|[from] move: Trick\n|-item|p1b: Gholdengo|Leftovers|[from] move: Trick\n|\n|-heal|p1a: Rillaboom|82\/100|[from] Grassy Terrain\n|upkeep\n|turn|3\n|inactive|on1000 has 30 seconds left.\n|inactive|christianfinity has 30 seconds left.\n|inactive|on1000 has 20 seconds left.\n|\n|t:|1701174678\n|switch|p1a: Urshifu|Urshifu-Rapid-Strike, L50, F|100\/100\n|move|p2a: Ogerpon|Follow Me|p2a: Ogerpon\n|-singleturn|p2a: Ogerpon|move: Follow Me\n|move|p2b: Heatran|Heat Wave|p1a: Urshifu|[spread] p1a,p1b\n|-resisted|p1a: Urshifu\n|-supereffective|p1b: Gholdengo\n|-damage|p1a: Urshifu|57\/100\n|-damage|p1b: Gholdengo|0 fnt\n|faint|p1b: Gholdengo\n|\n|-heal|p1a: Urshifu|63\/100|[from] Grassy Terrain\n|upkeep\n|\n|t:|1701174688\n|switch|p1b: Tornadus|Tornadus, L50, M|100\/100\n|turn|4\n|\n|t:|1701174714\n|move|p1b: Tornadus|Rain Dance|p1b: Tornadus\n|-weather|RainDance\n|move|p2b: Heatran|Heat Wave|p1b: Tornadus|[spread] p1a,p1b\n|-resisted|p1a: Urshifu\n|-crit|p1b: Tornadus\n|-damage|p1a: Urshifu|42\/100\n|-damage|p1b: Tornadus|52\/100\n|move|p2a: Ogerpon|Horn Leech|p1a: Urshifu\n|-supereffective|p1a: Urshifu\n|-damage|p1a: Urshifu|0 fnt\n|faint|p1a: Urshifu\n|\n|-weather|RainDance|[upkeep]\n|upkeep\n|-message|on1000 forfeited.\n|\n|win|christianfinity\n|raw|on1000's rating: 1457 &rarr; <strong>1440<\/strong><br \/>(-17 for losing)\n|raw|christianfinity's rating: 1502 &rarr; <strong>1519<\/strong><br \/>(+17 for winning)\n|l|\u2606on1000\n","uploadtime":1701174739,"views":4,"p1id":"on1000","p2id":"christianfinity","formatid":"gen9vgc2023regulatione","rating":1440,"private":0,"password":""}