{"id":"gen9vgc2023regulatione-1988534197","p1":"WinSomeLoseNone","p2":"ChoccyMilkMafia","format":"[Gen 9] VGC 2023 Regulation E","log":"|j|\u2606WinSomeLoseNone\n|j|\u2606ChoccyMilkMafia\n|t:|1699733258\n|gametype|doubles\n|player|p1|WinSomeLoseNone|swimmer-gen4dp|1159\n|player|p2|ChoccyMilkMafia|kieran|1152\n|teamsize|p1|6\n|teamsize|p2|6\n|gen|9\n|tier|[Gen 9] VGC 2023 Regulation E\n|rated|\n|rule|Species Clause: Limit one of each Pok\u00e9mon\n|rule|Item Clause: Limit one of each item\n|clearpoke\n|poke|p1|Garganacl, L50, M|\n|poke|p1|Oranguru, L50, F|\n|poke|p1|Grimmsnarl, L50, M|\n|poke|p1|Enamorus, L50, F|\n|poke|p1|Empoleon, L50, F|\n|poke|p1|Gastrodon, L50, M|\n|poke|p2|Kommo-o, L50, M|\n|poke|p2|Kingambit, L50, F|\n|poke|p2|Sinistcha, L50|\n|poke|p2|Farigiraf, L50, M|\n|poke|p2|Fezandipiti, L50, M|\n|poke|p2|Ninetales-Alola, L50, F|\n|teampreview|4\n|inactive|Battle timer is ON: inactive players will automatically lose when time's up. (requested by WinSomeLoseNone)\nWinSomeLoseNone rejected open team sheets.\n|\n|t:|1699733289\n|start\n|switch|p1a: Gastrodon|Gastrodon, L50, M|100\/100\n|switch|p1b: Empoleon|Empoleon, L50, F|100\/100\n|switch|p2a: Kingambit|Kingambit, L50, F|100\/100\n|switch|p2b: Ninetales|Ninetales-Alola, L50, F|100\/100\n|-weather|Snow|[from] ability: Snow Warning|[of] p2b: Ninetales\n|turn|1\n|\n|t:|1699733300\n|move|p2b: Ninetales|Howl|p2b: Ninetales|[spread] p2a,p2b\n|-boost|p2a: Kingambit|atk|1\n|-boost|p2b: Ninetales|atk|1\n|move|p1b: Empoleon|Surf|p2b: Ninetales|[spread] p2a,p2b\n|-ability|p1a: Gastrodon|Storm Drain|boost\n|-boost|p1a: Gastrodon|spa|1\n|-damage|p2a: Kingambit|82\/100\n|-damage|p2b: Ninetales|68\/100\n|move|p2a: Kingambit|Low Kick|p1b: Empoleon\n|-supereffective|p1b: Empoleon\n|-damage|p1b: Empoleon|2\/100\n|-enditem|p1b: Empoleon|Weakness Policy\n|-boost|p1b: Empoleon|atk|2|[from] item: Weakness Policy\n|-boost|p1b: Empoleon|spa|2|[from] item: Weakness Policy\n|move|p1a: Gastrodon|Earth Power|p2a: Kingambit\n|-supereffective|p2a: Kingambit\n|-damage|p2a: Kingambit|12\/100\n|\n|-weather|Snow|[upkeep]\n|upkeep\n|turn|2\n|inactive|WinSomeLoseNone has 30 seconds left.\n|\n|t:|1699733325\n|move|p1b: Empoleon|Vacuum Wave|p2a: Kingambit\n|-supereffective|p2a: Kingambit\n|-damage|p2a: Kingambit|0 fnt\n|faint|p2a: Kingambit\n|move|p2b: Ninetales|Icy Wind|p1a: Gastrodon|[spread] p1a,p1b\n|-resisted|p1b: Empoleon\n|-damage|p1a: Gastrodon|89\/100\n|-damage|p1b: Empoleon|0 fnt\n|-unboost|p1a: Gastrodon|spe|1\n|faint|p1b: Empoleon\n|move|p1a: Gastrodon|Sludge Bomb|p2b: Ninetales\n|-supereffective|p2b: Ninetales\n|-damage|p2b: Ninetales|0 fnt\n|faint|p2b: Ninetales\n|\n|-weather|Snow|[upkeep]\n|upkeep\n|\n|t:|1699733338\n|switch|p2b: Fezandipiti|Fezandipiti, L50, M|100\/100\n|switch|p1b: Grimmsnarl|Grimmsnarl, L50, M|100\/100\n|switch|p2a: Sinistcha|Sinistcha, L50|100\/100\n|turn|3\n|inactive|WinSomeLoseNone has 30 seconds left.\n|\n|t:|1699733370\n|-terastallize|p1a: Gastrodon|Poison\n|move|p1b: Grimmsnarl|Fake Tears|p2a: Sinistcha\n|-unboost|p2a: Sinistcha|spd|2\n|move|p2b: Fezandipiti|Sludge Bomb|p1b: Grimmsnarl\n|-supereffective|p1b: Grimmsnarl\n|-damage|p1b: Grimmsnarl|49\/100\n|move|p2a: Sinistcha|Matcha Gotcha|p1b: Grimmsnarl|[spread] p1a,p1b\n|-resisted|p1a: Gastrodon\n|-damage|p1a: Gastrodon|78\/100\n|-damage|p1b: Grimmsnarl|22\/100\n|-status|p1a: Gastrodon|brn\n|move|p1a: Gastrodon|Sludge Bomb|p2a: Sinistcha\n|-damage|p2a: Sinistcha|0 fnt\n|faint|p2a: Sinistcha\n|\n|-weather|Snow|[upkeep]\n|-damage|p1a: Gastrodon|72\/100 brn|[from] brn\n|upkeep\n|turn|4\n|\n|t:|1699733389\n|move|p1b: Grimmsnarl|Fake Tears|p2b: Fezandipiti\n|-unboost|p2b: Fezandipiti|spd|2\n|move|p2b: Fezandipiti|Icy Wind|p1a: Gastrodon|[spread] p1a,p1b\n|-damage|p1a: Gastrodon|65\/100 brn\n|-damage|p1b: Grimmsnarl|14\/100\n|-unboost|p1a: Gastrodon|spe|1\n|move|p1a: Gastrodon|Earth Power|p2b: Fezandipiti\n|-supereffective|p2b: Fezandipiti\n|-damage|p2b: Fezandipiti|0 fnt\n|faint|p2b: Fezandipiti\n|\n|win|WinSomeLoseNone\n|raw|WinSomeLoseNone's rating: 1159 &rarr; <strong>1183<\/strong><br \/>(+24 for winning)\n|raw|ChoccyMilkMafia's rating: 1152 &rarr; <strong>1128<\/strong><br \/>(-24 for losing)\n","uploadtime":1699733400,"views":13,"p1id":"winsomelosenone","p2id":"choccymilkmafia","formatid":"gen9vgc2023regulatione","rating":1128,"private":0,"password":""}