{"id":"gen9vgc2023regulatione-1988314633","p1":"cavalgante","p2":"xdr4k300","format":"[Gen 9] VGC 2023 Regulation E","log":"|j|\u2606cavalgante\n|j|\u2606xdr4k300\n|t:|1699707034\n|gametype|doubles\n|player|p1|cavalgante|266|1247\n|player|p2|xdr4k300|roughneck-gen4|1347\n|teamsize|p1|6\n|teamsize|p2|6\n|gen|9\n|tier|[Gen 9] VGC 2023 Regulation E\n|rated|\n|rule|Species Clause: Limit one of each Pok\u00e9mon\n|rule|Item Clause: Limit one of each item\n|clearpoke\n|poke|p1|Dondozo, L50, F|\n|poke|p1|Tatsugiri, L50, F|\n|poke|p1|Rillaboom, L50, F|\n|poke|p1|Volcarona, L50, F|\n|poke|p1|Kingambit, L50, M|\n|poke|p1|Clefairy, L50, F|\n|poke|p2|Ninetales-Alola, L50, F|\n|poke|p2|Baxcalibur, L50, M|\n|poke|p2|Okidogi, L50, M|\n|poke|p2|Indeedee-F, L50, F|\n|poke|p2|Rillaboom, L50, M|\n|poke|p2|Flutter Mane, L50|\n|teampreview|4\n|inactive|Battle timer is ON: inactive players will automatically lose when time's up. (requested by xdr4k300)\n|inactive|cavalgante has 60 seconds left.\n|inactive|xdr4k300 has 60 seconds left.\n|\n|t:|1699707083\n|start\n|switch|p1a: Clefairy|Clefairy, L50, F|100\/100\n|switch|p1b: Tatsugiri|Tatsugiri, L50, F|100\/100\n|switch|p2a: Ninetales|Ninetales-Alola, L50, F|100\/100\n|switch|p2b: Baxcalibur|Baxcalibur, L50, M|100\/100\n|-weather|Snow|[from] ability: Snow Warning|[of] p2a: Ninetales\n|turn|1\n|inactive|xdr4k300 has 30 seconds left.\n|inactive|xdr4k300 has 20 seconds left.\n|\n|t:|1699707118\n|-terastallize|p1b: Tatsugiri|Steel\n|-terastallize|p2b: Baxcalibur|Poison\n|move|p1a: Clefairy|Helping Hand|p1b: Tatsugiri\n|-singleturn|p1b: Tatsugiri|Helping Hand|[of] p1a: Clefairy\n|move|p1b: Tatsugiri|Tera Blast|p2a: Ninetales|[anim] Tera Blast Steel\n|-supereffective|p2a: Ninetales\n|-damage|p2a: Ninetales|0 fnt\n|faint|p2a: Ninetales\n|move|p2b: Baxcalibur|Swords Dance|p2b: Baxcalibur\n|-boost|p2b: Baxcalibur|atk|2\n|\n|-weather|Snow|[upkeep]\n|upkeep\n|\n|t:|1699707136\n|switch|p2a: Okidogi|Okidogi, L50, M|100\/100\n|turn|2\n|\n|t:|1699707151\n|switch|p1a: Dondozo|Dondozo, L50, F|100\/100\n|-activate|p1b: Tatsugiri|ability: Commander|[of] p1a: Dondozo\n|-boost|p1a: Dondozo|atk|2\n|-boost|p1a: Dondozo|spa|2\n|-boost|p1a: Dondozo|spe|2\n|-boost|p1a: Dondozo|def|2\n|-boost|p1a: Dondozo|spd|2\n|move|p2b: Baxcalibur|Protect|p2b: Baxcalibur\n|-singleturn|p2b: Baxcalibur|Protect\n|move|p2a: Okidogi|Drain Punch|p1b: Tatsugiri|[miss]\n|-miss|p2a: Okidogi|p1b: Tatsugiri\n|\n|-weather|Snow|[upkeep]\n|upkeep\n|turn|3\n|inactive|xdr4k300 has 30 seconds left.\n|inactive|xdr4k300 has 20 seconds left.\n|inactive|xdr4k300 has 15 seconds left.\n|inactive|xdr4k300 has 10 seconds left.\n|inactive|xdr4k300 has 5 seconds left.\n|\n|t:|1699707202\n|move|p1a: Dondozo|Earthquake|p2b: Baxcalibur|[spread] p2a,p2b\n|-miss|p1a: Dondozo|p1b: Tatsugiri\n|-supereffective|p2a: Okidogi\n|-supereffective|p2b: Baxcalibur\n|-damage|p2a: Okidogi|16\/100\n|-damage|p2b: Baxcalibur|14\/100\n|move|p2b: Baxcalibur|Scale Shot|p1a: Dondozo\n|-damage|p1a: Dondozo|95\/100\n|-damage|p1a: Dondozo|88\/100\n|-damage|p1a: Dondozo|82\/100\n|-damage|p1a: Dondozo|77\/100\n|-damage|p1a: Dondozo|71\/100\n|-hitcount|p1a: Dondozo|5\n|-unboost|p2b: Baxcalibur|def|1\n|-boost|p2b: Baxcalibur|spe|1\n|move|p2a: Okidogi|Knock Off|p1a: Dondozo\n|-damage|p1a: Dondozo|58\/100\n|-enditem|p1a: Dondozo|Leftovers|[from] move: Knock Off|[of] p2a: Okidogi\n|\n|-weather|Snow|[upkeep]\n|upkeep\n|turn|4\n|\n|t:|1699707226\n|move|p2b: Baxcalibur|Scale Shot|p1a: Dondozo\n|-damage|p1a: Dondozo|52\/100\n|-damage|p1a: Dondozo|46\/100\n|-damage|p1a: Dondozo|40\/100\n|-damage|p1a: Dondozo|35\/100\n|-hitcount|p1a: Dondozo|4\n|-unboost|p2b: Baxcalibur|def|1\n|-boost|p2b: Baxcalibur|spe|1\n|move|p1a: Dondozo|Earthquake|p2a: Okidogi|[spread] p2a,p2b\n|-miss|p1a: Dondozo|p1b: Tatsugiri\n|-supereffective|p2a: Okidogi\n|-supereffective|p2b: Baxcalibur\n|-damage|p2a: Okidogi|0 fnt\n|-damage|p2b: Baxcalibur|0 fnt\n|faint|p2a: Okidogi\n|faint|p2b: Baxcalibur\n|\n|-weather|Snow|[upkeep]\n|upkeep\n|-message|xdr4k300 forfeited.\n|\n|win|cavalgante\n|raw|cavalgante's rating: 1247 &rarr; <strong>1279<\/strong><br \/>(+32 for winning)\n|raw|xdr4k300's rating: 1347 &rarr; <strong>1321<\/strong><br \/>(-26 for losing)\n|l|\u2606xdr4k300\n","uploadtime":1699707264,"views":12,"p1id":"cavalgante","p2id":"xdr4k300","formatid":"gen9vgc2023regulatione","rating":1279,"private":0,"password":""}