{"id":"gen9vgc2023regulatione-1991159673","p1":"maku8319","p2":"Iono1119","format":"[Gen 9] VGC 2023 Regulation E","log":"|j|\u2606maku8319\n|j|\u2606Iono1119\n|n|\u2606maku8319|maku8319\n|n|\u2606Iono1119|iono1119\n|html|View the match progress at <a href=\"\/game-bestof3-gen9vgc2023regulatione-1991154095\">game-bestof3-gen9vgc2023regulatione-1991154095<\/a>\n|t:|1700051737\n|gametype|doubles\n|player|p1|maku8319|red|\n|player|p2|Iono1119|265|\n|teamsize|p1|6\n|teamsize|p2|6\n|gen|9\n|tier|[Gen 9] VGC 2023 Regulation E\n|rule|Species Clause: Limit one of each Pok\u00e9mon\n|rule|Item Clause: Limit one of each item\n|clearpoke\n|poke|p1|Landorus-Therian, L50, M|\n|poke|p1|Ogerpon-Wellspring, L50, F|\n|poke|p1|Iron Hands, L50|\n|poke|p1|Cresselia, L50, F|\n|poke|p1|Heatran, L50, M|\n|poke|p1|Flutter Mane, L50|\n|poke|p2|Landorus-Therian, L50, M|\n|poke|p2|Okidogi, L50, M|\n|poke|p2|Iron Hands, L50|\n|poke|p2|Ogerpon-Wellspring, L50, F|\n|poke|p2|Grimmsnarl, L50, M|\n|poke|p2|Moltres-Galar, L50|\n|teampreview|4\n|inactive|Battle timer is ON: inactive players will automatically lose when time's up. (requested by Iono1119)\n|inactive|maku8319 has 60 seconds left.\n|inactive|Iono1119 has 60 seconds left.\nIono1119 has agreed to open team sheets.\nmaku8319 has agreed to open team sheets.\n|showteam|p1|Landorus-Therian||ChoiceScarf|Intimidate|StompingTantrum,TeraBlast,Uturn,RockSlide|||M|||50|,,,,,Flying]Ogerpon-Wellspring||WellspringMask|WaterAbsorb|IvyCudgel,HornLeech,FollowMe,SpikyShield|||F|||50|,,,,,Water]Iron Hands||AssaultVest|QuarkDrive|WildCharge,DrainPunch,HeavySlam,FakeOut||||||50|,,,,,Grass]Cresselia||RockyHelmet|Levitate|Moonblast,HelpingHand,LunarBlessing,TrickRoom|||F|||50|,,,,,Fairy]Heatran||Leftovers|FlashFire|HeatWave,EarthPower,Substitute,Protect|||M|||50|,,,,,Grass]Flutter Mane||ChoiceSpecs|Protosynthesis|Moonblast,DazzlingGleam,ShadowBall,PowerGem||||||50|,,,,,Fairy\n|showteam|p2|Landorus-Therian||ChoiceScarf|Intimidate|StompingTantrum,RockSlide,TeraBlast,Uturn|||M|||50|,,,,,Flying]Okidogi||Leftovers|GuardDog|DrainPunch,PoisonJab,BulkUp,Protect|||M|||50|,,,,,Dark]Iron Hands||AssaultVest|QuarkDrive|DrainPunch,WildCharge,HeavySlam,FakeOut||||||50|,,,,,Grass]Ogerpon-Wellspring||WellspringMask|WaterAbsorb|IvyCudgel,HornLeech,FollowMe,SpikyShield|||F|||50|,,,,,Water]Grimmsnarl||LightClay|Prankster|SpiritBreak,Reflect,LightScreen,PartingShot|||M|||50|,,,,,Fire]Moltres-Galar||SitrusBerry|Berserk|FieryWrath,AirSlash,NastyPlot,Protect||||||50|,,,,,Poison\n|\n|t:|1700051784\n|start\n|switch|p1a: Iron Hands|Iron Hands, L50, shiny|100\/100\n|switch|p1b: Emilia|Flutter Mane, L50, shiny|100\/100\n|switch|p2a: Grimmsnarl|Grimmsnarl, L50, M|100\/100\n|switch|p2b: Okidogi|Okidogi, L50, M|100\/100\n|turn|1\n|inactive|maku8319 has 30 seconds left.\n|inactive|Iono1119 has 30 seconds left.\n|inactive|maku8319 has 20 seconds left.\n|inactive|Iono1119 has 20 seconds left.\n|inactive|maku8319 has 15 seconds left.\n|inactive|maku8319 has 10 seconds left.\n|inactive|Iono1119 has 15 seconds left.\n|inactive|maku8319 has 5 seconds left.\n|inactive|Iono1119 has 10 seconds left.\n|\n|t:|1700051836\n|-end|p1a: Iron Hands|Quark Drive|[silent]\n|switch|p1a: Ogerpon|Ogerpon-Wellspring, L50, F|100\/100\n|-terastallize|p1b: Emilia|Fairy\n|move|p2a: Grimmsnarl|Light Screen|p2a: Grimmsnarl\n|-sidestart|p2: Iono1119|move: Light Screen\n|move|p1b: Emilia|Moonblast|p2a: Grimmsnarl\n|-supereffective|p2a: Grimmsnarl\n|-damage|p2a: Grimmsnarl|0 fnt\n|faint|p2a: Grimmsnarl\n|move|p2b: Okidogi|Bulk Up|p2b: Okidogi\n|-boost|p2b: Okidogi|atk|1\n|-boost|p2b: Okidogi|def|1\n|\n|upkeep\n|inactive|Iono1119 has 30 seconds left.\n|\n|t:|1700051869\n|switch|p2a: \u63a8\u3057\u306e\u692a|Ogerpon-Wellspring, L50, F|100\/100\n|turn|2\n|\n|t:|1700051889\n|-terastallize|p2a: \u63a8\u3057\u306e\u692a|Water\n|detailschange|p2a: \u63a8\u3057\u306e\u692a|Ogerpon-Wellspring-Tera, L50, F, tera:Water\n|-ability|p2a: \u63a8\u3057\u306e\u692a|Embody Aspect (Wellspring)|boost\n|-boost|p2a: \u63a8\u3057\u306e\u692a|spd|1\n|move|p1b: Emilia|Moonblast|p2b: Okidogi\n|-damage|p2b: Okidogi|35\/100\n|move|p2a: \u63a8\u3057\u306e\u692a|Ivy Cudgel|p1b: Emilia|[anim] Ivy Cudgel Water\n|-damage|p1b: Emilia|0 fnt\n|faint|p1b: Emilia\n|-end|p1b: Emilia|Protosynthesis|[silent]\n|move|p1a: Ogerpon|Ivy Cudgel|p2b: Okidogi|[anim] Ivy Cudgel Water\n|-damage|p2b: Okidogi|0 fnt\n|faint|p2b: Okidogi\n|\n|upkeep\n|\n|t:|1700051905\n|switch|p1b: Landorus|Landorus-Therian, L50, M|100\/100\n|switch|p2b: Moltres|Moltres-Galar, L50|100\/100\n|-ability|p1b: Landorus|Intimidate|boost\n|-unboost|p2a: \u63a8\u3057\u306e\u692a|atk|1\n|-unboost|p2b: Moltres|atk|1\n|turn|3\n|inactive|maku8319 has 30 seconds left.\n|inactive|Iono1119 has 30 seconds left.\n|inactive|Iono1119 has 20 seconds left.\n|inactive|Iono1119 has 15 seconds left.\n|\n|t:|1700051946\n|move|p2b: Moltres|Protect|p2b: Moltres\n|-singleturn|p2b: Moltres|Protect\n|move|p1b: Landorus|U-turn|p2a: \u63a8\u3057\u306e\u692a\n|-damage|p2a: \u63a8\u3057\u306e\u692a|78\/100\n|\n|t:|1700051950\n|switch|p1b: Iron Hands|Iron Hands, L50, shiny|100\/100|[from] U-turn\n|move|p2a: \u63a8\u3057\u306e\u692a|Ivy Cudgel|p1b: Iron Hands|[anim] Ivy Cudgel Water\n|-damage|p1b: Iron Hands|68\/100\n|move|p1a: Ogerpon|Ivy Cudgel|p2b: Moltres|[anim] Ivy Cudgel Water\n|-activate|p2b: Moltres|move: Protect\n|\n|upkeep\n|turn|4\n|\n|t:|1700051968\n|move|p2a: \u63a8\u3057\u306e\u692a|Follow Me|p2a: \u63a8\u3057\u306e\u692a\n|-singleturn|p2a: \u63a8\u3057\u306e\u692a|move: Follow Me\n|move|p1a: Ogerpon|Ivy Cudgel|p2a: \u63a8\u3057\u306e\u692a|[anim] Ivy Cudgel Water\n|-resisted|p2a: \u63a8\u3057\u306e\u692a\n|-damage|p2a: \u63a8\u3057\u306e\u692a|50\/100\n|move|p2b: Moltres|Nasty Plot|p2b: Moltres\n|-boost|p2b: Moltres|spa|2\n|move|p1b: Iron Hands|Wild Charge|p2a: \u63a8\u3057\u306e\u692a\n|-supereffective|p2a: \u63a8\u3057\u306e\u692a\n|-damage|p2a: \u63a8\u3057\u306e\u692a|0 fnt\n|faint|p2a: \u63a8\u3057\u306e\u692a\n|-damage|p1b: Iron Hands|58\/100|[from] Recoil\n|\n|upkeep\n|turn|5\n|\n|t:|1700051984\n|move|p1a: Ogerpon|Ivy Cudgel|p2b: Moltres|[anim] Ivy Cudgel Water\n|-damage|p2b: Moltres|41\/100\n|-ability|p2b: Moltres|Berserk|boost\n|-boost|p2b: Moltres|spa|1\n|-enditem|p2b: Moltres|Sitrus Berry|[eat]\n|-heal|p2b: Moltres|65\/100|[from] item: Sitrus Berry\n|move|p2b: Moltres|Fiery Wrath|p1b: Iron Hands|[spread] p1a,p1b\n|-resisted|p1b: Iron Hands\n|-damage|p1a: Ogerpon|36\/100\n|-damage|p1b: Iron Hands|40\/100\n|move|p1b: Iron Hands|Wild Charge|p2b: Moltres\n|-supereffective|p2b: Moltres\n|-damage|p2b: Moltres|0 fnt\n|faint|p2b: Moltres\n|-damage|p1b: Iron Hands|27\/100|[from] Recoil\n|\n|win|maku8319\n|l|\u2606Iono1119\n","uploadtime":1700053228,"views":11,"p1id":"maku8319","p2id":"iono1119","formatid":"gen9vgc2023regulatione","rating":0,"private":0,"password":""}