{"id":"gen9vgc2023regulatione-1988122652","p1":"heavenz11","p2":"Nakoto Ris","format":"[Gen 9] VGC 2023 Regulation E","log":"|j|\u2606heavenz11\n|j|\u2606Nakoto Ris\n|t:|1699672351\n|gametype|doubles\n|player|p1|heavenz11|170|1254\n|player|p2|Nakoto Ris|juliana-bb|1171\n|teamsize|p1|6\n|teamsize|p2|6\n|gen|9\n|tier|[Gen 9] VGC 2023 Regulation E\n|rated|\n|rule|Species Clause: Limit one of each Pok\u00e9mon\n|rule|Item Clause: Limit one of each item\n|clearpoke\n|poke|p1|Tornadus, L50, M|\n|poke|p1|Urshifu-*, L50, F|\n|poke|p1|Farigiraf, L50, F|\n|poke|p1|Rillaboom, L50, M|\n|poke|p1|Heatran, L50, F|\n|poke|p1|Flutter Mane, L50|\n|poke|p2|Gholdengo, L50|\n|poke|p2|Perrserker, L50, M|\n|poke|p2|Tornadus, L50, M|\n|poke|p2|Urshifu-*, L50, M|\n|poke|p2|Landorus-Therian, L50, M|\n|poke|p2|Ogerpon, L50, F|\n|teampreview|4\n|\n|t:|1699672369\n|start\n|switch|p1a: Tornadus|Tornadus, L50, M|100\/100\n|switch|p1b: Flutter Mane|Flutter Mane, L50|100\/100\n|switch|p2a: Perrserker|Perrserker, L50, M, shiny|100\/100\n|switch|p2b: Gholdengo|Gholdengo, L50, shiny|100\/100\n|turn|1\n|\n|t:|1699672394\n|move|p2a: Perrserker|Protect|p2a: Perrserker\n|-singleturn|p2a: Perrserker|Protect\n|move|p1a: Tornadus|Tailwind|p1a: Tornadus\n|-sidestart|p1: heavenz11|move: Tailwind\n|move|p1b: Flutter Mane|Shadow Ball|p2b: Gholdengo\n|-supereffective|p2b: Gholdengo\n|-damage|p2b: Gholdengo|0 fnt\n|faint|p2b: Gholdengo\n|\n|upkeep\n|-message|Nakoto Ris forfeited.\n|\n|win|heavenz11\n|raw|heavenz11's rating: 1254 &rarr; <strong>1275<\/strong><br \/>(+21 for winning)\n|raw|Nakoto Ris's rating: 1192 &rarr; <strong>1171<\/strong><br \/>(-21 for losing)\n|l|\u2606Nakoto Ris\n","uploadtime":1699672409,"views":12,"p1id":"heavenz11","p2id":"nakotoris","formatid":"gen9vgc2023regulatione","rating":1171,"private":0,"password":""}