{"id":"gen9vgc2023regulatione-1993452003","p1":"yexoo","p2":"Sinister Patron","format":"[Gen 9] VGC 2023 Regulation E","log":"|j|\u2606yexoo\n|j|\u2606Sinister Patron\n|t:|1700319630\n|gametype|doubles\n|player|p1|yexoo|veteran|1154\n|player|p2|Sinister Patron|flannery|1034\n|teamsize|p1|6\n|teamsize|p2|6\n|gen|9\n|tier|[Gen 9] VGC 2023 Regulation E\n|rated|\n|rule|Species Clause: Limit one of each Pok\u00e9mon\n|rule|Item Clause: Limit one of each item\n|clearpoke\n|poke|p1|Torkoal, L50, M|\n|poke|p1|Flutter Mane, L50|\n|poke|p1|Ogerpon-Hearthflame, L50, F|\n|poke|p1|Indeedee-F, L50, F|\n|poke|p1|Armarouge, L50, F|\n|poke|p1|Snorlax, L50, M|\n|poke|p2|Baxcalibur, L50, F|\n|poke|p2|Ninetales-Alola, L50, F|\n|poke|p2|Amoonguss, L50, M|\n|poke|p2|Tornadus, L50, M|\n|poke|p2|Landorus-Therian, L50, M|\n|poke|p2|Chi-Yu, L50|\n|teampreview|4\n|inactive|Battle timer is ON: inactive players will automatically lose when time's up. (requested by yexoo)\n|inactive|Sinister Patron also wants the timer to be on.\nSinister Patron has agreed to open team sheets.\n|inactive|yexoo has 60 seconds left.\n|inactive|yexoo has 30 seconds left.\n|inactive|yexoo has 20 seconds left.\n|inactive|yexoo has 15 seconds left.\n|inactive|yexoo has 10 seconds left.\n|inactive|yexoo has 5 seconds left.\n|\n|t:|1700319718\n|start\n|switch|p1a: Snorlax|Snorlax, L50, M|100\/100\n|switch|p1b: Torkoal|Torkoal, L50, M, shiny|100\/100\n|switch|p2a: Big BAX|Baxcalibur, L50, F|100\/100\n|switch|p2b: My Wife|Ninetales-Alola, L50, F|100\/100\n|-weather|Snow|[from] ability: Snow Warning|[of] p2b: My Wife\n|-weather|SunnyDay|[from] ability: Drought|[of] p1b: Torkoal\n|turn|1\n|inactive|yexoo has 30 seconds left.\n|inactive|Sinister Patron has 30 seconds left.\n|inactive|Sinister Patron has 20 seconds left.\n|inactive|Sinister Patron has 15 seconds left.\n|inactive|Sinister Patron has 10 seconds left.\n|inactive|Sinister Patron has 5 seconds left.\n|\n|t:|1700319773\n|move|p2b: My Wife|Blizzard|p1b: Torkoal|[spread] p1a\n|-miss|p2b: My Wife|p1b: Torkoal\n|-damage|p1a: Snorlax|88\/100\n|move|p2a: Big BAX|Scale Shot|p1a: Snorlax\n|-damage|p1a: Snorlax|74\/100\n|-damage|p1a: Snorlax|60\/100\n|-damage|p1a: Snorlax|45\/100\n|-enditem|p1a: Snorlax|Sitrus Berry|[eat]\n|-heal|p1a: Snorlax|70\/100|[from] item: Sitrus Berry\n|-crit|p1a: Snorlax\n|-damage|p1a: Snorlax|50\/100\n|-hitcount|p1a: Snorlax|4\n|-unboost|p2a: Big BAX|def|1\n|-boost|p2a: Big BAX|spe|1\n|move|p1a: Snorlax|Body Slam|p2a: Big BAX\n|-damage|p2a: Big BAX|48\/100\n|-status|p2a: Big BAX|par\n|move|p1b: Torkoal|Heat Wave|p2b: My Wife|[spread] p2a,p2b\n|-supereffective|p2b: My Wife\n|-damage|p2a: Big BAX|7\/100 par\n|-damage|p2b: My Wife|19\/100\n|-ability|p2a: Big BAX|Thermal Exchange|boost\n|-boost|p2a: Big BAX|atk|1\n|\n|-weather|SunnyDay|[upkeep]\n|upkeep\n|turn|2\n|inactive|yexoo has 30 seconds left.\n|inactive|Sinister Patron has 30 seconds left.\n|c|\u2606yexoo|hi I burn your wife\n|inactive|Sinister Patron has 20 seconds left.\n|inactive|Sinister Patron has 15 seconds left.\n|inactive|Sinister Patron has 10 seconds left.\n|inactive|Sinister Patron has 5 seconds left.\n|\n|t:|1700319828\n|switch|p1b: Flutter Mane|Flutter Mane, L50|100\/100\n|-activate|p1b: Flutter Mane|ability: Protosynthesis\n|-start|p1b: Flutter Mane|protosynthesisspe\n|move|p2b: My Wife|Blizzard|p1b: Flutter Mane|[spread] p1a\n|-miss|p2b: My Wife|p1b: Flutter Mane\n|-damage|p1a: Snorlax|37\/100\n|move|p2a: Big BAX|Scale Shot|p1b: Flutter Mane\n|-immune|p1b: Flutter Mane\n|move|p1a: Snorlax|Recycle|p1a: Snorlax\n|-item|p1a: Snorlax|Sitrus Berry|[from] move: Recycle\n|-enditem|p1a: Snorlax|Sitrus Berry|[eat]\n|-heal|p1a: Snorlax|62\/100|[from] item: Sitrus Berry\n|\n|-weather|SunnyDay|[upkeep]\n|upkeep\n|turn|3\n|inactive|yexoo has 30 seconds left.\n|inactive|Sinister Patron has 30 seconds left.\n|inactive|yexoo has 20 seconds left.\n|inactive|Sinister Patron has 20 seconds left.\n|inactive|Sinister Patron has 15 seconds left.\n|inactive|Sinister Patron has 10 seconds left.\n|inactive|Sinister Patron has 5 seconds left.\n|\n|t:|1700319883\n|move|p1b: Flutter Mane|Icy Wind|p2a: Big BAX|[spread] p2a,p2b\n|-resisted|p2b: My Wife\n|-damage|p2a: Big BAX|0 fnt\n|-damage|p2b: My Wife|8\/100\n|-unboost|p2b: My Wife|spe|1\n|faint|p2a: Big BAX\n|move|p2b: My Wife|Blizzard|p1b: Flutter Mane|[spread] p1b\n|-miss|p2b: My Wife|p1a: Snorlax\n|-damage|p1b: Flutter Mane|74\/100\n|move|p1a: Snorlax|Recycle|p1a: Snorlax\n|-item|p1a: Snorlax|Sitrus Berry|[from] move: Recycle\n|\n|-weather|SunnyDay|[upkeep]\n|upkeep\n|inactive|Sinister Patron has 30 seconds left.\n|inactive|Sinister Patron has 20 seconds left.\n|inactive|Sinister Patron has 15 seconds left.\n|inactive|Sinister Patron has 10 seconds left.\n|inactive|Sinister Patron has 5 seconds left.\n|\n|t:|1700319938\n|switch|p2a: insert among joke|Amoonguss, L50, M|100\/100\n|turn|4\n|inactive|Sinister Patron has 30 seconds left.\n|inactive|Sinister Patron has 20 seconds left.\n|inactive|Sinister Patron has 15 seconds left.\n|inactive|Sinister Patron has 10 seconds left.\n|inactive|Sinister Patron has 5 seconds left.\n|\n|t:|1700319993\n|move|p1b: Flutter Mane|Icy Wind|p2b: My Wife|[spread] p2b\n|-miss|p1b: Flutter Mane|p2a: insert among joke\n|-resisted|p2b: My Wife\n|-damage|p2b: My Wife|0 fnt\n|faint|p2b: My Wife\n|move|p1a: Snorlax|Body Slam|p2a: insert among joke\n|-crit|p2a: insert among joke\n|-damage|p2a: insert among joke|61\/100\n|-status|p2a: insert among joke|par\n|cant|p2a: insert among joke|par\n|\n|-weather|SunnyDay|[upkeep]\n|upkeep\n|inactive|Sinister Patron has 30 seconds left.\n|inactive|Sinister Patron has 20 seconds left.\n|inactive|Sinister Patron has 15 seconds left.\n|inactive|Sinister Patron has 10 seconds left.\n|inactive|Sinister Patron has 5 seconds left.\n|\n|t:|1700320048\n|switch|p2b: Chef Chi-yu|Chi-Yu, L50|100\/100\n|-ability|p2b: Chef Chi-yu|Beads of Ruin\n|turn|5\n|inactive|Sinister Patron has 30 seconds left.\n|inactive|Sinister Patron has 20 seconds left.\n|c|\u2606yexoo|hru?\n|inactive|Sinister Patron has 15 seconds left.\n|inactive|Sinister Patron has 10 seconds left.\n|inactive|Sinister Patron has 5 seconds left.\n|\n|t:|1700320103\n|-end|p1b: Flutter Mane|Protosynthesis|[silent]\n|switch|p1b: Ogerpon|Ogerpon-Hearthflame, L50, F|100\/100\n|-ability|p1b: Ogerpon|Mold Breaker\n|move|p2b: Chef Chi-yu|Heat Wave|p1b: Ogerpon|[spread] p1a,p1b\n|-damage|p1a: Snorlax|18\/100\n|-damage|p1b: Ogerpon|0 fnt\n|-status|p1a: Snorlax|brn\n|-enditem|p1a: Snorlax|Sitrus Berry|[eat]\n|-heal|p1a: Snorlax|43\/100 brn|[from] item: Sitrus Berry\n|faint|p1b: Ogerpon\n|-damage|p2b: Chef Chi-yu|90\/100|[from] item: Life Orb\n|move|p1a: Snorlax|Body Slam|p2b: Chef Chi-yu\n|-damage|p2b: Chef Chi-yu|63\/100\n|cant|p2a: insert among joke|par\n|\n|-weather|none\n|-damage|p1a: Snorlax|37\/100 brn|[from] brn\n|upkeep\n|\n|t:|1700320122\n|switch|p1b: Torkoal|Torkoal, L50, M, shiny|100\/100\n|-weather|SunnyDay|[from] ability: Drought|[of] p1b: Torkoal\n|turn|6\n|inactive|Sinister Patron has 30 seconds left.\n|inactive|Sinister Patron has 20 seconds left.\n|inactive|Sinister Patron has 15 seconds left.\n|inactive|Sinister Patron has 10 seconds left.\n|inactive|Sinister Patron has 5 seconds left.\n|-message|Sinister Patron lost due to inactivity.\n|\n|win|yexoo\n|raw|yexoo's rating: 1154 &rarr; <strong>1171<\/strong><br \/>(+17 for winning)\n|raw|Sinister Patron's rating: 1034 &rarr; <strong>1024<\/strong><br \/>(-10 for losing)\n","uploadtime":1700319800,"views":5,"p1id":"yexoo","p2id":"sinisterpatron","formatid":"gen9vgc2023regulatione","rating":1024,"private":0,"password":""}