{"id":"gen9vgc2023regulatione-1995541920","p1":"PensiDiFarRidere?","p2":"Husky12_d","format":"[Gen 9] VGC 2023 Regulation E","log":"|j|\u2606PensiDiFarRidere?\n|j|\u2606Husky12_d\n|n|\u2606PensiDiFarRidere?|pensidifarridere\n|n|\u2606Husky12_d|husky12d\n|html|View the match progress at <a href=\"\/game-bestof3-gen9vgc2023regulatione-1995541919\">game-bestof3-gen9vgc2023regulatione-1995541919<\/a>\n|t:|1700581308\n|gametype|doubles\n|player|p1|PensiDiFarRidere?|steven|\n|player|p2|Husky12_d|blue|\n|teamsize|p1|6\n|teamsize|p2|6\n|gen|9\n|tier|[Gen 9] VGC 2023 Regulation E\n|rule|Species Clause: Limit one of each Pok\u00e9mon\n|rule|Item Clause: Limit one of each item\n|clearpoke\n|poke|p1|Urshifu-*, L50, M|\n|poke|p1|Iron Hands, L50|\n|poke|p1|Rillaboom, L50, M|\n|poke|p1|Heatran, L50, F|\n|poke|p1|Iron Bundle, L50|\n|poke|p1|Flutter Mane, L50|\n|poke|p2|Iron Bundle, L50|\n|poke|p2|Urshifu-*, L50, F|\n|poke|p2|Sneasler, L50, F|\n|poke|p2|Ogerpon-Hearthflame, L50, F|\n|poke|p2|Tornadus, L50, M|\n|poke|p2|Rillaboom, L50, F|\n|teampreview|4\nPensiDiFarRidere? has agreed to open team sheets.\nHusky12_d has agreed to open team sheets.\n|showteam|p1|Urshifu||FocusSash|UnseenFist|Detect,WickedBlow,CloseCombat,SuckerPunch|||M|||50|,,,,,Dark]Iron Hands||AssaultVest|QuarkDrive|FakeOut,WildCharge,DrainPunch,HeavySlam||||||50|,,,,,Poison]Rillaboom||MiracleSeed|GrassySurge|FakeOut,GrassyGlide,WoodHammer,HighHorsepower|||M|||50|,,,,,Fire]Heatran||SafetyGoggles|FlashFire|HeatWave,EarthPower,FlashCannon,Protect|||F|||50|,,,,,Bug]Iron Bundle||BoosterEnergy|QuarkDrive|FreezeDry,IcyWind,HydroPump,Protect||||||50|,,,,,Ghost]Flutter Mane||ChoiceSpecs|Protosynthesis|DazzlingGleam,IcyWind,ShadowBall,Moonblast||||||50|,,,,,Fairy\n|showteam|p2|Iron Bundle||BoosterEnergy|QuarkDrive|IcyWind,HydroPump,FreezeDry,Protect||||||50|,,,,,Ghost]Urshifu||ChoiceBand|UnseenFist|SuckerPunch,WickedBlow,CloseCombat,PoisonJab|||F|||50|,,,,,Dark]Sneasler||GrassySeed|Unburden|CloseCombat,Protect,Acrobatics,SwordsDance|||F|||50|,,,,,Flying]Ogerpon-Hearthflame||HearthflameMask|MoldBreaker|StompingTantrum,IvyCudgel,SpikyShield,GrassyGlide|||F|||50|,,,,,Fire]Tornadus||RockyHelmet|Prankster|Protect,BleakwindStorm,Tailwind,SunnyDay|||M|||50|,,,,,Steel]Rillaboom||MiracleSeed|GrassySurge|FakeOut,WoodHammer,GrassyGlide,Taunt|||F|||50|,,,,,Grass\n|c|\u2606PensiDiFarRidere?|gl hf\n|c|\u2606Husky12_d|no u\n|c|\u2606PensiDiFarRidere?|AHAHHAHAHHA\n|inactive|Battle timer is ON: inactive players will automatically lose when time's up. (requested by PensiDiFarRidere?)\n|inactive|Husky12_d has 60 seconds left.\n|\n|t:|1700581382\n|start\n|switch|p1a: Urshifu|Urshifu, L50, M|100\/100\n|switch|p1b: Rillaboom|Rillaboom, L50, M|100\/100\n|switch|p2a: Filini|Ogerpon-Hearthflame, L50, F|100\/100\n|switch|p2b: Mariangela|Rillaboom, L50, F|100\/100\n|-ability|p2a: Filini|Mold Breaker\n|-fieldstart|move: Grassy Terrain|[from] ability: Grassy Surge|[of] p2b: Mariangela\n|turn|1\n|inactive|PensiDiFarRidere? has 30 seconds left.\n|inactive|Husky12_d has 30 seconds left.\n|\n|t:|1700581412\n|-terastallize|p1a: Urshifu|Dark\n|move|p2b: Mariangela|Fake Out|p1b: Rillaboom\n|-damage|p1b: Rillaboom|86\/100\n|cant|p1b: Rillaboom|flinch\n|move|p2a: Filini|Ivy Cudgel|p1b: Rillaboom|[anim] Ivy Cudgel Fire\n|-supereffective|p1b: Rillaboom\n|-crit|p1b: Rillaboom\n|-damage|p1b: Rillaboom|0 fnt\n|faint|p1b: Rillaboom\n|move|p1a: Urshifu|Wicked Blow|p2a: Filini\n|-crit|p2a: Filini\n|-damage|p2a: Filini|0 fnt\n|faint|p2a: Filini\n|\n|upkeep\n|\n|t:|1700581429\n|switch|p2a: Signora Silvani|Sneasler, L50, F|100\/100\n|switch|p1b: Iron Hands|Iron Hands, L50|100\/100\n|-enditem|p2a: Signora Silvani|Grassy Seed\n|-boost|p2a: Signora Silvani|def|1|[from] item: Grassy Seed\n|turn|2\n|inactive|Husky12_d has 30 seconds left.\n|inactive|Husky12_d has 20 seconds left.\n|\n|t:|1700581468\n|-terastallize|p2b: Mariangela|Grass\n|move|p2a: Signora Silvani|Protect|p2a: Signora Silvani\n|-singleturn|p2a: Signora Silvani|Protect\n|move|p1b: Iron Hands|Fake Out|p2a: Signora Silvani\n|-activate|p2a: Signora Silvani|move: Protect\n|move|p1a: Urshifu|Wicked Blow|p2b: Mariangela\n|-crit|p2b: Mariangela\n|-damage|p2b: Mariangela|24\/100\n|move|p2b: Mariangela|Wood Hammer|p1b: Iron Hands\n|-damage|p1b: Iron Hands|17\/100\n|-damage|p2b: Mariangela|0 fnt|[from] Recoil\n|faint|p2b: Mariangela\n|\n|-heal|p1b: Iron Hands|23\/100|[from] Grassy Terrain\n|upkeep\n|\n|t:|1700581479\n|switch|p2b: Mega Direttore|Tornadus, L50, M|100\/100\n|turn|3\n|inactive|PensiDiFarRidere? has 30 seconds left.\n|inactive|PensiDiFarRidere? has 20 seconds left.\n|inactive|PensiDiFarRidere? has 15 seconds left.\n|\n|t:|1700581521\n|move|p2a: Signora Silvani|Acrobatics|p1b: Iron Hands\n|-damage|p1b: Iron Hands|0 fnt\n|faint|p1b: Iron Hands\n|-end|p1b: Iron Hands|Quark Drive|[silent]\n|move|p1a: Urshifu|Wicked Blow|p2b: Mega Direttore\n|-crit|p2b: Mega Direttore\n|-damage|p2b: Mega Direttore|26\/100\n|-damage|p1a: Urshifu|84\/100|[from] item: Rocky Helmet|[of] p2b: Mega Direttore\n|move|p2b: Mega Direttore|Bleakwind Storm|p1a: Urshifu\n|-damage|p1a: Urshifu|15\/100\n|\n|-heal|p1a: Urshifu|21\/100|[from] Grassy Terrain\n|upkeep\n|\n|t:|1700581527\n|switch|p1b: Iron Bundle|Iron Bundle, L50|100\/100\n|-enditem|p1b: Iron Bundle|Booster Energy\n|-activate|p1b: Iron Bundle|ability: Quark Drive|[fromitem]\n|-start|p1b: Iron Bundle|quarkdrivespe\n|turn|4\n|inactive|Husky12_d has 30 seconds left.\n|inactive|Husky12_d has 20 seconds left.\n|inactive|Husky12_d has 15 seconds left.\n|\n|t:|1700581567\n|move|p2b: Mega Direttore|Protect|p2b: Mega Direttore\n|-singleturn|p2b: Mega Direttore|Protect\n|move|p2a: Signora Silvani|Acrobatics|p1a: Urshifu\n|-damage|p1a: Urshifu|0 fnt\n|faint|p1a: Urshifu\n|move|p1b: Iron Bundle|Icy Wind|p2b: Mega Direttore|[spread] p2a\n|-activate|p2b: Mega Direttore|move: Protect\n|-damage|p2a: Signora Silvani|77\/100\n|-unboost|p2a: Signora Silvani|spe|1\n|\n|-heal|p2a: Signora Silvani|83\/100|[from] Grassy Terrain\n|upkeep\n|turn|5\n|\n|t:|1700581581\n|move|p2b: Mega Direttore|Tailwind|p2b: Mega Direttore\n|-sidestart|p2: Husky12_d|move: Tailwind\n|move|p2a: Signora Silvani|Close Combat|p1b: Iron Bundle\n|-supereffective|p1b: Iron Bundle\n|-damage|p1b: Iron Bundle|0 fnt\n|-unboost|p2a: Signora Silvani|def|1\n|-unboost|p2a: Signora Silvani|spd|1\n|faint|p1b: Iron Bundle\n|-end|p1b: Iron Bundle|Quark Drive|[silent]\n|\n|win|Husky12_d\n|c|&|\/uhtml prompt-husky12d,Husky12_d is ready for game 2!\n|c|&|\/uhtml prompt-pensidifarridere,PensiDiFarRidere? is ready for game 2!\nBoth players are ready! Starting next match!\n","uploadtime":1700581598,"views":0,"p1id":"pensidifarridere","p2id":"husky12d","formatid":"gen9vgc2023regulatione","rating":0,"private":0,"password":""}