{"id":"gen9vgc2023regulatione-1988162444","p1":"speedrunlegend","p2":"LifeOrbPex","format":"[Gen 9] VGC 2023 Regulation E","log":"|j|\u2606speedrunlegend\n|j|\u2606LifeOrbPex\n|t:|1699677749\n|gametype|doubles\n|player|p1|speedrunlegend|169|\n|player|p2|LifeOrbPex|2|\n|teamsize|p1|6\n|teamsize|p2|6\n|gen|9\n|tier|[Gen 9] VGC 2023 Regulation E\n|rated|Tournament battle\n|rule|Species Clause: Limit one of each Pok\u00e9mon\n|rule|Item Clause: Limit one of each item\n|clearpoke\n|poke|p1|Cyclizar, L50, M|\n|poke|p1|Hatterene, L50, F|\n|poke|p1|Kingambit, L50, M|\n|poke|p1|Mimikyu, L50, M|\n|poke|p1|Amoonguss, L50, F|\n|poke|p1|Volcarona, L50, F|\n|poke|p2|Vulpix-Alola, L50, F|\n|poke|p2|Piloswine, L50, F|\n|poke|p2|Dusclops, L50, M|\n|poke|p2|Thwackey, L50, M|\n|poke|p2|Sneasel, L50, M|\n|poke|p2|Primeape, L50, M|\n|teampreview|4\n|showteam|p1|Cyclizar||ChoiceScarf|Regenerator|DracoMeteor,TeraBlast,ShedTail,Overheat|||M|||50|,,,,,Ghost]Hatterene||FocusSash|MagicBounce|LifeDew,MagicPowder,TrickRoom,DazzlingGleam|||F|||50|,,,,,Psychic]Kingambit||IronBall|Defiant|Protect,IronHead,SwordsDance,KowtowCleave|||M|||50|,,,,,Flying]Mimikyu||LifeOrb|Disguise|ShadowClaw,SwordsDance,TrickRoom,PlayRough|||M|||50|,,,,,Ghost]Amoonguss||SitrusBerry|Regenerator|Spore,RagePowder,GigaDrain,ClearSmog|||F|||50|,,,,,Fire]Volcarona||KeeBerry|FlameBody|TeraBlast,RagePowder,QuiverDance,FieryDance|||F|||50|,,,,,Water\n|showteam|p2|Vulpix-Alola||CovertCloak|SnowWarning|AuroraVeil,Blizzard,IcyWind,Protect|||F|||50|,,,,,Ice]Piloswine||LifeOrb|ThickFat|IcicleCrash,HighHorsepower,IceShard,Protect|||F|||50|,,,,,Fire]Dusclops||Eviolite|Frisk|WillOWisp,TrickRoom,Taunt,Hex|||M|||50|,,,,,Dark]Thwackey||MiracleSeed|GrassySurge|WoodHammer,GrassyGlide,FakeOut,Protect|||M|||50|,,,,,Grass]Sneasel||FocusSash|InnerFocus|KnockOff,IcicleCrash,FakeOut,BeatUp|||M|||50|,,,,,Dark]Primeape||SitrusBerry|VitalSpirit|DrainPunch,RageFist,BulkUp,Protect|||M|||50|,,,,,Fire\n|inactive|Battle timer is ON: inactive players will automatically lose when time's up. (requested by speedrunlegend)\n|inactive|LifeOrbPex has 60 seconds left.\n|\n|t:|1699677800\n|start\n|switch|p1a: Cyclizar|Cyclizar, L50, M|100\/100\n|switch|p1b: Volcarona|Volcarona, L50, F|100\/100\n|switch|p2a: Sneasel|Sneasel, L50, M|100\/100\n|switch|p2b: Primeape|Primeape, L50, M|100\/100\n|turn|1\n|inactive|LifeOrbPex has 30 seconds left.\n|\n|t:|1699677833\n|-terastallize|p1a: Cyclizar|Ghost\n|move|p2a: Sneasel|Fake Out|p1b: Volcarona\n|-damage|p1b: Volcarona|81\/100\n|-status|p2a: Sneasel|brn|[from] ability: Flame Body|[of] p1b: Volcarona\n|-enditem|p1b: Volcarona|Kee Berry|[eat]\n|-boost|p1b: Volcarona|def|1|[from] item: Kee Berry\n|cant|p1b: Volcarona|flinch\n|move|p1a: Cyclizar|Shed Tail|p1a: Cyclizar\n|-start|p1a: Cyclizar|Substitute|[from] move: Shed Tail\n|-damage|p1a: Cyclizar|50\/100\n|\n|t:|1699677845\n|switch|p1a: Hatterene|Hatterene, L50, F|100\/100|[from] Shed Tail\n|move|p2b: Primeape|Bulk Up|p2b: Primeape\n|-boost|p2b: Primeape|atk|1\n|-boost|p2b: Primeape|def|1\n|\n|-damage|p2a: Sneasel|94\/100 brn|[from] brn\n|upkeep\n|turn|2\n|inactive|LifeOrbPex has 30 seconds left.\n|\n|t:|1699677872\n|-terastallize|p2b: Primeape|Fire\n|move|p2a: Sneasel|Beat Up|p2b: Primeape\n|-damage|p2b: Primeape|97\/100\n|-damage|p2b: Primeape|93\/100\n|-damage|p2b: Primeape|90\/100\n|-damage|p2b: Primeape|87\/100\n|-hitcount|p2b: Primeape|4\n|move|p1b: Volcarona|Quiver Dance|p1b: Volcarona\n|-boost|p1b: Volcarona|spa|1\n|-boost|p1b: Volcarona|spd|1\n|-boost|p1b: Volcarona|spe|1\n|move|p2b: Primeape|Rage Fist|p1b: Volcarona\n|-damage|p1b: Volcarona|0 fnt\n|faint|p1b: Volcarona\n|move|p1a: Hatterene|Dazzling Gleam|p2a: Sneasel|[spread] p2a,p2b\n|-supereffective|p2a: Sneasel\n|-resisted|p2b: Primeape\n|-damage|p2a: Sneasel|0 fnt\n|-damage|p2b: Primeape|67\/100\n|faint|p2a: Sneasel\n|\n|upkeep\n|inactive|speedrunlegend has 30 seconds left.\n|inactive|speedrunlegend has 20 seconds left.\n|\n|t:|1699677908\n|switch|p2a: Piloswine|Piloswine, L50, F|100\/100\n|switch|p1b: Cyclizar|Cyclizar, L50, M, tera:Ghost|83\/100\n|turn|3\n|j| Flarefox_7\n|\n|t:|1699677926\n|move|p1b: Cyclizar|Shed Tail|p1b: Cyclizar\n|-start|p1b: Cyclizar|Substitute|[from] move: Shed Tail\n|-damage|p1b: Cyclizar|33\/100\n|\n|t:|1699677929\n|switch|p1b: Kingambit|Kingambit, L50, M|100\/100|[from] Shed Tail\n|move|p2b: Primeape|Rage Fist|p1b: Kingambit\n|-resisted|p1b: Kingambit\n|-end|p1b: Kingambit|Substitute\n|move|p2a: Piloswine|High Horsepower|p1a: Hatterene\n|-end|p1a: Hatterene|Substitute\n|-damage|p2a: Piloswine|91\/100|[from] item: Life Orb\n|move|p1a: Hatterene|Trick Room|p1a: Hatterene\n|-fieldstart|move: Trick Room|[of] p1a: Hatterene\n|\n|upkeep\n|turn|4\n|inactive|speedrunlegend has 30 seconds left.\n|inactive|LifeOrbPex has 30 seconds left.\n|inactive|speedrunlegend has 20 seconds left.\n|\n|t:|1699677968\n|move|p1b: Kingambit|Kowtow Cleave|p2b: Primeape\n|-damage|p2b: Primeape|18\/100\n|-enditem|p2b: Primeape|Sitrus Berry|[eat]\n|-heal|p2b: Primeape|43\/100|[from] item: Sitrus Berry\n|move|p1a: Hatterene|Magic Powder||[still]\n|-fail|p1a: Hatterene\n|move|p2a: Piloswine|High Horsepower|p1a: Hatterene\n|-damage|p1a: Hatterene|33\/100\n|-damage|p2a: Piloswine|81\/100|[from] item: Life Orb\n|move|p2b: Primeape|Drain Punch|p1b: Kingambit\n|-supereffective|p1b: Kingambit\n|-crit|p1b: Kingambit\n|-damage|p1b: Kingambit|0 fnt\n|-heal|p2b: Primeape|100\/100|[from] drain|[of] p1b: Kingambit\n|faint|p1b: Kingambit\n|\n|upkeep\n|-message|speedrunlegend forfeited.\n|\n|win|LifeOrbPex\n|n|\u2606speedrunlegend|speedrunlegend\n|n|\u2606LifeOrbPex|lifeorbpex\n|n| Flarefox_7|flarefox7\n|l|\u2606speedrunlegend\n|c|\u2606LifeOrbPex|wtf is magic powder\n|l| Flarefox_7\n","uploadtime":1699678219,"views":23,"p1id":"speedrunlegend","p2id":"lifeorbpex","formatid":"gen9vgc2023regulatione","rating":0,"private":0,"password":""}