{"id":"gen9vgc2023regulatione-1996074837","p1":"sempra","p2":"BravadoVGC","format":"[Gen 9] VGC 2023 Regulation E","log":"|j|\u2606sempra\n|j|\u2606BravadoVGC\n|n|\u2606sempra|sempra\n|n|\u2606BravadoVGC|bravadovgc\n|html|View the match progress at <a href=\"\/game-bestof3-gen9vgc2023regulatione-1996074836\">game-bestof3-gen9vgc2023regulatione-1996074836<\/a>\n|t:|1700639909\n|gametype|doubles\n|player|p1|sempra|#scl3machines|\n|player|p2|BravadoVGC|101|\n|teamsize|p1|6\n|teamsize|p2|6\n|gen|9\n|tier|[Gen 9] VGC 2023 Regulation E\n|rated|Tournament battle\n|rule|Species Clause: Limit one of each Pok\u00e9mon\n|rule|Item Clause: Limit one of each item\n|clearpoke\n|poke|p1|Pelipper, L50, F|\n|poke|p1|Urshifu-*, L50, F|\n|poke|p1|Iron Hands, L50|\n|poke|p1|Rillaboom, L50, F|\n|poke|p1|Gholdengo, L50|\n|poke|p1|Chien-Pao, L50|\n|poke|p2|Regidrago, L50|\n|poke|p2|Indeedee-F, L50, F|\n|poke|p2|Armarouge, L50, F|\n|poke|p2|Ursaluna, L50, F|\n|poke|p2|Torkoal, L50, M|\n|poke|p2|Lilligant-Hisui, L50, F|\n|teampreview|4\n|showteam|p1|Pelipper||RockyHelmet|Drizzle|WeatherBall,Hurricane,WideGuard,Protect|||F|||50|,,,,,Ghost]Urshifu-Rapid-Strike||ChoiceScarf|UnseenFist|SurgingStrikes,CloseCombat,AquaJet,Uturn|||F|||50|,,,,,Water]Iron Hands||AssaultVest|QuarkDrive|FakeOut,DrainPunch,WildCharge,HeavySlam||||||50|,,,,,Grass]Rillaboom||MiracleSeed|GrassySurge|FakeOut,GrassyGlide,WoodHammer,Protect|||F|||50|,,,,,Grass]Gholdengo||Leftovers|GoodasGold|MakeItRain,ShadowBall,NastyPlot,Protect||||||50|,,,,,Dragon]Chien-Pao||FocusSash|SwordofRuin|IcicleCrash,SuckerPunch,Taunt,Protect||||||50|,,,,,Ghost\n|showteam|p2|Regidrago||ChoiceScarf|DragonsMaw|DragonEnergy,DracoMeteor,DragonPulse,EarthPower||||||50|,,,,,Dragon]Indeedee-F||RockyHelmet|PsychicSurge|FollowMe,HelpingHand,TrickRoom,DazzlingGleam|||F|||50|,,,,,Fire]Armarouge||LifeOrb|FlashFire|ExpandingForce,HeatWave,TrickRoom,Protect|||F|||50|,,,,,Psychic]Ursaluna||FlameOrb|Guts|Facade,HeadlongRush,Earthquake,Protect|||F|||50|,,,,,Ghost]Torkoal||Charcoal|Drought|Eruption,HeatWave,EarthPower,Protect|||M|||50|,,,,,Fire]Lilligant-Hisui||FocusSash|Chlorophyll|CloseCombat,SolarBlade,AfterYou,SleepPowder|||F|||50|,,,,,Ghost\n|inactive|Battle timer is ON: inactive players will automatically lose when time's up. (requested by sempra)\n|inactive|BravadoVGC also wants the timer to be on.\n|c|\u2606sempra|glhf\n|c|\u2606BravadoVGC|u2\n|\n|t:|1700639936\n|start\n|switch|p1a: Gholdengo|Gholdengo, L50, shiny|100\/100\n|switch|p1b: Pelipper|Pelipper, L50, F|100\/100\n|switch|p2a: Regidrago|Regidrago, L50|100\/100\n|switch|p2b: Indeedee|Indeedee-F, L50, F|100\/100\n|-weather|RainDance|[from] ability: Drizzle|[of] p1b: Pelipper\n|-fieldstart|move: Psychic Terrain|[from] ability: Psychic Surge|[of] p2b: Indeedee\n|turn|1\n|j| Fair Playz Gamer\n|\n|t:|1700639955\n|-terastallize|p2a: Regidrago|Dragon\n|move|p1b: Pelipper|Wide Guard|p1b: Pelipper\n|-singleturn|p1b: Pelipper|Wide Guard\n|move|p2a: Regidrago|Draco Meteor|p1b: Pelipper\n|-damage|p1b: Pelipper|0 fnt\n|-unboost|p2a: Regidrago|spa|2\n|faint|p1b: Pelipper\n|move|p1a: Gholdengo|Nasty Plot|p1a: Gholdengo\n|-boost|p1a: Gholdengo|spa|2\n|move|p2b: Indeedee|Trick Room|p2b: Indeedee\n|-fieldstart|move: Trick Room|[of] p2b: Indeedee\n|\n|-weather|RainDance|[upkeep]\n|upkeep\n|\n|t:|1700639967\n|switch|p1b: Rillaboom|Rillaboom, L50, F, shiny|100\/100\n|-fieldstart|move: Grassy Terrain|[from] ability: Grassy Surge|[of] p1b: Rillaboom\n|turn|2\n|\n|t:|1700639976\n|switch|p2a: Torkoal|Torkoal, L50, M|100\/100\n|-weather|SunnyDay|[from] ability: Drought|[of] p2a: Torkoal\n|move|p2b: Indeedee|Follow Me|p2b: Indeedee\n|-singleturn|p2b: Indeedee|move: Follow Me\n|move|p1b: Rillaboom|Wood Hammer|p2b: Indeedee\n|-damage|p2b: Indeedee|2\/100\n|-damage|p1b: Rillaboom|84\/100|[from] item: Rocky Helmet|[of] p2b: Indeedee\n|-damage|p1b: Rillaboom|56\/100|[from] Recoil\n|move|p1a: Gholdengo|Make It Rain|p2b: Indeedee|[spread] p2a,p2b\n|-resisted|p2a: Torkoal\n|-damage|p2a: Torkoal|51\/100\n|-damage|p2b: Indeedee|0 fnt\n|-unboost|p1a: Gholdengo|spa|1\n|faint|p2b: Indeedee\n|\n|-weather|SunnyDay|[upkeep]\n|-heal|p2a: Torkoal|57\/100|[from] Grassy Terrain\n|-heal|p1b: Rillaboom|61\/100|[from] Grassy Terrain\n|upkeep\n|\n|t:|1700639978\n|switch|p2b: Ursaluna|Ursaluna, L50, F|100\/100\n|turn|3\n|j| fyfyyalt1\n|inactive|sempra has 30 seconds left.\n|inactive|BravadoVGC has 30 seconds left.\n|\n|t:|1700640006\n|-terastallize|p1a: Gholdengo|Dragon\n|move|p1b: Rillaboom|Grassy Glide|p2b: Ursaluna\n|-supereffective|p2b: Ursaluna\n|-damage|p2b: Ursaluna|31\/100\n|move|p2a: Torkoal|Heat Wave|p1a: Gholdengo|[spread] p1a,p1b\n|-resisted|p1a: Gholdengo\n|-supereffective|p1b: Rillaboom\n|-damage|p1a: Gholdengo|68\/100\n|-damage|p1b: Rillaboom|0 fnt\n|faint|p1b: Rillaboom\n|move|p2b: Ursaluna|Headlong Rush|p1a: Gholdengo\n|-damage|p1a: Gholdengo|0 fnt\n|-unboost|p2b: Ursaluna|def|1\n|-unboost|p2b: Ursaluna|spd|1\n|faint|p1a: Gholdengo\n|\n|-weather|SunnyDay|[upkeep]\n|-heal|p2a: Torkoal|64\/100|[from] Grassy Terrain\n|-heal|p2b: Ursaluna|37\/100|[from] Grassy Terrain\n|-status|p2b: Ursaluna|brn|[from] item: Flame Orb\n|upkeep\n|\n|t:|1700640016\n|switch|p1b: Chien-Pao|Chien-Pao, L50|100\/100\n|-ability|p1b: Chien-Pao|Sword of Ruin\n|turn|4\n|-message|sempra forfeited.\n|\n|win|BravadoVGC\n|l|\u2606sempra\n|l| Fair Playz Gamer\n|c|&|\/uhtml prompt-bravadovgc,BravadoVGC is ready for game 2!\n|c|&|\/uhtml prompt-sempra,sempra is ready for game 2!\nBoth players are ready! Starting next match!\n|l|\u2606BravadoVGC\n|j|\u2606BravadoVGC\n|player|p2|BravadoVGC|101\n|j| LameLiarLeo\n|l| LameLiarLeo\n","uploadtime":1700640498,"views":3,"p1id":"sempra","p2id":"bravadovgc","formatid":"gen9vgc2023regulatione","rating":0,"private":0,"password":""}