{"id":"gen9vgc2023regulatione-1991406812","p1":"tom hallo","p2":"Auscar","format":"[Gen 9] VGC 2023 Regulation E","log":"|j|\u2606tom hallo\n|j|\u2606Auscar\n|t:|1700074473\n|gametype|doubles\n|player|p1|tom hallo|101|1211\n|player|p2|Auscar|2|1270\n|teamsize|p1|6\n|teamsize|p2|6\n|gen|9\n|tier|[Gen 9] VGC 2023 Regulation E\n|rated|\n|rule|Species Clause: Limit one of each Pok\u00e9mon\n|rule|Item Clause: Limit one of each item\n|clearpoke\n|poke|p1|Spectrier, L50|\n|poke|p1|Chien-Pao, L50|\n|poke|p1|Landorus-Therian, L50, M|\n|poke|p1|Klefki, L50, F|\n|poke|p1|Muk, L50, F|\n|poke|p1|Rillaboom, L50, M|\n|poke|p2|Chi-Yu, L50|\n|poke|p2|Tornadus, L50, M|\n|poke|p2|Torkoal, L50, M|\n|poke|p2|Flutter Mane, L50|\n|poke|p2|Dragonite, L50, M|\n|poke|p2|Chien-Pao, L50|\n|teampreview|4\n|\n|t:|1700074505\n|start\n|switch|p1a: Klefki|Klefki, L50, F|100\/100\n|switch|p1b: Spectrier|Spectrier, L50|100\/100\n|switch|p2a: Chi-Yu|Chi-Yu, L50|100\/100\n|switch|p2b: Tornadus|Tornadus, L50, M|100\/100\n|-ability|p2a: Chi-Yu|Beads of Ruin\n|turn|1\n|\n|t:|1700074544\n|move|p2b: Tornadus|Sunny Day|p2b: Tornadus\n|-weather|SunnyDay\n|move|p1a: Klefki|Imprison|p1a: Klefki\n|-start|p1a: Klefki|move: Imprison\n|move|p1b: Spectrier|Nasty Plot|p1b: Spectrier\n|-boost|p1b: Spectrier|spa|2\n|move|p2a: Chi-Yu|Heat Wave|p1a: Klefki|[spread] p1a,p1b\n|-supereffective|p1a: Klefki\n|-damage|p1a: Klefki|0 fnt\n|-damage|p1b: Spectrier|0 fnt\n|faint|p1a: Klefki\n|faint|p1b: Spectrier\n|\n|-weather|SunnyDay|[upkeep]\n|upkeep\n|\n|t:|1700074556\n|switch|p1b: Muk|Muk, L50, F|100\/100\n|switch|p1a: Landorus|Landorus-Therian, L50, M|100\/100\n|-ability|p1a: Landorus|Intimidate|boost\n|-unboost|p2a: Chi-Yu|atk|1\n|-unboost|p2b: Tornadus|atk|1\n|turn|2\n|\n|t:|1700074567\n|-terastallize|p2a: Chi-Yu|Fairy\n|move|p2b: Tornadus|Tailwind|p2b: Tornadus\n|-sidestart|p2: Auscar|move: Tailwind\n|move|p2a: Chi-Yu|Heat Wave|p1a: Landorus|[spread] p1a,p1b\n|-damage|p1a: Landorus|0 fnt\n|-damage|p1b: Muk|0 fnt\n|faint|p1a: Landorus\n|faint|p1b: Muk\n|\n|win|Auscar\n|raw|tom hallo's rating: 1211 &rarr; <strong>1190<\/strong><br \/>(-21 for losing)\n|raw|Auscar's rating: 1270 &rarr; <strong>1291<\/strong><br \/>(+21 for winning)\n|l|\u2606tom hallo\n","uploadtime":1700074580,"views":16,"p1id":"tomhallo","p2id":"auscar","formatid":"gen9vgc2023regulatione","rating":1190,"private":0,"password":""}