{"id":"gen9vgc2023regulatione-1993681562","p1":"Brainiac 5.0","p2":"Wobbuffap","format":"[Gen 9] VGC 2023 Regulation E","log":"|j|\u2606Brainiac 5.0\n|j|\u2606Wobbuffap\n|t:|1700344977\n|gametype|doubles\n|player|p1|Brainiac 5.0|chef|1197\n|player|p2|Wobbuffap|clown|1151\n|teamsize|p1|6\n|teamsize|p2|6\n|gen|9\n|tier|[Gen 9] VGC 2023 Regulation E\n|rated|\n|rule|Species Clause: Limit one of each Pok\u00e9mon\n|rule|Item Clause: Limit one of each item\n|clearpoke\n|poke|p1|Arcanine-Hisui, L50, M|\n|poke|p1|Urshifu-*, L50, F|\n|poke|p1|Flutter Mane, L50|\n|poke|p1|Chien-Pao, L50|\n|poke|p1|Ogerpon-Cornerstone, L50, F|\n|poke|p1|Tornadus, L50, M|\n|poke|p2|Indeedee-F, L50, F|\n|poke|p2|Armarouge, L50, M|\n|poke|p2|Lycanroc, L50, M|\n|poke|p2|Ribombee, L50, M|\n|poke|p2|Tyranitar, L50, M|\n|poke|p2|Houndstone, L50, M|\n|teampreview|4\n|inactive|Battle timer is ON: inactive players will automatically lose when time's up. (requested by Brainiac 5.0)\n|\n|t:|1700345001\n|start\n|switch|p1a: Arcanine|Arcanine-Hisui, L50, M|100\/100\n|switch|p1b: Urshifu|Urshifu, L50, F|100\/100\n|switch|p2a: Twinkerbell|Ribombee, L50, M, shiny|100\/100\n|switch|p2b: Tyranitar|Tyranitar, L50, M|100\/100\n|-ability|p1a: Arcanine|Intimidate|boost\n|-unboost|p2a: Twinkerbell|atk|1\n|-unboost|p2b: Tyranitar|atk|1\n|-weather|Sandstorm|[from] ability: Sand Stream|[of] p2b: Tyranitar\n|turn|1\n|inactive|Brainiac 5.0 has 30 seconds left.\n|inactive|Wobbuffap has 30 seconds left.\n|inactive|Brainiac 5.0 has 20 seconds left.\n|inactive|Brainiac 5.0 has 15 seconds left.\n|inactive|Wobbuffap has 20 seconds left.\n|\n|t:|1700345046\n|-terastallize|p1b: Urshifu|Poison\n|-terastallize|p2b: Tyranitar|Flying\n|move|p2a: Twinkerbell|Moonblast|p1b: Urshifu\n|-resisted|p1b: Urshifu\n|-damage|p1b: Urshifu|75\/100\n|move|p1a: Arcanine|Rock Slide|p2a: Twinkerbell|[spread] p2a,p2b\n|-supereffective|p2a: Twinkerbell\n|-supereffective|p2b: Tyranitar\n|-damage|p2a: Twinkerbell|0 fnt\n|-damage|p2b: Tyranitar|22\/100\n|faint|p2a: Twinkerbell\n|move|p1b: Urshifu|Tera Blast|p2b: Tyranitar|[anim] Tera Blast Poison\n|-damage|p2b: Tyranitar|0 fnt\n|faint|p2b: Tyranitar\n|\n|-weather|Sandstorm|[upkeep]\n|-damage|p1b: Urshifu|69\/100|[from] Sandstorm\n|upkeep\n|-message|Wobbuffap forfeited.\n|\n|win|Brainiac 5.0\n|raw|Brainiac 5.0's rating: 1197 &rarr; <strong>1219<\/strong><br \/>(+22 for winning)\n|raw|Wobbuffap's rating: 1151 &rarr; <strong>1129<\/strong><br \/>(-22 for losing)\n|l|\u2606Wobbuffap\n","uploadtime":1700345074,"views":12,"p1id":"brainiac50","p2id":"wobbuffap","formatid":"gen9vgc2023regulatione","rating":1129,"private":0,"password":""}