{"id":"gen9vgc2023regulatione-1998089383","p1":"Onehugestep","p2":"pokeveteran04","format":"[Gen 9] VGC 2023 Regulation E","log":"|j|\u2606Onehugestep\n|j|\u2606pokeveteran04\n|t:|1700889496\n|gametype|doubles\n|player|p1|Onehugestep|biker|\n|player|p2|pokeveteran04|red|\n|teamsize|p1|6\n|teamsize|p2|6\n|gen|9\n|tier|[Gen 9] VGC 2023 Regulation E\n|rated|Tournament battle\n|rule|Species Clause: Limit one of each Pok\u00e9mon\n|rule|Item Clause: Limit one of each item\n|clearpoke\n|poke|p1|Indeedee-F, L50, F|\n|poke|p1|Armarouge, L50, M|\n|poke|p1|Roaring Moon, L50|\n|poke|p1|Weezing, L50, M|\n|poke|p1|Urshifu-*, L50, F|\n|poke|p1|Ninetales-Alola, L50, M|\n|poke|p2|Tornadus, L50, M|\n|poke|p2|Amoonguss, L50, F|\n|poke|p2|Thundurus-Therian, L50, M|\n|poke|p2|Urshifu-*, L50, F|\n|poke|p2|Arcanine-Hisui, L50, M|\n|poke|p2|Ogerpon-Wellspring, L50, F|\n|teampreview|4\n|showteam|p1|Indeedee-F||AbilityShield|PsychicSurge|FollowMe,HelpingHand,TrickRoom,DazzlingGleam|||F|||50|,,,,,Fairy]Armarouge||WeaknessPolicy|WeakArmor|ExpandingForce,StoredPower,ArmorCannon,Endure|||M|||50|,,,,,Psychic]Roaring Moon||BoosterEnergy|Protosynthesis|Uturn,KnockOff,BreakingSwipe,Tailwind||||||50|,,,,,Poison]Weezing||SitrusBerry|NeutralizingGas|SludgeBomb,WillOWisp,Taunt,Protect|||M|||50|,,,,,Water]Urshifu-Rapid-Strike||ChoiceScarf|UnseenFist|SurgingStrikes,AquaJet,CloseCombat,Uturn|||F|||50|,,,,,Water]Ninetales-Alola||LifeOrb|SnowWarning|FreezeDry,TeraBlast,DazzlingGleam,AuroraVeil|||M|||50|,,,,,Ground\n|showteam|p2|Tornadus||FocusSash|Prankster|Tailwind,BleakwindStorm,RainDance,Protect|||M|||50|,,,,,Steel]Amoonguss||Leftovers|Regenerator|Spore,RagePowder,PollenPuff,Protect|||F|||50|,,,,,Water]Thundurus-Therian||ChoiceSpecs|VoltAbsorb|Thunder,VoltSwitch,WeatherBall,WildboltStorm|||M|||50|,,,,,Electric]Urshifu-Rapid-Strike||MysticWater|UnseenFist|SurgingStrikes,AquaJet,CloseCombat,Protect|||F|||50|,,,,,Steel]Arcanine-Hisui||SitrusBerry|Intimidate|ExtremeSpeed,RockSlide,WillOWisp,Protect|||M|||50|,,,,,Water]Ogerpon-Wellspring||WellspringMask|WaterAbsorb|IvyCudgel,HornLeech,FollowMe,SpikyShield|||F|||50|,,,,,Water\n|j|%Radio Free C-Side\n|j| Riokei_showdown\n|\n|t:|1700889553\n|start\n|switch|p1a: Armarouge|Armarouge, L50, M, shiny|100\/100\n|switch|p1b: Indeedee|Indeedee-F, L50, F, shiny|100\/100\n|switch|p2a: Tornadus|Tornadus, L50, M|100\/100\n|switch|p2b: Urshifu|Urshifu-Rapid-Strike, L50, F|100\/100\n|-fieldstart|move: Psychic Terrain|[from] ability: Psychic Surge|[of] p1b: Indeedee\n|turn|1\n|j| bootyheans\n|j| bloodcurseuk\n|\n|t:|1700889583\n|-terastallize|p1a: Armarouge|Psychic\n|move|p1b: Indeedee|Follow Me|p1b: Indeedee\n|-singleturn|p1b: Indeedee|move: Follow Me\n|move|p2a: Tornadus|Bleakwind Storm|p1b: Indeedee|[spread] p1a,p1b\n|-damage|p1a: Armarouge|44\/100\n|-damage|p1b: Indeedee|63\/100\n|move|p1a: Armarouge|Expanding Force|p2a: Tornadus|[spread] p2a,p2b\n|-supereffective|p2b: Urshifu\n|-damage|p2a: Tornadus|1\/100\n|-damage|p2b: Urshifu|0 fnt\n|faint|p2b: Urshifu\n|\n|upkeep\n|\n|t:|1700889598\n|switch|p2b: GOD OF THUNDER!|Thundurus-Therian, L50, M|100\/100\n|turn|2\n|c|%Radio Free C-Side|torn naturally lived that lmao\n|c|%Radio Free C-Side|its focus sash didn't proc\n|\n|t:|1700889630\n|-terastallize|p2b: GOD OF THUNDER!|Electric\n|move|p1a: Armarouge|Endure|p1a: Armarouge\n|-singleturn|p1a: Armarouge|move: Endure\n|move|p2a: Tornadus|Rain Dance|p2a: Tornadus\n|-weather|RainDance\n|move|p2b: GOD OF THUNDER!|Wildbolt Storm|p1b: Indeedee|[spread] p1a,p1b\n|-activate|p1a: Armarouge|move: Endure\n|-damage|p1a: Armarouge|1\/100\n|-damage|p1b: Indeedee|0 fnt\n|faint|p1b: Indeedee\n|\n|-weather|RainDance|[upkeep]\n|upkeep\n|\n|t:|1700889643\n|switch|p1b: Ninetales|Ninetales-Alola, L50, M, shiny|100\/100\n|-weather|Snow|[from] ability: Snow Warning|[of] p1b: Ninetales\n|turn|3\n|j| Jbenn\n|\n|t:|1700889678\n|switch|p1a: Weezing|Weezing, L50, M|100\/100\n|-ability|p1a: Weezing|Neutralizing Gas\n|move|p1b: Ninetales|Dazzling Gleam|p2b: GOD OF THUNDER!|[spread] p2a,p2b\n|-damage|p2a: Tornadus|0 fnt\n|-damage|p2b: GOD OF THUNDER!|60\/100\n|faint|p2a: Tornadus\n|-damage|p1b: Ninetales|91\/100|[from] item: Life Orb\n|move|p2b: GOD OF THUNDER!|Wildbolt Storm|p1a: Weezing|[spread] p1a,p1b\n|-damage|p1a: Weezing|0 fnt\n|-damage|p1b: Ninetales|0 fnt\n|faint|p1a: Weezing\n|-end|p1a: Weezing|ability: Neutralizing Gas\n|faint|p1b: Ninetales\n|\n|-weather|Snow|[upkeep]\n|upkeep\n|\n|t:|1700889690\n|switch|p1b: Armarouge|Armarouge, L50, M, shiny, tera:Psychic|1\/100\n|switch|p2a: Amoonguss|Amoonguss, L50, F|100\/100\n|turn|4\n|c| Jbenn|lawd\n|inactive|Battle timer is ON: inactive players will automatically lose when time's up. (requested by Onehugestep)\n|\n|t:|1700889720\n|move|p2b: GOD OF THUNDER!|Wildbolt Storm|p1b: Armarouge\n|-damage|p1b: Armarouge|0 fnt\n|faint|p1b: Armarouge\n|\n|win|pokeveteran04\n|n|\u2606Onehugestep|onehugestep\n|n|\u2606pokeveteran04|pokeveteran04\n|n| Radio Free C-Side|radiofreecside\n|n| Riokei_showdown|riokeishowdown\n|n| bootyheans|bootyheans\n|n| bloodcurseuk|bloodcurseuk\n|n| Jbenn|jbenn\n","uploadtime":1700889721,"views":2,"p1id":"onehugestep","p2id":"pokeveteran04","formatid":"gen9vgc2023regulatione","rating":0,"private":0,"password":""}