{"id":"gen9vgc2023regulatione-1989602674","p1":"MissMilly","p2":"Box29","format":"[Gen 9] VGC 2023 Regulation E","log":"|j|\u2606MissMilly\n|j|\u2606Box29\n|t:|1699877507\n|gametype|doubles\n|player|p1|MissMilly|mars|1399\n|player|p2|Box29|265|1443\n|teamsize|p1|6\n|teamsize|p2|6\n|gen|9\n|tier|[Gen 9] VGC 2023 Regulation E\n|rated|\n|rule|Species Clause: Limit one of each Pok\u00e9mon\n|rule|Item Clause: Limit one of each item\n|clearpoke\n|poke|p1|Roaring Moon, L50|\n|poke|p1|Gholdengo, L50|\n|poke|p1|Arcanine-Hisui, L50, F|\n|poke|p1|Ogerpon-Wellspring, L50, F|\n|poke|p1|Iron Hands, L50|\n|poke|p1|Landorus, L50, M|\n|poke|p2|Urshifu-*, L50, M|\n|poke|p2|Oranguru, L50, M|\n|poke|p2|Indeedee-F, L50, F|\n|poke|p2|Ursaluna-Bloodmoon, L50, M|\n|poke|p2|Chien-Pao, L50|\n|poke|p2|Ogerpon-Hearthflame, L50, F|\n|teampreview|4\n|inactive|Battle timer is ON: inactive players will automatically lose when time's up. (requested by Box29)\n|inactive|MissMilly has 60 seconds left.\n|\n|t:|1699877564\n|start\n|switch|p1a: Darkeater Midar|Roaring Moon, L50|100\/100\n|switch|p1b: Goldmask|Gholdengo, L50|100\/100\n|switch|p2a: BtoB|Urshifu-Rapid-Strike, L50, M|100\/100\n|switch|p2b: Chien-Pao|Chien-Pao, L50|100\/100\n|-ability|p2b: Chien-Pao|Sword of Ruin\n|-enditem|p1a: Darkeater Midar|Booster Energy\n|-activate|p1a: Darkeater Midar|ability: Protosynthesis|[fromitem]\n|-start|p1a: Darkeater Midar|protosynthesisatk\n|turn|1\n|inactive|MissMilly has 30 seconds left.\n|\n|t:|1699877594\n|-terastallize|p1b: Goldmask|Dragon\n|move|p1a: Darkeater Midar|Protect|p1a: Darkeater Midar\n|-singleturn|p1a: Darkeater Midar|Protect\n|move|p2a: BtoB|Close Combat|p1a: Darkeater Midar\n|-supereffective|p1a: Darkeater Midar\n|-damage|p1a: Darkeater Midar|0 fnt\n|-unboost|p2a: BtoB|def|1\n|-unboost|p2a: BtoB|spd|1\n|faint|p1a: Darkeater Midar\n|-end|p1a: Darkeater Midar|Protosynthesis|[silent]\n|move|p2b: Chien-Pao|Throat Chop|p1b: Goldmask\n|-damage|p1b: Goldmask|47\/100\n|-start|p1b: Goldmask|Throat Chop|[silent]\n|move|p1b: Goldmask|Make It Rain|p2a: BtoB|[spread] p2a,p2b\n|-resisted|p2a: BtoB\n|-supereffective|p2b: Chien-Pao\n|-damage|p2a: BtoB|47\/100\n|-enditem|p2b: Chien-Pao|Focus Sash\n|-damage|p2b: Chien-Pao|1\/100\n|-unboost|p1b: Goldmask|spa|1\n|\n|-heal|p1b: Goldmask|54\/100|[from] item: Leftovers\n|upkeep\n|\n|t:|1699877618\n|switch|p1a: Siegmeyer|Iron Hands, L50|100\/100\n|turn|2\n|\n|t:|1699877642\n|switch|p2b: Indeedee|Indeedee-F, L50, F|100\/100\n|-fieldstart|move: Psychic Terrain|[from] ability: Psychic Surge|[of] p2b: Indeedee\n|switch|p1b: Ranni|Ogerpon-Wellspring, L50, F|100\/100\n|move|p1a: Siegmeyer|Fake Out|p2a: BtoB\n|-activate|p2a: BtoB|move: Psychic Terrain\n|move|p2a: BtoB|Close Combat|p1b: Ranni\n|-damage|p1b: Ranni|34\/100\n|-unboost|p2a: BtoB|def|1\n|-unboost|p2a: BtoB|spd|1\n|\n|upkeep\n|turn|3\n|\n|t:|1699877662\n|move|p2b: Indeedee|Follow Me|p2b: Indeedee\n|-singleturn|p2b: Indeedee|move: Follow Me\n|move|p2a: BtoB|Close Combat|p1b: Ranni\n|-damage|p1b: Ranni|0 fnt\n|-unboost|p2a: BtoB|def|1\n|-unboost|p2a: BtoB|spd|1\n|faint|p1b: Ranni\n|move|p1a: Siegmeyer|Drain Punch|p2b: Indeedee\n|-damage|p2b: Indeedee|62\/100\n|-damage|p1a: Siegmeyer|84\/100|[from] item: Rocky Helmet|[of] p2b: Indeedee\n|\n|upkeep\n|-message|MissMilly forfeited.\n|\n|win|Box29\n|raw|MissMilly's rating: 1399 &rarr; <strong>1382<\/strong><br \/>(-17 for losing)\n|raw|Box29's rating: 1443 &rarr; <strong>1460<\/strong><br \/>(+17 for winning)\n|l|\u2606MissMilly\n","uploadtime":1699877674,"views":16,"p1id":"missmilly","p2id":"box29","formatid":"gen9vgc2023regulatione","rating":1382,"private":0,"password":""}