{"id":"gen9vgc2023regulatione-1995171030","p1":"Rodito19","p2":"Maquinamark","format":"[Gen 9] VGC 2023 Regulation E","log":"|j|\u2606Rodito19\n|j|\u2606Maquinamark\n|t:|1700530528\n|gametype|doubles\n|player|p1|Rodito19|ethan|1128\n|player|p2|Maquinamark|roark|1058\n|teamsize|p1|6\n|teamsize|p2|6\n|gen|9\n|tier|[Gen 9] VGC 2023 Regulation E\n|rated|\n|rule|Species Clause: Limit one of each Pok\u00e9mon\n|rule|Item Clause: Limit one of each item\n|clearpoke\n|poke|p1|Ogerpon-Wellspring, L50, F|\n|poke|p1|Landorus-Therian, L50, M|\n|poke|p1|Cresselia, L50, F|\n|poke|p1|Iron Hands, L50|\n|poke|p1|Heatran, L50, F|\n|poke|p1|Flutter Mane, L50|\n|poke|p2|Urshifu-*, L50, F|\n|poke|p2|Heatran, L50, F|\n|poke|p2|Flutter Mane, L50|\n|poke|p2|Iron Bundle, L50|\n|poke|p2|Iron Hands, L50|\n|poke|p2|Rillaboom, L50, F|\n|teampreview|4\n|\n|t:|1700530543\n|start\n|switch|p1a: Landorus|Landorus-Therian, L50, M, shiny|100\/100\n|switch|p1b: Ogerpon|Ogerpon-Wellspring, L50, F|100\/100\n|switch|p2a: Rillaboom|Rillaboom, L50, F|100\/100\n|switch|p2b: Urshifu|Urshifu, L50, F|100\/100\n|-fieldstart|move: Grassy Terrain|[from] ability: Grassy Surge|[of] p2a: Rillaboom\n|-ability|p1a: Landorus|Intimidate|boost\n|-unboost|p2a: Rillaboom|atk|1\n|-unboost|p2b: Urshifu|atk|1\n|turn|1\n|inactive|Battle timer is ON: inactive players will automatically lose when time's up. (requested by Maquinamark)\n|inactive|Rodito19 has 60 seconds left.\n|\n|t:|1700530578\n|-terastallize|p2b: Urshifu|Dark\n|move|p2a: Rillaboom|Fake Out|p1a: Landorus\n|-damage|p1a: Landorus|90\/100\n|move|p2b: Urshifu|Wicked Blow|p1b: Ogerpon\n|-crit|p1b: Ogerpon\n|-damage|p1b: Ogerpon|12\/100\n|move|p1b: Ogerpon|Ivy Cudgel|p2b: Urshifu|[anim] Ivy Cudgel Water\n|-damage|p2b: Urshifu|39\/100\n|cant|p1a: Landorus|flinch\n|\n|-heal|p2b: Urshifu|44\/100|[from] Grassy Terrain\n|-heal|p1b: Ogerpon|18\/100|[from] Grassy Terrain\n|upkeep\n|turn|2\n|\n|t:|1700530597\n|move|p1b: Ogerpon|Spiky Shield|p1b: Ogerpon\n|-singleturn|p1b: Ogerpon|move: Protect\n|move|p2a: Rillaboom|Grassy Glide|p1b: Ogerpon\n|-activate|p1b: Ogerpon|move: Protect\n|-damage|p2a: Rillaboom|88\/100|[from] Spiky Shield|[of] p1b: Ogerpon\n|move|p2b: Urshifu|Wicked Blow|p1a: Landorus\n|-crit|p1a: Landorus\n|-damage|p1a: Landorus|0 fnt\n|faint|p1a: Landorus\n|\n|-heal|p2b: Urshifu|50\/100|[from] Grassy Terrain\n|-heal|p1b: Ogerpon|23\/100|[from] Grassy Terrain\n|-heal|p2a: Rillaboom|94\/100|[from] Grassy Terrain\n|upkeep\n|\n|t:|1700530606\n|switch|p1a: Iron Hands|Iron Hands, L50|100\/100\n|turn|3\n|-message|Rodito19 forfeited.\n|\n|win|Maquinamark\n|raw|Rodito19's rating: 1128 &rarr; <strong>1098<\/strong><br \/>(-30 for losing)\n|raw|Maquinamark's rating: 1058 &rarr; <strong>1096<\/strong><br \/>(+38 for winning)\n|l|\u2606Rodito19\n","uploadtime":1700530624,"views":2,"p1id":"rodito19","p2id":"maquinamark","formatid":"gen9vgc2023regulatione","rating":1096,"private":0,"password":""}