{"id":"gen9vgc2023regulatione-1999031445","p1":"fuent127","p2":"5wamp","format":"[Gen 9] VGC 2023 Regulation E","log":"|j|\u2606fuent127\n|j|\u26065wamp\n|t:|1701025816\n|gametype|doubles\n|player|p1|fuent127|veteran|\n|player|p2|5wamp|carmine-festival|\n|teamsize|p1|6\n|teamsize|p2|6\n|gen|9\n|tier|[Gen 9] VGC 2023 Regulation E\n|rated|Tournament battle\n|rule|Species Clause: Limit one of each Pok\u00e9mon\n|rule|Item Clause: Limit one of each item\n|clearpoke\n|poke|p1|Cresselia, L50, F|\n|poke|p1|Ursaluna, L50, M|\n|poke|p1|Iron Hands, L50|\n|poke|p1|Urshifu-*, L50, F|\n|poke|p1|Heatran, L50, M|\n|poke|p1|Flutter Mane, L50|\n|poke|p2|Urshifu-*, L50, M|\n|poke|p2|Gholdengo, L50|\n|poke|p2|Armarouge, L50, F|\n|poke|p2|Basculegion, L50, M|\n|poke|p2|Indeedee-F, L50, F|\n|poke|p2|Tornadus, L50, M|\n|teampreview|4\n|showteam|p1|Cresselia||RockyHelmet|Levitate|Psychic,LunarBlessing,TrickRoom,AllySwitch|||F|||50|,,,,,Fairy]Ursaluna||FlameOrb|Guts|Facade,HeadlongRush,SwordsDance,Protect|||M|||50|,,,,,Ghost]Iron Hands||AssaultVest|QuarkDrive|DrainPunch,HeavySlam,WildCharge,FakeOut||||||50|,,,,,Fire]Urshifu-Rapid-Strike||ChoiceScarf|UnseenFist|SurgingStrikes,CloseCombat,IronHead,Uturn|||F|||50|,,,,,Poison]Heatran||LifeOrb|FlashFire|HeatWave,FlashCannon,EarthPower,Protect|||M|||50|,,,,,Fairy]Flutter Mane||FocusSash|Protosynthesis|DazzlingGleam,ShadowBall,TrickRoom,Imprison||||||50|,,,,,Fairy\n|showteam|p2|Urshifu||ChoiceBand|UnseenFist|WickedBlow,CloseCombat,SuckerPunch,PoisonJab|||M|||50|,,,,,Poison]Gholdengo||LifeOrb|GoodasGold|MakeItRain,ShadowBall,Protect,NastyPlot||||||50|,,,,,Steel]Armarouge||WeaknessPolicy|WeakArmor|ExpandingForce,HeatWave,AuraSphere,Endure|||F|||50|,,,,,Psychic]Basculegion||ChoiceScarf|Adaptability|FlipTurn,WaveCrash,LastRespects,AquaJet|||M|||50|,,,,,Steel]Indeedee-F||RockyHelmet|PsychicSurge|TrickRoom,DazzlingGleam,FollowMe,HelpingHand|||F|||50|,,,,,Fairy]Tornadus||FocusSash|Prankster|BleakwindStorm,IcyWind,Tailwind,Protect|||M|||50|,,,,,Ghost\n|j| ppyyy\n|c|\u26065wamp|glhf\n|inactive|Battle timer is ON: inactive players will automatically lose when time's up. (requested by fuent127)\n|l| ppyyy\n|\n|t:|1701025861\n|start\n|switch|p1a: Heatran|Heatran, L50, M|100\/100\n|switch|p1b: Iron Hands|Iron Hands, L50|100\/100\n|switch|p2a: Armarouge|Armarouge, L50, F|100\/100\n|switch|p2b: Basculegion|Basculegion, L50, M|100\/100\n|turn|1\n|\n|t:|1701025879\n|move|p2a: Armarouge|Endure|p2a: Armarouge\n|-singleturn|p2a: Armarouge|move: Endure\n|move|p1a: Heatran|Protect|p1a: Heatran\n|-singleturn|p1a: Heatran|Protect\n|move|p2b: Basculegion|Flip Turn|p2a: Armarouge\n|-supereffective|p2a: Armarouge\n|-crit|p2a: Armarouge\n|-activate|p2a: Armarouge|move: Endure\n|-damage|p2a: Armarouge|1\/100\n|-ability|p2a: Armarouge|Weak Armor|boost\n|-unboost|p2a: Armarouge|def|1\n|-boost|p2a: Armarouge|spe|2\n|-enditem|p2a: Armarouge|Weakness Policy\n|-boost|p2a: Armarouge|atk|2|[from] item: Weakness Policy\n|-boost|p2a: Armarouge|spa|2|[from] item: Weakness Policy\n|\n|t:|1701025891\n|switch|p2b: Indeedee|Indeedee-F, L50, F|100\/100|[from] Flip Turn\n|-fieldstart|move: Psychic Terrain|[from] ability: Psychic Surge|[of] p2b: Indeedee\n|move|p1b: Iron Hands|Wild Charge|p2b: Indeedee\n|-damage|p2b: Indeedee|46\/100\n|-damage|p1b: Iron Hands|84\/100|[from] item: Rocky Helmet|[of] p2b: Indeedee\n|-damage|p1b: Iron Hands|75\/100|[from] Recoil\n|\n|upkeep\n|turn|2\n|j| child Pikachu\n|inactive|fuent127 has 30 seconds left.\n|inactive|fuent127 has 20 seconds left.\n|inactive|fuent127 has 15 seconds left.\n|inactive|fuent127 has 10 seconds left.\n|inactive|fuent127 has 5 seconds left.\n|\n|t:|1701025944\n|-terastallize|p2a: Armarouge|Psychic\n|-terastallize|p1b: Iron Hands|Fire\n|move|p2b: Indeedee|Helping Hand|p2a: Armarouge\n|-singleturn|p2a: Armarouge|Helping Hand|[of] p2b: Indeedee\n|move|p2a: Armarouge|Expanding Force|p1a: Heatran|[spread] p1a,p1b\n|-resisted|p1a: Heatran\n|-damage|p1a: Heatran|0 fnt\n|-damage|p1b: Iron Hands|0 fnt\n|faint|p1a: Heatran\n|faint|p1b: Iron Hands\n|-end|p1b: Iron Hands|Quark Drive|[silent]\n|\n|upkeep\n|\n|t:|1701025955\n|switch|p1a: Flutter Mane|Flutter Mane, L50|100\/100\n|switch|p1b: Urshifu|Urshifu-Rapid-Strike, L50, F|100\/100\n|turn|3\n|\n|t:|1701025977\n|move|p2a: Armarouge|Expanding Force|p1b: Urshifu|[spread] p1a,p1b\n|-supereffective|p1b: Urshifu\n|-enditem|p1a: Flutter Mane|Focus Sash\n|-damage|p1a: Flutter Mane|1\/100\n|-damage|p1b: Urshifu|0 fnt\n|faint|p1b: Urshifu\n|move|p1a: Flutter Mane|Dazzling Gleam|p2a: Armarouge|[spread] p2a,p2b\n|-damage|p2a: Armarouge|0 fnt\n|-damage|p2b: Indeedee|13\/100\n|faint|p2a: Armarouge\n|move|p2b: Indeedee|Dazzling Gleam|p1a: Flutter Mane\n|-damage|p1a: Flutter Mane|0 fnt\n|faint|p1a: Flutter Mane\n|-end|p1a: Flutter Mane|Protosynthesis|[silent]\n|\n|win|5wamp\n|n|\u2606fuent127|fuent127\n|n|\u26065wamp|5wamp\n|n| child Pikachu|childpikachu\n|c|\u26065wamp|ggwp!\n|l|\u2606fuent127\n","uploadtime":1701025999,"views":12,"p1id":"fuent127","p2id":"5wamp","formatid":"gen9vgc2023regulatione","rating":0,"private":0,"password":""}