{"id":"gen9vgc2023regulatione-1991521665","p1":"Draisyyn","p2":"Kzjehzl","format":"[Gen 9] VGC 2023 Regulation E","log":"|j|\u2606Draisyyn\n|j|\u2606Kzjehzl\n|t:|1700084619\n|gametype|doubles\n|player|p1|Draisyyn|roxanne|1090\n|player|p2|Kzjehzl|lance|1146\n|teamsize|p1|6\n|teamsize|p2|6\n|gen|9\n|tier|[Gen 9] VGC 2023 Regulation E\n|rated|\n|rule|Species Clause: Limit one of each Pok\u00e9mon\n|rule|Item Clause: Limit one of each item\n|clearpoke\n|poke|p1|Jolteon, L50, M|\n|poke|p1|Arcanine, L50, M|\n|poke|p1|Gastrodon-East, L50, M|\n|poke|p1|Rillaboom, L50, M|\n|poke|p1|Farigiraf, L50, M|\n|poke|p1|Urshifu-*, L50, M|\n|poke|p2|Flutter Mane, L50|\n|poke|p2|Tornadus, L50, M|\n|poke|p2|Rillaboom, L50, M|\n|poke|p2|Garganacl, L50, F|\n|poke|p2|Arcanine-Hisui, L50, M|\n|poke|p2|Chien-Pao, L50|\n|teampreview|4\n|\n|t:|1700084672\n|start\n|switch|p1a: Hermes|Jolteon, L50, M|100\/100\n|switch|p1b: Arcanine|Arcanine, L50, M|100\/100\n|switch|p2a: Arcanine|Arcanine-Hisui, L50, M|100\/100\n|switch|p2b: Chien-Pao|Chien-Pao, L50|100\/100\n|-ability|p2b: Chien-Pao|Sword of Ruin\n|-ability|p1b: Arcanine|Intimidate|boost\n|-unboost|p2a: Arcanine|atk|1\n|-unboost|p2b: Chien-Pao|atk|1\n|-ability|p2a: Arcanine|Intimidate|boost\n|-unboost|p1a: Hermes|atk|1\n|-unboost|p1b: Arcanine|atk|1\n|turn|1\n|\n|t:|1700084685\n|switch|p2b: Garganacl|Garganacl, L50, F|100\/100\n|move|p1a: Hermes|Protect|p1a: Hermes\n|-singleturn|p1a: Hermes|Protect\n|move|p1b: Arcanine|Will-O-Wisp|p2b: Garganacl\n|-immune|p2b: Garganacl|[from] ability: Purifying Salt\n|move|p2a: Arcanine|Rock Slide|p1a: Hermes|[spread] p1b\n|-activate|p1a: Hermes|move: Protect\n|-supereffective|p1b: Arcanine\n|-damage|p1b: Arcanine|35\/100\n|\n|upkeep\n|turn|2\n|\n|t:|1700084723\n|-terastallize|p1a: Hermes|Ice\n|move|p1b: Arcanine|Helping Hand|p1a: Hermes\n|-singleturn|p1a: Hermes|Helping Hand|[of] p1b: Arcanine\n|move|p1a: Hermes|Tera Blast|p2b: Garganacl|[anim] Tera Blast Ice\n|-damage|p2b: Garganacl|67\/100\n|move|p2a: Arcanine|Rock Slide|p1b: Arcanine|[spread] p1a,p1b\n|-supereffective|p1a: Hermes\n|-supereffective|p1b: Arcanine\n|-enditem|p1a: Hermes|Focus Sash\n|-damage|p1a: Hermes|1\/100\n|-damage|p1b: Arcanine|0 fnt\n|faint|p1b: Arcanine\n|move|p2b: Garganacl|Salt Cure|p1a: Hermes\n|-supereffective|p1a: Hermes\n|-damage|p1a: Hermes|0 fnt\n|faint|p1a: Hermes\n|\n|upkeep\n|-message|Draisyyn forfeited.\n|\n|win|Kzjehzl\n|raw|Draisyyn's rating: 1090 &rarr; <strong>1070<\/strong><br \/>(-20 for losing)\n|raw|Kzjehzl's rating: 1146 &rarr; <strong>1167<\/strong><br \/>(+21 for winning)\n|l|\u2606Draisyyn\n","uploadtime":1700084744,"views":9,"p1id":"draisyyn","p2id":"kzjehzl","formatid":"gen9vgc2023regulatione","rating":1070,"private":0,"password":""}