{"id":"gen9vgc2023regulatione-1996125246","p1":"fyfyyalt1","p2":"LameLiarLeo","format":"[Gen 9] VGC 2023 Regulation E","log":"|j|\u2606fyfyyalt1\n|j|\u2606LameLiarLeo\n|n|\u2606fyfyyalt1|fyfyyalt1\n|n|\u2606LameLiarLeo|lameliarleo\n|html|View the match progress at <a href=\"\/game-bestof3-gen9vgc2023regulatione-1996125245\">game-bestof3-gen9vgc2023regulatione-1996125245<\/a>\n|t:|1700647987\n|gametype|doubles\n|player|p1|fyfyyalt1|170|\n|player|p2|LameLiarLeo|caitlin|\n|teamsize|p1|6\n|teamsize|p2|6\n|gen|9\n|tier|[Gen 9] VGC 2023 Regulation E\n|rule|Species Clause: Limit one of each Pok\u00e9mon\n|rule|Item Clause: Limit one of each item\n|clearpoke\n|poke|p1|Iron Hands, L50|\n|poke|p1|Urshifu-*, L50, M|\n|poke|p1|Tornadus, L50, M|\n|poke|p1|Farigiraf, L50, M|\n|poke|p1|Chien-Pao, L50|\n|poke|p1|Flutter Mane, L50|\n|poke|p2|Chi-Yu, L50|\n|poke|p2|Iron Hands, L50|\n|poke|p2|Amoonguss, L50, F|\n|poke|p2|Landorus-Therian, L50, M|\n|poke|p2|Flutter Mane, L50|\n|poke|p2|Chien-Pao, L50|\n|teampreview|4\n|inactive|Battle timer is ON: inactive players will automatically lose when time's up. (requested by LameLiarLeo)\nfyfyyalt1 has agreed to open team sheets.\n|c|\u2606fyfyyalt1|oh gods its the sussy mushroom\nLameLiarLeo has agreed to open team sheets.\n|showteam|p1|Iron Hands||AssaultVest|QuarkDrive|FakeOut,DrainPunch,HeavySlam,WildCharge||||||50|,,,,,Grass]Urshifu-Rapid-Strike||ChoiceScarf|UnseenFist|SurgingStrikes,CloseCombat,AquaJet,Uturn|||M|||50|,,,,,Water]Tornadus||CovertCloak|Prankster|BleakwindStorm,Tailwind,Taunt,RainDance|||M|||50|,,,,,Flying]Farigiraf||SitrusBerry|ArmorTail|Psychic,TrickRoom,Imprison,DazzlingGleam|||M|||50|,,,,,Fairy]Chien-Pao||FocusSash|SwordofRuin|Crunch,SuckerPunch,IceSpinner,Protect||||||50|,,,,,Dark]Flutter Mane||ChoiceSpecs|Protosynthesis|Moonblast,DazzlingGleam,ShadowBall,Thunderbolt||||||50|,,,,,Fairy\n|showteam|p2|Chi-Yu||SafetyGoggles|BeadsofRuin|HeatWave,DarkPulse,NastyPlot,Protect||||||50|,,,,,Fairy]Iron Hands||AssaultVest|QuarkDrive|FakeOut,DrainPunch,WildCharge,HeavySlam||||||50|,,,,,Fairy]Amoonguss||SitrusBerry|Regenerator|Spore,RagePowder,PollenPuff,Protect|||F|||50|,,,,,Fire]Landorus-Therian||ChoiceScarf|Intimidate|StompingTantrum,TeraBlast,RockTomb,Uturn|||M|||50|,,,,,Flying]Flutter Mane||ChoiceSpecs|Protosynthesis|Moonblast,ShadowBall,DazzlingGleam,IcyWind||||||50|,,,,,Fairy]Chien-Pao||FocusSash|SwordofRuin|IceSpinner,LashOut,SuckerPunch,Protect||||||50|,,,,,Dark\n|c|\u2606LameLiarLeo|your favourite\n|c|\u2606fyfyyalt1|I hate it fr :0\n|inactive|fyfyyalt1 has 30 seconds left.\n|inactive|fyfyyalt1 has 20 seconds left.\n|\n|t:|1700648050\n|start\n|switch|p1a: Dumbass Bear|Urshifu-Rapid-Strike, L50, M|100\/100\n|switch|p1b: Dumbass Cloud|Tornadus, L50, M|100\/100\n|switch|p2a: One Puch Mon|Iron Hands, L50|100\/100\n|switch|p2b: Urshi-Who|Amoonguss, L50, F|100\/100\n|turn|1\n|inactive|fyfyyalt1 has 30 seconds left.\n|j| Choruto\n|inactive|fyfyyalt1 has 20 seconds left.\n|\n|t:|1700648087\n|move|p2b: Urshi-Who|Protect|p2b: Urshi-Who\n|-singleturn|p2b: Urshi-Who|Protect\n|move|p1b: Dumbass Cloud|Taunt|p2b: Urshi-Who\n|-activate|p2b: Urshi-Who|move: Protect\n|move|p1a: Dumbass Bear|U-turn|p2a: One Puch Mon\n|-resisted|p2a: One Puch Mon\n|-damage|p2a: One Puch Mon|91\/100\n|\n|t:|1700648092\n|switch|p1a: Dumbass Hands|Iron Hands, L50|100\/100|[from] U-turn\n|move|p2a: One Puch Mon|Wild Charge|p1b: Dumbass Cloud\n|-supereffective|p1b: Dumbass Cloud\n|-crit|p1b: Dumbass Cloud\n|-damage|p1b: Dumbass Cloud|0 fnt\n|faint|p1b: Dumbass Cloud\n|-damage|p2a: One Puch Mon|71\/100|[from] Recoil\n|\n|upkeep\n|\n|t:|1700648098\n|switch|p1b: Dumbass Bear|Urshifu-Rapid-Strike, L50, M|100\/100\n|turn|2\n|\n|t:|1700648106\n|-terastallize|p1b: Dumbass Bear|Water\n|move|p1a: Dumbass Hands|Fake Out|p2b: Urshi-Who\n|-damage|p2b: Urshi-Who|87\/100\n|cant|p2b: Urshi-Who|flinch\n|move|p1b: Dumbass Bear|Surging Strikes|p2a: One Puch Mon\n|-crit|p2a: One Puch Mon\n|-damage|p2a: One Puch Mon|49\/100\n|-crit|p2a: One Puch Mon\n|-damage|p2a: One Puch Mon|26\/100\n|-crit|p2a: One Puch Mon\n|-damage|p2a: One Puch Mon|7\/100\n|-hitcount|p2a: One Puch Mon|3\n|move|p2a: One Puch Mon|Wild Charge|p1b: Dumbass Bear\n|-supereffective|p1b: Dumbass Bear\n|-damage|p1b: Dumbass Bear|1\/100\n|-damage|p2a: One Puch Mon|0 fnt|[from] Recoil\n|faint|p2a: One Puch Mon\n|-end|p2a: One Puch Mon|Quark Drive|[silent]\n|\n|upkeep\n|\n|t:|1700648120\n|switch|p2a: Nebula|Flutter Mane, L50|100\/100\n|turn|3\n|\n|t:|1700648131\n|-terastallize|p2a: Nebula|Fairy\n|move|p2b: Urshi-Who|Rage Powder|p2b: Urshi-Who\n|-singleturn|p2b: Urshi-Who|move: Rage Powder\n|move|p1b: Dumbass Bear|Surging Strikes|p2b: Urshi-Who\n|-resisted|p2b: Urshi-Who\n|-crit|p2b: Urshi-Who\n|-damage|p2b: Urshi-Who|75\/100\n|-resisted|p2b: Urshi-Who\n|-crit|p2b: Urshi-Who\n|-damage|p2b: Urshi-Who|64\/100\n|-resisted|p2b: Urshi-Who\n|-crit|p2b: Urshi-Who\n|-damage|p2b: Urshi-Who|52\/100\n|-hitcount|p2b: Urshi-Who|3\n|move|p2a: Nebula|Dazzling Gleam|p1b: Dumbass Bear|[spread] p1a,p1b\n|-supereffective|p1a: Dumbass Hands\n|-damage|p1a: Dumbass Hands|46\/100\n|-damage|p1b: Dumbass Bear|0 fnt\n|faint|p1b: Dumbass Bear\n|move|p1a: Dumbass Hands|Heavy Slam|p2b: Urshi-Who\n|-damage|p2b: Urshi-Who|16\/100\n|-enditem|p2b: Urshi-Who|Sitrus Berry|[eat]\n|-heal|p2b: Urshi-Who|41\/100|[from] item: Sitrus Berry\n|\n|upkeep\n|\n|t:|1700648146\n|switch|p1b: Flutter Mane|Flutter Mane, L50|100\/100\n|turn|4\n|\n|t:|1700648155\n|move|p2b: Urshi-Who|Rage Powder|p2b: Urshi-Who\n|-singleturn|p2b: Urshi-Who|move: Rage Powder\n|move|p2a: Nebula|Dazzling Gleam|p1a: Dumbass Hands|[spread] p1a,p1b\n|-supereffective|p1a: Dumbass Hands\n|-damage|p1a: Dumbass Hands|0 fnt\n|-damage|p1b: Flutter Mane|40\/100\n|faint|p1a: Dumbass Hands\n|-end|p1a: Dumbass Hands|Quark Drive|[silent]\n|move|p1b: Flutter Mane|Dazzling Gleam|p2b: Urshi-Who|[spread] p2a,p2b\n|-resisted|p2b: Urshi-Who\n|-damage|p2a: Nebula|49\/100\n|-damage|p2b: Urshi-Who|19\/100\n|\n|upkeep\n|turn|5\n|c|\u2606fyfyyalt1|gg wp\n|c|\u2606LameLiarLeo|gg, wp\n|\n|t:|1700648171\n|move|p2a: Nebula|Dazzling Gleam|p1b: Flutter Mane\n|-damage|p1b: Flutter Mane|0 fnt\n|faint|p1b: Flutter Mane\n|-end|p1b: Flutter Mane|Protosynthesis|[silent]\n|\n|win|LameLiarLeo\n|c|&|\/uhtml prompt-lameliarleo,LameLiarLeo is ready for game 2!\n|c|&|\/uhtml prompt-fyfyyalt1,fyfyyalt1 is ready for game 2!\nBoth players are ready! Starting next match!\n|l| Choruto\n|j| Aylona\n","uploadtime":1700648933,"views":8,"p1id":"fyfyyalt1","p2id":"lameliarleo","formatid":"gen9vgc2023regulatione","rating":0,"private":0,"password":""}