{"id":"gen9vgc2023regulatione-1993842002","p1":"LanaDelReyVGC","p2":"jgfr t hbbb","format":"[Gen 9] VGC 2023 Regulation E","log":"|j|\u2606LanaDelReyVGC\n|j|\u2606jgfr t hbbb\n|t:|1700364045\n|gametype|doubles\n|player|p1|LanaDelReyVGC|266|1086\n|player|p2|jgfr t hbbb|265|1077\n|teamsize|p1|6\n|teamsize|p2|6\n|gen|9\n|tier|[Gen 9] VGC 2023 Regulation E\n|rated|\n|rule|Species Clause: Limit one of each Pok\u00e9mon\n|rule|Item Clause: Limit one of each item\n|clearpoke\n|poke|p1|Roaring Moon, L50|\n|poke|p1|Farigiraf, L50, M|\n|poke|p1|Kingambit, L50, M|\n|poke|p1|Heatran, L50, F|\n|poke|p1|Urshifu-*, L50, M|\n|poke|p1|Ogerpon-Cornerstone, L50, F|\n|poke|p2|Empoleon, L50, M|\n|poke|p2|Great Tusk, L50|\n|poke|p2|Baxcalibur, L50, F|\n|poke|p2|Tyranitar, L50, M|\n|poke|p2|Armarouge, L50, F|\n|poke|p2|Electrode-Hisui, L50|\n|teampreview|4\n|inactive|Battle timer is ON: inactive players will automatically lose when time's up. (requested by LanaDelReyVGC)\n|\n|t:|1700364096\n|start\n|switch|p1a: Budtender|Ogerpon-Cornerstone, L50, F|100\/100\n|switch|p1b: Coach|Urshifu-Rapid-Strike, L50, M|100\/100\n|switch|p2a: Great Tusk|Great Tusk, L50|100\/100\n|switch|p2b: Electrode|Electrode-Hisui, L50|100\/100\n|-enditem|p2a: Great Tusk|Booster Energy\n|-activate|p2a: Great Tusk|ability: Protosynthesis|[fromitem]\n|-start|p2a: Great Tusk|protosynthesisatk\n|turn|1\n|\n|t:|1700364120\n|-end|p2a: Great Tusk|Protosynthesis|[silent]\n|switch|p2a: Baxcalibur|Baxcalibur, L50, F|100\/100\n|move|p1a: Budtender|Follow Me|p1a: Budtender\n|-singleturn|p1a: Budtender|move: Follow Me\n|move|p2b: Electrode|Thunderbolt|p1a: Budtender\n|-resisted|p1a: Budtender\n|-damage|p1a: Budtender|84\/100\n|-status|p1a: Budtender|par\n|move|p1b: Coach|Surging Strikes|p2a: Baxcalibur\n|-resisted|p2a: Baxcalibur\n|-crit|p2a: Baxcalibur\n|-damage|p2a: Baxcalibur|92\/100\n|-resisted|p2a: Baxcalibur\n|-crit|p2a: Baxcalibur\n|-damage|p2a: Baxcalibur|84\/100\n|-resisted|p2a: Baxcalibur\n|-crit|p2a: Baxcalibur\n|-damage|p2a: Baxcalibur|75\/100\n|-hitcount|p2a: Baxcalibur|3\n|\n|upkeep\n|turn|2\n|\n|t:|1700364136\n|move|p1a: Budtender|Follow Me|p1a: Budtender\n|-singleturn|p1a: Budtender|move: Follow Me\n|move|p2b: Electrode|Thunderbolt|p1a: Budtender\n|-resisted|p1a: Budtender\n|-damage|p1a: Budtender|68\/100 par\n|move|p1b: Coach|Close Combat|p2a: Baxcalibur\n|-supereffective|p2a: Baxcalibur\n|-damage|p2a: Baxcalibur|0 fnt\n|-unboost|p1b: Coach|def|1\n|-unboost|p1b: Coach|spd|1\n|faint|p2a: Baxcalibur\n|\n|upkeep\n|\n|t:|1700364148\n|switch|p2a: Armarouge|Armarouge, L50, F|100\/100\n|turn|3\n|\n|t:|1700364161\n|move|p1a: Budtender|Follow Me|p1a: Budtender\n|-singleturn|p1a: Budtender|move: Follow Me\n|move|p2b: Electrode|Thunderbolt|p1a: Budtender\n|-resisted|p1a: Budtender\n|-damage|p1a: Budtender|51\/100 par\n|move|p1b: Coach|Surging Strikes|p2a: Armarouge\n|-supereffective|p2a: Armarouge\n|-crit|p2a: Armarouge\n|-damage|p2a: Armarouge|50\/100\n|-supereffective|p2a: Armarouge\n|-crit|p2a: Armarouge\n|-damage|p2a: Armarouge|3\/100\n|-supereffective|p2a: Armarouge\n|-crit|p2a: Armarouge\n|-damage|p2a: Armarouge|0 fnt\n|faint|p2a: Armarouge\n|-hitcount|p2: Armarouge|3\n|\n|upkeep\n|-message|jgfr t hbbb forfeited.\n|\n|win|LanaDelReyVGC\n|raw|LanaDelReyVGC's rating: 1086 &rarr; <strong>1112<\/strong><br \/>(+26 for winning)\n|raw|jgfr t hbbb's rating: 1077 &rarr; <strong>1056<\/strong><br \/>(-21 for losing)\n|l|\u2606jgfr t hbbb\n","uploadtime":1700364176,"views":22,"p1id":"lanadelreyvgc","p2id":"jgfrthbbb","formatid":"gen9vgc2023regulatione","rating":1056,"private":0,"password":""}