{"id":"gen9vgc2023regulatione-1995583936","p1":"YT_Vanilluxe TV","p2":"Lukappa_k117","format":"[Gen 9] VGC 2023 Regulation E","log":"|j|\u2606YT_Vanilluxe TV\n|j|\u2606Lukappa_k117\n|t:|1700584969\n|gametype|doubles\n|player|p1|YT_Vanilluxe TV|2|1101\n|player|p2|Lukappa_k117|ghetsis-gen5bw|1009\n|teamsize|p1|6\n|teamsize|p2|6\n|gen|9\n|tier|[Gen 9] VGC 2023 Regulation E\n|rated|\n|rule|Species Clause: Limit one of each Pok\u00e9mon\n|rule|Item Clause: Limit one of each item\n|clearpoke\n|poke|p1|Flutter Mane, L50|\n|poke|p1|Typhlosion, L50, M|\n|poke|p1|Tornadus, L50, M|\n|poke|p1|Torkoal, L50, M|\n|poke|p1|Iron Hands, L50|\n|poke|p1|Arcanine-Hisui, L50, M|\n|poke|p2|Leafeon, L50, F|\n|poke|p2|Torkoal, L50, F|\n|poke|p2|Klefki, L50, M|\n|poke|p2|Roaring Moon, L50|\n|poke|p2|Gyarados, L50, F|\n|poke|p2|Chien-Pao, L50|\n|teampreview|4\n|inactive|Battle timer is ON: inactive players will automatically lose when time's up. (requested by Lukappa_k117)\n|\n|t:|1700584995\n|start\n|switch|p1a: Tornadus|Tornadus, L50, M|100\/100\n|switch|p1b: Iron Hands|Iron Hands, L50|100\/100\n|switch|p2a: Torkoal|Torkoal, L50, F|100\/100\n|switch|p2b: Roaring Moon|Roaring Moon, L50|100\/100\n|-weather|SunnyDay|[from] ability: Drought|[of] p2a: Torkoal\n|-activate|p2b: Roaring Moon|ability: Protosynthesis\n|-start|p2b: Roaring Moon|protosynthesisspe\n|turn|1\n|\n|t:|1700585018\n|move|p1b: Iron Hands|Fake Out|p2b: Roaring Moon\n|-damage|p2b: Roaring Moon|80\/100\n|move|p1a: Tornadus|Tailwind|p1a: Tornadus\n|-sidestart|p1: YT_Vanilluxe TV|move: Tailwind\n|cant|p2b: Roaring Moon|flinch\n|move|p2a: Torkoal|Flamethrower|p1a: Tornadus\n|-damage|p1a: Tornadus|24\/100\n|\n|-weather|SunnyDay|[upkeep]\n|upkeep\n|turn|2\n|inactive|YT_Vanilluxe TV has 30 seconds left.\n|\n|t:|1700585046\n|move|p2b: Roaring Moon|Knock Off|p1b: Iron Hands\n|-resisted|p1b: Iron Hands\n|-damage|p1b: Iron Hands|75\/100\n|-enditem|p1b: Iron Hands|Assault Vest|[from] move: Knock Off|[of] p2b: Roaring Moon\n|move|p1a: Tornadus|Icy Wind|p2b: Roaring Moon|[spread] p2a,p2b\n|-resisted|p2a: Torkoal\n|-supereffective|p2b: Roaring Moon\n|-damage|p2a: Torkoal|93\/100\n|-damage|p2b: Roaring Moon|58\/100\n|-unboost|p2a: Torkoal|spe|1\n|-unboost|p2b: Roaring Moon|spe|1\n|move|p1b: Iron Hands|Close Combat|p2b: Roaring Moon\n|-supereffective|p2b: Roaring Moon\n|-damage|p2b: Roaring Moon|0 fnt\n|-unboost|p1b: Iron Hands|def|1\n|-unboost|p1b: Iron Hands|spd|1\n|faint|p2b: Roaring Moon\n|-end|p2b: Roaring Moon|Protosynthesis|[silent]\n|move|p2a: Torkoal|Flamethrower|p1a: Tornadus\n|-damage|p1a: Tornadus|0 fnt\n|faint|p1a: Tornadus\n|\n|-weather|SunnyDay|[upkeep]\n|upkeep\n|\n|t:|1700585069\n|switch|p2b: Leafeon|Leafeon, L50, F|100\/100\n|switch|p1a: Flutter Mane|Flutter Mane, L50|100\/100\n|-activate|p1a: Flutter Mane|ability: Protosynthesis\n|-start|p1a: Flutter Mane|protosynthesisspe\n|turn|3\n|inactive|YT_Vanilluxe TV has 30 seconds left.\n|\n|t:|1700585098\n|-terastallize|p1a: Flutter Mane|Fairy\n|move|p2a: Torkoal|Helping Hand|p2b: Leafeon\n|-singleturn|p2b: Leafeon|Helping Hand|[of] p2a: Torkoal\n|move|p1a: Flutter Mane|Moonblast|p2b: Leafeon\n|-damage|p2b: Leafeon|0 fnt\n|faint|p2b: Leafeon\n|move|p1b: Iron Hands|Close Combat|p2a: Torkoal\n|-damage|p2a: Torkoal|37\/100\n|-unboost|p1b: Iron Hands|def|1\n|-unboost|p1b: Iron Hands|spd|1\n|\n|-weather|SunnyDay|[upkeep]\n|upkeep\n|-message|Lukappa_k117 forfeited.\n|\n|win|YT_Vanilluxe TV\n|raw|YT_Vanilluxe TV's rating: 1101 &rarr; <strong>1120<\/strong><br \/>(+19 for winning)\n|raw|Lukappa_k117's rating: 1009 &rarr; <strong>1001<\/strong><br \/>(-8 for losing)\n|l|\u2606Lukappa_k117\n","uploadtime":1700585120,"views":4,"p1id":"ytvanilluxetv","p2id":"lukappak117","formatid":"gen9vgc2023regulatione","rating":1001,"private":0,"password":""}