{"id":"gen9vgc2023regulatione-1996710484","p1":"superyyl","p2":"Fizzayyy","format":"[Gen 9] VGC 2023 Regulation E","log":"|j|\u2606superyyl\n|j|\u2606Fizzayyy\n|t:|1700712867\n|gametype|doubles\n|player|p1|superyyl|1|1239\n|player|p2|Fizzayyy|2|1344\n|teamsize|p1|6\n|teamsize|p2|6\n|gen|9\n|tier|[Gen 9] VGC 2023 Regulation E\n|rated|\n|rule|Species Clause: Limit one of each Pok\u00e9mon\n|rule|Item Clause: Limit one of each item\n|clearpoke\n|poke|p1|Ogerpon-Wellspring, L50, F|\n|poke|p1|Tornadus, L50, M|\n|poke|p1|Iron Hands, L50|\n|poke|p1|Gholdengo, L50|\n|poke|p1|Urshifu-*, L50, M|\n|poke|p1|Arcanine-Hisui, L50, M|\n|poke|p2|Urshifu-*, L50, M|\n|poke|p2|Tornadus, L50, M|\n|poke|p2|Chien-Pao, L50|\n|poke|p2|Iron Hands, L50|\n|poke|p2|Dragonite, L50, F|\n|poke|p2|Flutter Mane, L50|\n|teampreview|4\n|inactive|Battle timer is ON: inactive players will automatically lose when time's up. (requested by superyyl)\n|inactive|superyyl has 60 seconds left.\n|inactive|Fizzayyy has 60 seconds left.\n|\n|t:|1700712911\n|start\n|switch|p1a: Gholdengo|Gholdengo, L50|100\/100\n|switch|p1b: Arcanine|Arcanine-Hisui, L50, M|100\/100\n|switch|p2a: Tornadus|Tornadus, L50, M|100\/100\n|switch|p2b: Urshifu|Urshifu-Rapid-Strike, L50, M|100\/100\n|-ability|p1b: Arcanine|Intimidate|boost\n|-unboost|p2a: Tornadus|atk|1\n|-unboost|p2b: Urshifu|atk|1\n|turn|1\n|inactive|superyyl has 30 seconds left.\n|\n|t:|1700712937\n|switch|p1b: Ogerpon|Ogerpon-Wellspring, L50, F|100\/100\n|-terastallize|p2b: Urshifu|Water\n|-terastallize|p1a: Gholdengo|Dragon\n|move|p2a: Tornadus|Rain Dance|p2a: Tornadus\n|-weather|RainDance\n|move|p2b: Urshifu|Surging Strikes|p1a: Gholdengo\n|-resisted|p1a: Gholdengo\n|-crit|p1a: Gholdengo\n|-damage|p1a: Gholdengo|75\/100\n|-resisted|p1a: Gholdengo\n|-crit|p1a: Gholdengo\n|-damage|p1a: Gholdengo|52\/100\n|-resisted|p1a: Gholdengo\n|-crit|p1a: Gholdengo\n|-damage|p1a: Gholdengo|25\/100\n|-hitcount|p1a: Gholdengo|3\n|move|p1a: Gholdengo|Nasty Plot|p1a: Gholdengo\n|-boost|p1a: Gholdengo|spa|2\n|\n|-weather|RainDance|[upkeep]\n|-heal|p1a: Gholdengo|31\/100|[from] item: Leftovers\n|upkeep\n|turn|2\n|inactive|Fizzayyy has 30 seconds left.\n|\n|t:|1700712971\n|move|p1b: Ogerpon|Follow Me|p1b: Ogerpon\n|-singleturn|p1b: Ogerpon|move: Follow Me\n|move|p2a: Tornadus|Bleakwind Storm|p1b: Ogerpon|[spread] p1a,p1b\n|-supereffective|p1b: Ogerpon\n|-damage|p1a: Gholdengo|0 fnt\n|-damage|p1b: Ogerpon|40\/100\n|-unboost|p1b: Ogerpon|spe|1\n|faint|p1a: Gholdengo\n|move|p2b: Urshifu|Close Combat|p1b: Ogerpon\n|-damage|p1b: Ogerpon|4\/100\n|-unboost|p2b: Urshifu|def|1\n|-unboost|p2b: Urshifu|spd|1\n|\n|-weather|RainDance|[upkeep]\n|upkeep\n|\n|t:|1700712984\n|switch|p1a: Iron Hands|Iron Hands, L50|100\/100\n|turn|3\n|\n|t:|1700713002\n|move|p2b: Urshifu|Protect|p2b: Urshifu\n|-singleturn|p2b: Urshifu|Protect\n|move|p2a: Tornadus|Bleakwind Storm|p1b: Ogerpon|[spread] p1a,p1b\n|-supereffective|p1b: Ogerpon\n|-damage|p1a: Iron Hands|83\/100\n|-damage|p1b: Ogerpon|0 fnt\n|faint|p1b: Ogerpon\n|move|p1a: Iron Hands|Wild Charge|p2b: Urshifu\n|-activate|p2b: Urshifu|move: Protect\n|\n|-weather|RainDance|[upkeep]\n|upkeep\n|-message|superyyl forfeited.\n|\n|win|Fizzayyy\n|raw|superyyl's rating: 1239 &rarr; <strong>1221<\/strong><br \/>(-18 for losing)\n|raw|Fizzayyy's rating: 1344 &rarr; <strong>1358<\/strong><br \/>(+14 for winning)\n|l|\u2606superyyl\n","uploadtime":1700713119,"views":15,"p1id":"superyyl","p2id":"fizzayyy","formatid":"gen9vgc2023regulatione","rating":1221,"private":0,"password":""}