{"id":"gen9vgc2023regulatione-1989462134","p1":"qz112","p2":"ragnar316","format":"[Gen 9] VGC 2023 Regulation E","log":"|j|\u2606qz112\n|j|\u2606ragnar316\n|t:|1699854226\n|gametype|doubles\n|player|p1|qz112|265|1138\n|player|p2|ragnar316|gentleman-gen4|1037\n|teamsize|p1|6\n|teamsize|p2|6\n|gen|9\n|tier|[Gen 9] VGC 2023 Regulation E\n|rated|\n|rule|Species Clause: Limit one of each Pok\u00e9mon\n|rule|Item Clause: Limit one of each item\n|clearpoke\n|poke|p1|Ursaluna-Bloodmoon, L50, M|\n|poke|p1|Dusclops, L50, M|\n|poke|p1|Oricorio-Sensu, L50, M|\n|poke|p1|Volcarona, L50, F|\n|poke|p1|Kommo-o, L50, M|\n|poke|p1|Regieleki, L50|\n|poke|p2|Ninetales-Alola, L50, F|\n|poke|p2|Arcanine, L50, M|\n|poke|p2|Gastrodon, L50, F|\n|poke|p2|Snorlax, L50, M|\n|poke|p2|Murkrow, L50, M|\n|poke|p2|Conkeldurr, L50, M|\n|teampreview|4\n|inactive|Battle timer is ON: inactive players will automatically lose when time's up. (requested by qz112)\n|\n|t:|1699854243\n|start\n|switch|p1a: Oricorio|Oricorio-Sensu, L50, M|100\/100\n|switch|p1b: Regieleki|Regieleki, L50|100\/100\n|switch|p2a: Ninetales|Ninetales-Alola, L50, F, shiny|100\/100\n|switch|p2b: Conkeldurr|Conkeldurr, L50, M|100\/100\n|-weather|Snow|[from] ability: Snow Warning|[of] p2a: Ninetales\n|turn|1\n|inactive|qz112 has 30 seconds left.\n|inactive|qz112 has 20 seconds left.\n|\n|t:|1699854283\n|-terastallize|p1b: Regieleki|Normal\n|move|p1a: Oricorio|Helping Hand|p1b: Regieleki\n|-singleturn|p1b: Regieleki|Helping Hand|[of] p1a: Oricorio\n|move|p1b: Regieleki|Explosion|p2a: Ninetales|[spread] p2a,p2b\n|-immune|p1a: Oricorio\n|-enditem|p1b: Regieleki|Normal Gem|[from] gem\n|-damage|p2a: Ninetales|0 fnt\n|-damage|p2b: Conkeldurr|0 fnt\n|faint|p1b: Regieleki\n|faint|p2a: Ninetales\n|faint|p2b: Conkeldurr\n|\n|-weather|Snow|[upkeep]\n|upkeep\n|\n|t:|1699854296\n|switch|p1b: Volcarona|Volcarona, L50, F|100\/100\n|switch|p2a: Gastrodon|Gastrodon, L50, F|100\/100\n|switch|p2b: Snorlax|Snorlax, L50, M|100\/100\n|turn|2\n|inactive|qz112 has 30 seconds left.\n|\n|t:|1699854330\n|move|p1a: Oricorio|Air Slash|p2a: Gastrodon\n|-crit|p2a: Gastrodon\n|-damage|p2a: Gastrodon|40\/100\n|move|p1b: Volcarona|Giga Drain|p2a: Gastrodon\n|-supereffective|p2a: Gastrodon\n|-damage|p2a: Gastrodon|0 fnt\n|faint|p2a: Gastrodon\n|move|p2b: Snorlax|Ice Punch|p1a: Oricorio\n|-supereffective|p1a: Oricorio\n|-damage|p1a: Oricorio|17\/100\n|\n|-weather|Snow|[upkeep]\n|-heal|p1a: Oricorio|23\/100|[from] item: Leftovers\n|upkeep\n|turn|3\n|-message|ragnar316 forfeited.\n|\n|win|qz112\n|raw|qz112's rating: 1138 &rarr; <strong>1156<\/strong><br \/>(+18 for winning)\n|raw|ragnar316's rating: 1037 &rarr; <strong>1026<\/strong><br \/>(-11 for losing)\n|l|\u2606ragnar316\n","uploadtime":1699854344,"views":8,"p1id":"qz112","p2id":"ragnar316","formatid":"gen9vgc2023regulatione","rating":1026,"private":0,"password":""}