{"id":"gen9vgc2023regulatione-1993948754","p1":"chaoneng","p2":"rennui-","format":"[Gen 9] VGC 2023 Regulation E","log":"|j|\u2606chaoneng\n|j|\u2606rennui-\n|t:|1700380972\n|gametype|doubles\n|player|p1|chaoneng|265|1627\n|player|p2|rennui-|erika|1640\n|teamsize|p1|6\n|teamsize|p2|6\n|gen|9\n|tier|[Gen 9] VGC 2023 Regulation E\n|rated|\n|rule|Species Clause: Limit one of each Pok\u00e9mon\n|rule|Item Clause: Limit one of each item\n|clearpoke\n|poke|p1|Urshifu-*, L50, M|\n|poke|p1|Grimmsnarl, L50, M|\n|poke|p1|Flutter Mane, L50|\n|poke|p1|Gholdengo, L50|\n|poke|p1|Tornadus, L50, M|\n|poke|p1|Heatran, L50, F|\n|poke|p2|Flutter Mane, L50|\n|poke|p2|Chi-Yu, L50|\n|poke|p2|Torkoal, L50, F|\n|poke|p2|Ogerpon-Wellspring, L50, F|\n|poke|p2|Farigiraf, L50, F|\n|poke|p2|Iron Hands, L50|\n|teampreview|4\nrennui- has agreed to open team sheets.\nchaoneng has agreed to open team sheets.\n|\n|t:|1700381062\n|start\n|switch|p1a: Grimmsnarl|Grimmsnarl, L50, M|100\/100\n|switch|p1b: Gholdengo|Gholdengo, L50|100\/100\n|switch|p2a: Ogerpon|Ogerpon-Wellspring, L50, F|100\/100\n|switch|p2b: Farigiraf|Farigiraf, L50, F, shiny|100\/100\n|turn|1\n|\n|t:|1700381085\n|-terastallize|p2a: Ogerpon|Water\n|detailschange|p2a: Ogerpon|Ogerpon-Wellspring-Tera, L50, F, tera:Water\n|-ability|p2a: Ogerpon|Embody Aspect (Wellspring)|boost\n|-boost|p2a: Ogerpon|spd|1\n|move|p1a: Grimmsnarl|Reflect|p1a: Grimmsnarl\n|-sidestart|p1: chaoneng|Reflect\n|move|p2a: Ogerpon|Ivy Cudgel|p1b: Gholdengo|[anim] Ivy Cudgel Water\n|-crit|p1b: Gholdengo\n|-damage|p1b: Gholdengo|0 fnt\n|faint|p1b: Gholdengo\n|move|p2b: Farigiraf|Psychic|p1a: Grimmsnarl\n|-immune|p1a: Grimmsnarl\n|\n|upkeep\n|\n|t:|1700381115\n|switch|p1b: Flutter Mane|Flutter Mane, L50|100\/100\n|turn|2\n|-message|chaoneng forfeited.\n|\n|win|rennui-\n|raw|chaoneng's rating: 1627 &rarr; <strong>1608<\/strong><br \/>(-19 for losing)\n|raw|rennui-'s rating: 1640 &rarr; <strong>1659<\/strong><br \/>(+19 for winning)\n","uploadtime":1700381133,"views":19,"p1id":"chaoneng","p2id":"rennui","formatid":"gen9vgc2023regulatione","rating":1608,"private":0,"password":""}