{"id":"gen9vgc2023regulatione-1994477099","p1":"AMaizad97","p2":"Kzjrjzk","format":"[Gen 9] VGC 2023 Regulation E","log":"|j|\u2606AMaizad97\n|j|\u2606Kzjrjzk\n|t:|1700448442\n|gametype|doubles\n|player|p1|AMaizad97|1|1039\n|player|p2|Kzjrjzk|lance|1122\n|teamsize|p1|6\n|teamsize|p2|6\n|gen|9\n|tier|[Gen 9] VGC 2023 Regulation E\n|rated|\n|rule|Species Clause: Limit one of each Pok\u00e9mon\n|rule|Item Clause: Limit one of each item\n|clearpoke\n|poke|p1|Farigiraf, L50, F|\n|poke|p1|Garchomp, L50, F|\n|poke|p1|Tornadus, L50, M|\n|poke|p1|Urshifu-*, L50, M|\n|poke|p1|Gholdengo, L50|\n|poke|p1|Rillaboom, L50, F|\n|poke|p2|Flutter Mane, L50|\n|poke|p2|Tornadus, L50, M|\n|poke|p2|Rillaboom, L50, M|\n|poke|p2|Garganacl, L50, F|\n|poke|p2|Arcanine-Hisui, L50, M|\n|poke|p2|Chien-Pao, L50|\n|teampreview|4\nAMaizad97 has agreed to open team sheets.\nKzjrjzk has agreed to open team sheets.\n|inactive|Battle timer is ON: inactive players will automatically lose when time's up. (requested by AMaizad97)\n|inactive|AMaizad97 has 60 seconds left.\n|\n|t:|1700448515\n|start\n|switch|p1a: Farigiraf|Farigiraf, L50, F|100\/100\n|switch|p1b: Tornadus|Tornadus, L50, M|100\/100\n|switch|p2a: Garganacl|Garganacl, L50, F|100\/100\n|switch|p2b: Tornadus|Tornadus, L50, M|100\/100\n|turn|1\n|inactive|Kzjrjzk has 30 seconds left.\n|\n|t:|1700448544\n|move|p1b: Tornadus|Tailwind|p1b: Tornadus\n|-sidestart|p1: AMaizad97|move: Tailwind\n|move|p1a: Farigiraf|Thunder Wave|p2a: Garganacl\n|-immune|p2a: Garganacl|[from] ability: Purifying Salt\n|move|p2b: Tornadus|Bleakwind Storm|p1b: Tornadus|[spread] p1a,p1b\n|-damage|p1a: Farigiraf|66\/100\n|-damage|p1b: Tornadus|75\/100\n|move|p2a: Garganacl|Salt Cure|p1a: Farigiraf\n|-damage|p1a: Farigiraf|52\/100\n|-start|p1a: Farigiraf|Salt Cure\n|\n|-damage|p1a: Farigiraf|40\/100|[from] Salt Cure\n|upkeep\n|turn|2\n|\n|t:|1700448563\n|switch|p1b: Garchomp|Garchomp, L50, F|100\/100\n|switch|p1a: Urshifu|Urshifu-Rapid-Strike, L50, M|100\/100\n|move|p2b: Tornadus|Tailwind|p2b: Tornadus\n|-sidestart|p2: Kzjrjzk|move: Tailwind\n|move|p2a: Garganacl|Salt Cure|p1b: Garchomp\n|-resisted|p1b: Garchomp\n|-damage|p1b: Garchomp|92\/100\n|-start|p1b: Garchomp|Salt Cure\n|\n|-damage|p1b: Garchomp|80\/100|[from] Salt Cure\n|upkeep\n|turn|3\n|\n|t:|1700448587\n|-terastallize|p2a: Garganacl|Ghost\n|move|p2b: Tornadus|Sunny Day|p2b: Tornadus\n|-weather|SunnyDay\n|move|p1b: Garchomp|Rock Slide|p2b: Tornadus|[spread] p2a\n|-miss|p1b: Garchomp|p2b: Tornadus\n|-crit|p2a: Garganacl\n|-damage|p2a: Garganacl|82\/100\n|move|p1a: Urshifu|Swords Dance|p1a: Urshifu\n|-boost|p1a: Urshifu|atk|2\n|move|p2a: Garganacl|Salt Cure|p1a: Urshifu\n|-resisted|p1a: Urshifu\n|-damage|p1a: Urshifu|94\/100\n|-start|p1a: Urshifu|Salt Cure\n|\n|-weather|SunnyDay|[upkeep]\n|-damage|p1b: Garchomp|68\/100|[from] Salt Cure\n|-damage|p1a: Urshifu|69\/100|[from] Salt Cure\n|upkeep\n|turn|4\n|inactive|AMaizad97 has 30 seconds left.\n|-message|AMaizad97 forfeited.\n|\n|win|Kzjrjzk\n|raw|AMaizad97's rating: 1039 &rarr; <strong>1027<\/strong><br \/>(-12 for losing)\n|raw|Kzjrjzk's rating: 1122 &rarr; <strong>1141<\/strong><br \/>(+19 for winning)\n|l|\u2606AMaizad97\n","uploadtime":1700448621,"views":8,"p1id":"amaizad97","p2id":"kzjrjzk","formatid":"gen9vgc2023regulatione","rating":1027,"private":0,"password":""}