{"id":"gen9vgc2023regulatione-2000182458","p1":"aaooa","p2":"wofley gickl","format":"[Gen 9] VGC 2023 Regulation E","log":"|j|\u2606aaooa\n|j|\u2606wofley gickl\n|t:|1701168585\n|gametype|doubles\n|player|p1|aaooa|265|1089\n|player|p2|wofley gickl|ninjaboy|1029\n|teamsize|p1|6\n|teamsize|p2|6\n|gen|9\n|tier|[Gen 9] VGC 2023 Regulation E\n|rated|\n|rule|Species Clause: Limit one of each Pok\u00e9mon\n|rule|Item Clause: Limit one of each item\n|clearpoke\n|poke|p1|Weezing-Galar, L50, F|\n|poke|p1|Slaking, L50, M|\n|poke|p1|Koffing, L50, M|\n|poke|p1|Iron Bundle, L50|\n|poke|p1|Toedscruel, L50, F|\n|poke|p1|Flutter Mane, L50|\n|poke|p2|Oricorio-Pom-Pom, L50, F|\n|poke|p2|Kommo-o, L50, F|\n|poke|p2|Indeedee-F, L50, F|\n|poke|p2|Volcarona, L50, F|\n|poke|p2|Sinistcha, L50|\n|poke|p2|Veluza, L50, F|\n|teampreview|4\n|\n|t:|1701168642\n|start\n|switch|p1a: Koffing|Koffing, L50, M|100\/100\n|switch|p1b: Slaking|Slaking, L50, M|100\/100\n|switch|p2a: Kommo-o|Kommo-o, L50, F|100\/100\n|switch|p2b: Indeedee|Indeedee-F, L50, F|100\/100\n|-ability|p1a: Koffing|Neutralizing Gas\n|turn|1\n|inactive|Battle timer is ON: inactive players will automatically lose when time's up. (requested by aaooa)\n|\n|t:|1701168670\n|-terastallize|p2a: Kommo-o|Steel\n|move|p1a: Koffing|Protect|p1a: Koffing\n|-singleturn|p1a: Koffing|Protect\n|move|p1b: Slaking|Body Slam|p2a: Kommo-o\n|-resisted|p2a: Kommo-o\n|-damage|p2a: Kommo-o|66\/100\n|-damage|p1b: Slaking|91\/100|[from] item: Life Orb\n|move|p2a: Kommo-o|Clangorous Soul|p2a: Kommo-o\n|-boost|p2a: Kommo-o|atk|1\n|-boost|p2a: Kommo-o|def|1\n|-boost|p2a: Kommo-o|spa|1\n|-boost|p2a: Kommo-o|spd|1\n|-boost|p2a: Kommo-o|spe|1\n|-damage|p2a: Kommo-o|34\/100\n|-enditem|p2a: Kommo-o|Throat Spray\n|-boost|p2a: Kommo-o|spa|1|[from] item: Throat Spray\n|move|p2b: Indeedee|Psych Up|p2a: Kommo-o\n|-copyboost|p2b: Indeedee|p2a: Kommo-o|[from] move: Psych Up\n|\n|upkeep\n|turn|2\n|\n|t:|1701168694\n|-terastallize|p1a: Koffing|Ghost\n|move|p1a: Koffing|Protect||[still]\n|-fail|p1a: Koffing\n|move|p2a: Kommo-o|Aura Sphere|p1b: Slaking\n|-supereffective|p1b: Slaking\n|-damage|p1b: Slaking|0 fnt\n|faint|p1b: Slaking\n|move|p2b: Indeedee|Stored Power|p1a: Koffing\n|-damage|p1a: Koffing|0 fnt\n|faint|p1a: Koffing\n|-end|p1a: Koffing|ability: Neutralizing Gas\n|-fieldstart|move: Psychic Terrain|[from] ability: Psychic Surge|[of] p2b: Indeedee\n|\n|upkeep\n|\n|t:|1701168703\n|switch|p1b: Flutter Mane|Flutter Mane, L50|100\/100\n|switch|p1a: Toedscruel|Toedscruel, L50, F|100\/100\n|turn|3\n|-message|aaooa forfeited.\n|\n|win|wofley gickl\n|raw|aaooa's rating: 1089 &rarr; <strong>1062<\/strong><br \/>(-27 for losing)\n|raw|wofley gickl's rating: 1029 &rarr; <strong>1071<\/strong><br \/>(+42 for winning)\n|l|\u2606aaooa\n","uploadtime":1701168720,"views":12,"p1id":"aaooa","p2id":"wofleygickl","formatid":"gen9vgc2023regulatione","rating":1062,"private":0,"password":""}