{"id":"gen9vgc2023regulatione-1988691292","p1":"Prf.Anu","p2":"BiMo17","format":"[Gen 9] VGC 2023 Regulation E","log":"|j|\u2606Prf.Anu\n|j|\u2606BiMo17\n|t:|1699751188\n|gametype|doubles\n|player|p1|Prf.Anu|unknown|1107\n|player|p2|BiMo17|musician|1027\n|teamsize|p1|6\n|teamsize|p2|6\n|gen|9\n|tier|[Gen 9] VGC 2023 Regulation E\n|rated|\n|rule|Species Clause: Limit one of each Pok\u00e9mon\n|rule|Item Clause: Limit one of each item\n|clearpoke\n|poke|p1|Tornadus, L50, M|\n|poke|p1|Indeedee-F, L50, F|\n|poke|p1|Chi-Yu, L50|\n|poke|p1|Flutter Mane, L50|\n|poke|p1|Iron Hands, L50|\n|poke|p1|Rillaboom, L50, M|\n|poke|p2|Clefairy, L50, F|\n|poke|p2|Kommo-o, L50, M|\n|poke|p2|Sinistcha-Masterpiece, L50|\n|poke|p2|Snorlax, L50, M|\n|poke|p2|Landorus-Therian, L50, M|\n|poke|p2|Iron Hands, L50|\n|teampreview|4\n|inactive|Battle timer is ON: inactive players will automatically lose when time's up. (requested by Prf.Anu)\nBiMo17 has agreed to open team sheets.\nPrf.Anu rejected open team sheets.\n|\n|t:|1699751203\n|start\n|switch|p1a: Tornadus|Tornadus, L50, M, shiny|100\/100\n|switch|p1b: Indeedee|Indeedee-F, L50, F, shiny|100\/100\n|switch|p2a: Kommo-o|Kommo-o, L50, M|100\/100\n|switch|p2b: Sinistcha|Sinistcha-Masterpiece, L50|100\/100\n|-fieldstart|move: Psychic Terrain|[from] ability: Psychic Surge|[of] p1b: Indeedee\n|turn|1\n|\n|t:|1699751224\n|-terastallize|p1a: Tornadus|Ground\n|move|p1a: Tornadus|Bleakwind Storm|p2a: Kommo-o|[spread] p2b\n|-miss|p1a: Tornadus|p2a: Kommo-o\n|-supereffective|p2b: Sinistcha\n|-crit|p2b: Sinistcha\n|-damage|p2b: Sinistcha|0 fnt\n|faint|p2b: Sinistcha\n|move|p2a: Kommo-o|Clangorous Soul|p2a: Kommo-o\n|-boost|p2a: Kommo-o|atk|1\n|-boost|p2a: Kommo-o|def|1\n|-boost|p2a: Kommo-o|spa|1\n|-boost|p2a: Kommo-o|spd|1\n|-boost|p2a: Kommo-o|spe|1\n|-damage|p2a: Kommo-o|68\/100\n|-enditem|p2a: Kommo-o|Throat Spray\n|-boost|p2a: Kommo-o|spa|1|[from] item: Throat Spray\n|move|p1b: Indeedee|Hyper Voice|p2a: Kommo-o\n|-damage|p2a: Kommo-o|41\/100\n|\n|upkeep\n|\n|t:|1699751239\n|switch|p2b: Clefairy|Clefairy, L50, F|100\/100\n|turn|2\n|\n|t:|1699751251\n|move|p2b: Clefairy|Follow Me|p2b: Clefairy\n|-singleturn|p2b: Clefairy|move: Follow Me\n|move|p1a: Tornadus|Tailwind|p1a: Tornadus\n|-sidestart|p1: Prf.Anu|move: Tailwind\n|move|p1b: Indeedee|Hyper Voice|p2b: Clefairy|[spread] p2a,p2b\n|-damage|p2a: Kommo-o|25\/100\n|-damage|p2b: Clefairy|80\/100\n|move|p2a: Kommo-o|Clanging Scales|p1a: Tornadus|[spread] p1a,p1b\n|-damage|p1a: Tornadus|9\/100\n|-damage|p1b: Indeedee|35\/100\n|-unboost|p2a: Kommo-o|def|1\n|\n|-heal|p1b: Indeedee|40\/100|[from] item: Leftovers\n|upkeep\n|turn|3\n|\n|t:|1699751268\n|move|p2a: Kommo-o|Protect|p2a: Kommo-o\n|-singleturn|p2a: Kommo-o|Protect\n|move|p1a: Tornadus|Sunny Day|p1a: Tornadus\n|-weather|SunnyDay\n|move|p1b: Indeedee|Hyper Voice|p2b: Clefairy|[spread] p2b\n|-activate|p2a: Kommo-o|move: Protect\n|-damage|p2b: Clefairy|60\/100\n|move|p2b: Clefairy|Heal Pulse|p2a: Kommo-o\n|-activate|p2a: Kommo-o|move: Protect\n|\n|-weather|SunnyDay|[upkeep]\n|-heal|p1b: Indeedee|46\/100|[from] item: Leftovers\n|upkeep\n|turn|4\n|-message|BiMo17 forfeited.\n|\n|win|Prf.Anu\n|raw|Prf.Anu's rating: 1107 &rarr; <strong>1126<\/strong><br \/>(+19 for winning)\n|raw|BiMo17's rating: 1027 &rarr; <strong>1016<\/strong><br \/>(-11 for losing)\n|l|\u2606BiMo17\n","uploadtime":1699751316,"views":11,"p1id":"prfanu","p2id":"bimo17","formatid":"gen9vgc2023regulatione","rating":1016,"private":0,"password":""}