{"id":"gen9vgc2023regulatione-1989721488","p1":"WickedCheeseTouch","p2":"kidturtle","format":"[Gen 9] VGC 2023 Regulation E","log":"|j|\u2606WickedCheeseTouch\n|j|\u2606kidturtle\n|n|\u2606WickedCheeseTouch|wickedcheesetouch\n|n|\u2606kidturtle|kidturtle\n|html|View the match progress at <a href=\"\/game-bestof3-gen9vgc2023regulatione-1989718607\">game-bestof3-gen9vgc2023regulatione-1989718607<\/a>\n|t:|1699890037\n|gametype|doubles\n|player|p1|WickedCheeseTouch|lucas|\n|player|p2|kidturtle|hoopster|\n|teamsize|p1|6\n|teamsize|p2|6\n|gen|9\n|tier|[Gen 9] VGC 2023 Regulation E\n|rated|Tournament battle\n|rule|Species Clause: Limit one of each Pok\u00e9mon\n|rule|Item Clause: Limit one of each item\n|clearpoke\n|poke|p1|Tornadus, L50, M|\n|poke|p1|Urshifu-*, L50, M|\n|poke|p1|Gholdengo, L50|\n|poke|p1|Arcanine-Hisui, L50, M|\n|poke|p1|Rillaboom, L50, M|\n|poke|p1|Ogerpon-Wellspring, L50, F|\n|poke|p2|Ursaluna, L50, M|\n|poke|p2|Cresselia, L50, F|\n|poke|p2|Flutter Mane, L50|\n|poke|p2|Chi-Yu, L50|\n|poke|p2|Iron Hands, L50|\n|poke|p2|Urshifu-*, L50, M|\n|teampreview|4\n|showteam|p1|Tornadus||CovertCloak|Prankster|BleakwindStorm,Tailwind,RainDance,Taunt|||M|||50|,,,,,Steel]Urshifu||FocusSash|UnseenFist|WickedBlow,CloseCombat,SuckerPunch,Protect|||M|||50|,,,,,Dark]Gholdengo||LifeOrb|GoodasGold|MakeItRain,ShadowBall,NastyPlot,Protect||||||50|,,,,,Steel]Arcanine-Hisui||SitrusBerry|Intimidate|FlareBlitz,RockSlide,ExtremeSpeed,WillOWisp|||M|||50|,,,,,Water]Rillaboom||AssaultVest|GrassySurge|FakeOut,WoodHammer,GrassyGlide,HighHorsepower|||M|||50|,,,,,Fire]Ogerpon-Wellspring||WellspringMask|WaterAbsorb|IvyCudgel,PowerWhip,FollowMe,SpikyShield|||F|||50|,,,,,Water\n|showteam|p2|Ursaluna||FlameOrb|Guts|Facade,Earthquake,SwordsDance,Protect|||M|||50|,,,,,Ghost]Cresselia||MentalHerb|Levitate|IceBeam,AllySwitch,LunarBlessing,TrickRoom|||F|||50|,,,,,Fairy]Flutter Mane||BoosterEnergy|Protosynthesis|IcyWind,ShadowBall,Moonblast,Protect||||||50|,,,,,Fairy]Chi-Yu||ChoiceSpecs|BeadsofRuin|BurningJealousy,DarkPulse,Overheat,Snarl||||||50|,,,,,Ghost]Iron Hands||SitrusBerry|QuarkDrive|DrainPunch,WildCharge,FakeOut,SwordsDance||||||50|,,,,,Fire]Urshifu||FocusSash|UnseenFist|Detect,WickedBlow,CloseCombat,SuckerPunch|||M|||50|,,,,,Dark\n|inactive|Battle timer is ON: inactive players will automatically lose when time's up. (requested by kidturtle)\n|inactive|WickedCheeseTouch has 60 seconds left.\n|\n|t:|1699890088\n|start\n|switch|p1a: Ogerpon|Ogerpon-Wellspring, L50, F|100\/100\n|switch|p1b: Urshifu|Urshifu, L50, M|100\/100\n|switch|p2a: Iron Hands|Iron Hands, L50|100\/100\n|switch|p2b: Cresselia|Cresselia, L50, F|100\/100\n|turn|1\n|\n|t:|1699890103\n|switch|p1b: Rillaboom|Rillaboom, L50, M, shiny|100\/100\n|-fieldstart|move: Grassy Terrain|[from] ability: Grassy Surge|[of] p1b: Rillaboom\n|-end|p2a: Iron Hands|Quark Drive|[silent]\n|switch|p2a: Ursaluna|Ursaluna, L50, M|100\/100\n|-terastallize|p2b: Cresselia|Fairy\n|move|p1a: Ogerpon|Power Whip|p2a: Ursaluna\n|-supereffective|p2a: Ursaluna\n|-crit|p2a: Ursaluna\n|-damage|p2a: Ursaluna|0 fnt\n|faint|p2a: Ursaluna\n|move|p2b: Cresselia|Trick Room|p2b: Cresselia\n|-fieldstart|move: Trick Room|[of] p2b: Cresselia\n|\n|upkeep\n|\n|t:|1699890110\n|switch|p2a: Iron Hands|Iron Hands, L50|100\/100\n|turn|2\n|-message|kidturtle forfeited.\n|\n|win|WickedCheeseTouch\n|l|\u2606kidturtle\n","uploadtime":1699890116,"views":22,"p1id":"wickedcheesetouch","p2id":"kidturtle","formatid":"gen9vgc2023regulatione","rating":0,"private":0,"password":""}