{"id":"gen9vgc2023regulatione-1993075298","p1":"CLowncar2000","p2":"ChocccccyMilkMafia","format":"[Gen 9] VGC 2023 Regulation E","log":"|j|\u2606CLowncar2000\n|j|\u2606ChocccccyMilkMafia\n|t:|1700261923\n|gametype|doubles\n|player|p1|CLowncar2000|ghetsis-gen5bw|1000\n|player|p2|ChocccccyMilkMafia|kieran|1086\n|teamsize|p1|6\n|teamsize|p2|6\n|gen|9\n|tier|[Gen 9] VGC 2023 Regulation E\n|rated|\n|rule|Species Clause: Limit one of each Pok\u00e9mon\n|rule|Item Clause: Limit one of each item\n|clearpoke\n|poke|p1|Regieleki, L50|\n|poke|p1|Zoroark, L50, M|\n|poke|p1|Ursaluna-Bloodmoon, L50, M|\n|poke|p1|Amoonguss, L50, F|\n|poke|p1|Flutter Mane, L50|\n|poke|p1|Chien-Pao, L50|\n|poke|p2|Farigiraf, L50, M|\n|poke|p2|Kingambit, L50, M|\n|poke|p2|Kommo-o, L50, M|\n|poke|p2|Sinistcha, L50|\n|poke|p2|Fezandipiti, L50, M|\n|poke|p2|Iron Bundle, L50|\n|teampreview|4\n|\n|t:|1700261941\n|start\n|switch|p1a: Ursaluna|Ursaluna-Bloodmoon, L50, M|100\/100\n|switch|p1b: Chien-Pao|Chien-Pao, L50|100\/100\n|switch|p2a: Farigiraf|Farigiraf, L50, M|100\/100\n|switch|p2b: Kommo-o|Kommo-o, L50, M|100\/100\n|turn|1\n|inactive|Battle timer is ON: inactive players will automatically lose when time's up. (requested by CLowncar2000)\n|\n|t:|1700261965\n|-terastallize|p2a: Farigiraf|Fairy\n|move|p1b: Chien-Pao|Trick|p2b: Kommo-o\n|-activate|p1b: Chien-Pao|move: Trick|[of] p2b: Kommo-o\n|-item|p2b: Kommo-o|Flame Orb|[from] move: Trick\n|-item|p1b: Chien-Pao|Aguav Berry|[from] move: Trick\n|move|p2b: Kommo-o|Clangorous Soul|p2b: Kommo-o\n|-boost|p2b: Kommo-o|atk|1\n|-boost|p2b: Kommo-o|def|1\n|-boost|p2b: Kommo-o|spa|1\n|-boost|p2b: Kommo-o|spd|1\n|-boost|p2b: Kommo-o|spe|1\n|-damage|p2b: Kommo-o|68\/100\n|move|p1a: Ursaluna|Blood Moon|p2a: Farigiraf\n|-damage|p2a: Farigiraf|0 fnt\n|faint|p2a: Farigiraf\n|\n|-status|p2b: Kommo-o|brn|[from] item: Flame Orb\n|upkeep\n|-message|ChocccccyMilkMafia forfeited.\n|\n|win|CLowncar2000\n|raw|CLowncar2000's rating: 1000 &rarr; <strong>1050<\/strong><br \/>(+50 for winning)\n|raw|ChocccccyMilkMafia's rating: 1086 &rarr; <strong>1058<\/strong><br \/>(-28 for losing)\n|l|\u2606CLowncar2000\n","uploadtime":1700261990,"views":15,"p1id":"clowncar2000","p2id":"chocccccymilkmafia","formatid":"gen9vgc2023regulatione","rating":1050,"private":0,"password":""}