{"id":"gen9vgc2023regulatione-1989286236","p1":"GlennIsAFrog","p2":"DonFuron","format":"[Gen 9] VGC 2023 Regulation E","log":"|j|\u2606GlennIsAFrog\n|j|\u2606DonFuron\n|n|\u2606GlennIsAFrog|glennisafrog\n|n|\u2606DonFuron|donfuron\n|html|View the match progress at <a href=\"\/game-bestof3-gen9vgc2023regulatione-1989286235\">game-bestof3-gen9vgc2023regulatione-1989286235<\/a>\n|t:|1699832010\n|gametype|doubles\n|player|p1|GlennIsAFrog|170|\n|player|p2|DonFuron|265|\n|teamsize|p1|6\n|teamsize|p2|6\n|gen|9\n|tier|[Gen 9] VGC 2023 Regulation E\n|rule|Species Clause: Limit one of each Pok\u00e9mon\n|rule|Item Clause: Limit one of each item\n|clearpoke\n|poke|p1|Cresselia, L50, F|\n|poke|p1|Heatran, L50, M|\n|poke|p1|Chien-Pao, L50|\n|poke|p1|Dragonite, L50, F|\n|poke|p1|Amoonguss, L50, M|\n|poke|p1|Urshifu-*, L50, F|\n|poke|p2|Indeedee-F, L50, F|\n|poke|p2|Armarouge, L50, M|\n|poke|p2|Snorlax, L50, F|\n|poke|p2|Enamorus-Therian, L50, F|\n|poke|p2|Farigiraf, L50, M|\n|poke|p2|Okidogi, L50, M|\n|teampreview|4\n|inactive|Battle timer is ON: inactive players will automatically lose when time's up. (requested by GlennIsAFrog)\nGlennIsAFrog has agreed to open team sheets.\n|c|\u2606GlennIsAFrog|glhf!\nDonFuron has agreed to open team sheets.\n|showteam|p1|Cresselia||SafetyGoggles|Levitate|Moonblast,TrickRoom,LunarBlessing,FutureSight|||F|||50|,,,,,Fairy]Heatran||AssaultVest|FlashFire|HeatWave,HeavySlam,EarthPower,TeraBlast|||M|||50|,,,,,Fairy]Chien-Pao||FocusSash|SwordofRuin|IcicleCrash,LashOut,SuckerPunch,Protect||||||50|,,,,,Dark]Dragonite||ChoiceBand|InnerFocus|ExtremeSpeed,GigaImpact,Outrage,AerialAce|||F|||50|,,,,,Normal]Amoonguss||RockyHelmet|Regenerator|RagePowder,Spore,PollenPuff,Protect|||M|||50|,,,,,Water]Urshifu-Rapid-Strike||ChoiceScarf|UnseenFist|SurgingStrikes,CloseCombat,IceSpinner,Uturn|||F|||50|,,,,,Water\n|showteam|p2|Indeedee-F||RockyHelmet|PsychicSurge|TrickRoom,HelpingHand,FollowMe,HealPulse|||F|||50|,,,,,Water]Armarouge||TwistedSpoon|FlashFire|ExpandingForce,ArmorCannon,WideGuard,TrickRoom|||M|||50|,,,,,Grass]Snorlax||CustapBerry|Gluttony|BodySlam,Earthquake,Protect,BellyDrum|||F|||50|,,,,,Flying]Enamorus-Therian||LifeOrb|Overcoat|Moonblast,DazzlingGleam,EarthPower,Protect|||F|||50|,,,,,Steel]Farigiraf||AirBalloon|ArmorTail|LowKick,HelpingHand,TrickRoom,PsychicTerrain|||M|||50|,,,,,Fairy]Okidogi||AssaultVest|GuardDog|PoisonJab,DrainPunch,BrickBreak,Snarl|||M|||50|,,,,,Water\n|c|\u2606DonFuron|glhf\n|c|\u2606GlennIsAFrog|i was expecting 2-2-2 dozo lol\n|inactive|GlennIsAFrog has 30 seconds left.\n|inactive|DonFuron has 30 seconds left.\n|inactive|GlennIsAFrog has 20 seconds left.\n|inactive|DonFuron has 20 seconds left.\n|inactive|GlennIsAFrog has 15 seconds left.\n|inactive|DonFuron has 15 seconds left.\n|inactive|GlennIsAFrog has 10 seconds left.\n|inactive|DonFuron has 10 seconds left.\n|inactive|DonFuron has 5 seconds left.\n|\n|t:|1699832074\n|start\n|switch|p1a: Chien-Pao|Chien-Pao, L50|100\/100\n|switch|p1b: Urshifu|Urshifu-Rapid-Strike, L50, F|100\/100\n|switch|p2a: Indeedee|Indeedee-F, L50, F|100\/100\n|switch|p2b: Armarouge|Armarouge, L50, M|100\/100\n|-ability|p1a: Chien-Pao|Sword of Ruin\n|-fieldstart|move: Psychic Terrain|[from] ability: Psychic Surge|[of] p2a: Indeedee\n|turn|1\n|inactive|GlennIsAFrog has 30 seconds left.\n|\n|t:|1699832099\n|move|p2a: Indeedee|Follow Me|p2a: Indeedee\n|-singleturn|p2a: Indeedee|move: Follow Me\n|move|p1b: Urshifu|Surging Strikes|p2a: Indeedee\n|-crit|p2a: Indeedee\n|-damage|p2a: Indeedee|77\/100\n|-damage|p1b: Urshifu|84\/100|[from] item: Rocky Helmet|[of] p2a: Indeedee\n|-crit|p2a: Indeedee\n|-damage|p2a: Indeedee|49\/100\n|-damage|p1b: Urshifu|67\/100|[from] item: Rocky Helmet|[of] p2a: Indeedee\n|-crit|p2a: Indeedee\n|-damage|p2a: Indeedee|25\/100\n|-damage|p1b: Urshifu|51\/100|[from] item: Rocky Helmet|[of] p2a: Indeedee\n|-hitcount|p2a: Indeedee|3\n|move|p1a: Chien-Pao|Lash Out|p2a: Indeedee\n|-supereffective|p2a: Indeedee\n|-damage|p2a: Indeedee|0 fnt\n|-damage|p1a: Chien-Pao|84\/100|[from] item: Rocky Helmet|[of] p2a: Indeedee\n|faint|p2a: Indeedee\n|move|p2b: Armarouge|Trick Room|p2b: Armarouge\n|-fieldstart|move: Trick Room|[of] p2b: Armarouge\n|\n|upkeep\n|\n|t:|1699832116\n|switch|p2a: Enamorus|Enamorus-Therian, L50, F|100\/100\n|turn|2\n|inactive|GlennIsAFrog has 30 seconds left.\n|\n|t:|1699832144\n|move|p2a: Enamorus|Earth Power|p1b: Urshifu\n|-crit|p1b: Urshifu\n|-damage|p1b: Urshifu|0 fnt\n|faint|p1b: Urshifu\n|-damage|p2a: Enamorus|91\/100|[from] item: Life Orb\n|move|p2b: Armarouge|Armor Cannon|p1a: Chien-Pao\n|-supereffective|p1a: Chien-Pao\n|-damage|p1a: Chien-Pao|0 fnt\n|-unboost|p2b: Armarouge|def|1\n|-unboost|p2b: Armarouge|spd|1\n|faint|p1a: Chien-Pao\n|\n|upkeep\n|\n|t:|1699832151\n|switch|p1b: Heatran|Heatran, L50, M|100\/100\n|switch|p1a: Cresselia|Cresselia, L50, F|100\/100\n|turn|3\n|inactive|GlennIsAFrog has 30 seconds left.\n|c|\u2606DonFuron|lol\n|c|\u2606DonFuron|this is a team I am cooking\n|\n|t:|1699832182\n|-terastallize|p1b: Heatran|Fairy\n|move|p2a: Enamorus|Earth Power|p1b: Heatran\n|-damage|p1b: Heatran|75\/100\n|-damage|p2a: Enamorus|82\/100|[from] item: Life Orb\n|move|p2b: Armarouge|Expanding Force|p1a: Cresselia|[spread] p1a,p1b\n|-resisted|p1a: Cresselia\n|-damage|p1a: Cresselia|79\/100\n|-damage|p1b: Heatran|32\/100\n|move|p1b: Heatran|Earth Power|p2b: Armarouge\n|-supereffective|p2b: Armarouge\n|-damage|p2b: Armarouge|0 fnt\n|faint|p2b: Armarouge\n|move|p1a: Cresselia|Future Sight|p2a: Enamorus\n|-start|p1a: Cresselia|move: Future Sight\n|\n|upkeep\n|c|\u2606DonFuron|for Poland regional\n|\n|t:|1699832196\n|switch|p2b: Snorlax|Snorlax, L50, F|100\/100\n|turn|4\n|\n|t:|1699832209\n|move|p2b: Snorlax|Belly Drum|p2b: Snorlax\n|-damage|p2b: Snorlax|50\/100\n|-setboost|p2b: Snorlax|atk|6|[from] move: Belly Drum\n|move|p2a: Enamorus|Moonblast|p1b: Heatran\n|-damage|p1b: Heatran|0 fnt\n|faint|p1b: Heatran\n|-damage|p2a: Enamorus|72\/100|[from] item: Life Orb\n|move|p1a: Cresselia|Lunar Blessing|p1a: Cresselia\n|-heal|p1a: Cresselia|100\/100\n|\n|upkeep\n|turn|5\n|-enditem|p2b: Snorlax|Custap Berry|[eat]\n|-activate|p2b: Snorlax|item: Custap Berry|[consumed]\n|\n|t:|1699832222\n|move|p2b: Snorlax|Body Slam|p1a: Cresselia\n|-damage|p1a: Cresselia|9\/100\n|-status|p1a: Cresselia|par\n|move|p2a: Enamorus|Moonblast|p1a: Cresselia\n|-damage|p1a: Cresselia|0 fnt\n|faint|p1a: Cresselia\n|-damage|p2a: Enamorus|63\/100|[from] item: Life Orb\n|\n|win|DonFuron\n|c|\u2606GlennIsAFrog|gg!\n|c|&|\/uhtml prompt-glennisafrog,GlennIsAFrog is ready for game 2!\n|c|\u2606DonFuron|gg\n|inactive|DonFuron has 50 seconds to confirm battle start!\n|c|&|\/uhtml prompt-donfuron,DonFuron is ready for game 2!\nBoth players are ready! Starting next match!\n|l|\u2606DonFuron\n","uploadtime":1699833376,"views":24,"p1id":"glennisafrog","p2id":"donfuron","formatid":"gen9vgc2023regulatione","rating":0,"private":0,"password":""}