{"id":"gen9vgc2023regulatione-1999330640","p1":"GB Five","p2":"langligelang","format":"[Gen 9] VGC 2023 Regulation E","log":"|j|\u2606GB Five\n|j|\u2606langligelang\n|t:|1701061441\n|gametype|doubles\n|player|p1|GB Five|169|\n|player|p2|langligelang|2|\n|teamsize|p1|6\n|teamsize|p2|6\n|gen|9\n|tier|[Gen 9] VGC 2023 Regulation E\n|rule|Species Clause: Limit one of each Pok\u00e9mon\n|rule|Item Clause: Limit one of each item\n|clearpoke\n|poke|p1|Weezing-Galar, L50, M|\n|poke|p1|Tauros-Paldea-Aqua, L50, M|\n|poke|p1|Pelipper, L50, F|\n|poke|p1|Rillaboom, L50, F|\n|poke|p1|Farigiraf, L50, F|\n|poke|p1|Ceruledge, L50, M|\n|poke|p2|Dudunsparce-*, L50, M|\n|poke|p2|Jolteon, L50, M|\n|poke|p2|Maushold-Four, L50|\n|poke|p2|Lucario, L50, M|\n|poke|p2|Chandelure, L50, M|\n|poke|p2|Talonflame, L50, M|\n|teampreview|4\n|\n|t:|1701061469\n|start\n|switch|p1a: Tauros|Tauros-Paldea-Aqua, L50, M|100\/100\n|switch|p1b: Pelipper|Pelipper, L50, F|100\/100\n|switch|p2a: Talonflame|Talonflame, L50, M|100\/100\n|switch|p2b: Jolteon|Jolteon, L50, M|100\/100\n|-ability|p1a: Tauros|Intimidate|boost\n|-unboost|p2a: Talonflame|atk|1\n|-unboost|p2b: Jolteon|atk|1\n|-weather|RainDance|[from] ability: Drizzle|[of] p1b: Pelipper\n|turn|1\n|\n|t:|1701061497\n|switch|p1b: Weezing|Weezing-Galar, L50, M|100\/100\n|-ability|p1b: Weezing|Neutralizing Gas\n|move|p2b: Jolteon|Detect|p2b: Jolteon\n|-singleturn|p2b: Jolteon|Protect\n|move|p1a: Tauros|Wave Crash|p2a: Talonflame\n|-supereffective|p2a: Talonflame\n|-enditem|p2a: Talonflame|Focus Sash\n|-damage|p2a: Talonflame|1\/100\n|-damage|p1a: Tauros|71\/100|[from] Recoil\n|move|p2a: Talonflame|Tailwind|p2a: Talonflame\n|-sidestart|p2: langligelang|move: Tailwind\n|\n|-weather|RainDance|[upkeep]\n|upkeep\n|turn|2\n|\n|t:|1701061528\n|switch|p1a: Pelipper|Pelipper, L50, F|100\/100\n|move|p2b: Jolteon|Thunder Wave|p1b: Weezing\n|-status|p1b: Weezing|par\n|move|p2a: Talonflame|Will-O-Wisp|p1a: Pelipper\n|-status|p1a: Pelipper|brn\n|move|p1b: Weezing|Explosion|p2a: Talonflame|[spread] p1a,p2a,p2b\n|-damage|p1a: Pelipper|3\/100 brn\n|-damage|p2a: Talonflame|0 fnt\n|-damage|p2b: Jolteon|0 fnt\n|faint|p1b: Weezing\n|-end|p1b: Weezing|ability: Neutralizing Gas\n|faint|p2a: Talonflame\n|faint|p2b: Jolteon\n|\n|-weather|RainDance|[upkeep]\n|-damage|p1a: Pelipper|0 fnt|[from] brn\n|faint|p1a: Pelipper\n|upkeep\n|\n|t:|1701061548\n|switch|p2b: Dudunsparce|Dudunsparce, L50, M|100\/100\n|switch|p2a: Maushold|Maushold-Four, L50|100\/100\n|switch|p1a: Tauros|Tauros-Paldea-Aqua, L50, M|71\/100\n|switch|p1b: Rillaboom|Rillaboom, L50, F|100\/100\n|-ability|p1a: Tauros|Intimidate|boost\n|-unboost|p2a: Maushold|atk|1\n|-unboost|p2b: Dudunsparce|atk|1\n|-ability|p2b: Dudunsparce|Rattled|boost\n|-boost|p2b: Dudunsparce|spe|1\n|-fieldstart|move: Grassy Terrain|[from] ability: Grassy Surge|[of] p1b: Rillaboom\n|turn|3\n|\n|t:|1701061579\n|-terastallize|p2b: Dudunsparce|Psychic\n|-terastallize|p1b: Rillaboom|Grass\n|move|p1a: Tauros|Aqua Jet|p2b: Dudunsparce\n|-damage|p2b: Dudunsparce|80\/100\n|move|p1b: Rillaboom|Grassy Glide|p2b: Dudunsparce\n|-damage|p2b: Dudunsparce|27\/100\n|move|p2a: Maushold|Beat Up|p2b: Dudunsparce\n|-supereffective|p2b: Dudunsparce\n|-damage|p2b: Dudunsparce|25\/100\n|-ability|p2b: Dudunsparce|Rattled|boost\n|-boost|p2b: Dudunsparce|spe|1\n|-enditem|p2b: Dudunsparce|Weakness Policy\n|-boost|p2b: Dudunsparce|atk|2|[from] item: Weakness Policy\n|-boost|p2b: Dudunsparce|spa|2|[from] item: Weakness Policy\n|-supereffective|p2b: Dudunsparce\n|-damage|p2b: Dudunsparce|22\/100\n|-ability|p2b: Dudunsparce|Rattled|boost\n|-boost|p2b: Dudunsparce|spe|1\n|-hitcount|p2b: Dudunsparce|2\n|move|p2b: Dudunsparce|Flamethrower|p1b: Rillaboom\n|-supereffective|p1b: Rillaboom\n|-crit|p1b: Rillaboom\n|-damage|p1b: Rillaboom|8\/100\n|\n|-weather|RainDance|[upkeep]\n|-heal|p2b: Dudunsparce|29\/100|[from] Grassy Terrain\n|-heal|p1a: Tauros|77\/100|[from] Grassy Terrain\n|-heal|p1b: Rillaboom|14\/100|[from] Grassy Terrain\n|upkeep\n|turn|4\n|\n|t:|1701061618\n|move|p2a: Maushold|Follow Me|p2a: Maushold\n|-singleturn|p2a: Maushold|move: Follow Me\n|move|p1a: Tauros|Aqua Jet|p2a: Maushold\n|-crit|p2a: Maushold\n|-damage|p2a: Maushold|41\/100\n|move|p1b: Rillaboom|Grassy Glide|p2a: Maushold\n|-damage|p2a: Maushold|0 fnt\n|faint|p2a: Maushold\n|move|p2b: Dudunsparce|Boomburst|p1a: Tauros|[spread] p1a,p1b\n|-damage|p1a: Tauros|0 fnt\n|-damage|p1b: Rillaboom|0 fnt\n|faint|p1a: Tauros\n|faint|p1b: Rillaboom\n|\n|win|langligelang\n|l|\u2606GB Five\n","uploadtime":1701061632,"views":3,"p1id":"gbfive","p2id":"langligelang","formatid":"gen9vgc2023regulatione","rating":0,"private":0,"password":""}