{"id":"gen9vgc2023regulatione-1996791024","p1":"FlopyFlopsters","p2":"QrdeJegoMac","format":"[Gen 9] VGC 2023 Regulation E","log":"|j|\u2606FlopyFlopsters\n|j|\u2606QrdeJegoMac\n|t:|1700725877\n|gametype|doubles\n|player|p1|FlopyFlopsters|nate|1530\n|player|p2|QrdeJegoMac|265|1568\n|teamsize|p1|6\n|teamsize|p2|6\n|gen|9\n|tier|[Gen 9] VGC 2023 Regulation E\n|rated|\n|rule|Species Clause: Limit one of each Pok\u00e9mon\n|rule|Item Clause: Limit one of each item\n|clearpoke\n|poke|p1|Urshifu-*, L50, F|\n|poke|p1|Arcanine-Hisui, L50, F|\n|poke|p1|Roaring Moon, L50|\n|poke|p1|Ogerpon, L50, F|\n|poke|p1|Flutter Mane, L50|\n|poke|p1|Chien-Pao, L50|\n|poke|p2|Chien-Pao, L50|\n|poke|p2|Arcanine-Hisui, L50, M|\n|poke|p2|Urshifu-*, L50, M|\n|poke|p2|Tornadus, L50, M|\n|poke|p2|Rillaboom, L50, M|\n|poke|p2|Flutter Mane, L50|\n|teampreview|4\n|inactive|Battle timer is ON: inactive players will automatically lose when time's up. (requested by QrdeJegoMac)\n|inactive|FlopyFlopsters also wants the timer to be on.\n|inactive|FlopyFlopsters has 60 seconds left.\n|inactive|QrdeJegoMac has 60 seconds left.\n|\n|t:|1700725909\n|start\n|switch|p1a: Roaring Moon|Roaring Moon, L50|100\/100\n|switch|p1b: Urshifu|Urshifu-Rapid-Strike, L50, F|100\/100\n|switch|p2a: Urshifu|Urshifu-Rapid-Strike, L50, M|100\/100\n|switch|p2b: Tornadus|Tornadus, L50, M|100\/100\n|-enditem|p1a: Roaring Moon|Booster Energy\n|-activate|p1a: Roaring Moon|ability: Protosynthesis|[fromitem]\n|-start|p1a: Roaring Moon|protosynthesisspe\n|turn|1\n|\n|t:|1700725927\n|-terastallize|p1b: Urshifu|Water\n|move|p2b: Tornadus|Tailwind|p2b: Tornadus\n|-sidestart|p2: QrdeJegoMac|move: Tailwind\n|move|p2a: Urshifu|Close Combat|p1a: Roaring Moon\n|-supereffective|p1a: Roaring Moon\n|-damage|p1a: Roaring Moon|0 fnt\n|-unboost|p2a: Urshifu|def|1\n|-unboost|p2a: Urshifu|spd|1\n|faint|p1a: Roaring Moon\n|-end|p1a: Roaring Moon|Protosynthesis|[silent]\n|move|p1b: Urshifu|Surging Strikes|p2b: Tornadus\n|-crit|p2b: Tornadus\n|-damage|p2b: Tornadus|64\/100\n|-crit|p2b: Tornadus\n|-damage|p2b: Tornadus|26\/100\n|-crit|p2b: Tornadus\n|-damage|p2b: Tornadus|0 fnt\n|faint|p2b: Tornadus\n|-hitcount|p2: Tornadus|3\n|\n|upkeep\n|\n|t:|1700725941\n|switch|p1a: Flutter Mane|Flutter Mane, L50|100\/100\n|switch|p2b: Chien-Pao|Chien-Pao, L50|100\/100\n|-ability|p2b: Chien-Pao|Sword of Ruin\n|turn|2\n|\n|t:|1700725960\n|-terastallize|p2b: Chien-Pao|Poison\n|move|p2b: Chien-Pao|Sucker Punch|p1b: Urshifu\n|-damage|p1b: Urshifu|33\/100\n|-damage|p2b: Chien-Pao|91\/100|[from] item: Life Orb\n|move|p1b: Urshifu|Aqua Jet|p2b: Chien-Pao\n|-damage|p2b: Chien-Pao|45\/100\n|move|p2a: Urshifu|Close Combat|p1b: Urshifu\n|-damage|p1b: Urshifu|0 fnt\n|-unboost|p2a: Urshifu|def|1\n|-unboost|p2a: Urshifu|spd|1\n|faint|p1b: Urshifu\n|move|p1a: Flutter Mane|Dazzling Gleam|p2a: Urshifu|[spread] p2a,p2b\n|-supereffective|p2a: Urshifu\n|-resisted|p2b: Chien-Pao\n|-damage|p2a: Urshifu|0 fnt\n|-damage|p2b: Chien-Pao|17\/100\n|faint|p2a: Urshifu\n|\n|upkeep\n|\n|t:|1700725969\n|switch|p1b: Arcanine|Arcanine-Hisui, L50, F|100\/100\n|switch|p2a: Arcanine|Arcanine-Hisui, L50, M|100\/100\n|-ability|p2a: Arcanine|Intimidate|boost\n|-unboost|p1a: Flutter Mane|atk|1\n|-unboost|p1b: Arcanine|atk|1\n|-ability|p1b: Arcanine|Intimidate|boost\n|-unboost|p2a: Arcanine|atk|1\n|-unboost|p2b: Chien-Pao|atk|1\n|turn|3\n|\n|t:|1700725983\n|move|p2b: Chien-Pao|Protect|p2b: Chien-Pao\n|-singleturn|p2b: Chien-Pao|Protect\n|move|p1b: Arcanine|Extreme Speed|p2b: Chien-Pao\n|-activate|p2b: Chien-Pao|move: Protect\n|move|p2a: Arcanine|Rock Slide|p1b: Arcanine|[spread] p1a,p1b\n|-supereffective|p1b: Arcanine\n|-damage|p1a: Flutter Mane|42\/100\n|-damage|p1b: Arcanine|9\/100\n|move|p1a: Flutter Mane|Shadow Ball|p2a: Arcanine\n|-crit|p2a: Arcanine\n|-damage|p2a: Arcanine|26\/100\n|-unboost|p2a: Arcanine|spd|1\n|\n|upkeep\n|turn|4\n|\n|t:|1700726002\n|move|p1b: Arcanine|Extreme Speed|p2b: Chien-Pao\n|-damage|p2b: Chien-Pao|0 fnt\n|faint|p2b: Chien-Pao\n|move|p2a: Arcanine|Rock Slide|p1b: Arcanine|[spread] p1a,p1b\n|-supereffective|p1b: Arcanine\n|-damage|p1a: Flutter Mane|0 fnt\n|-damage|p1b: Arcanine|0 fnt\n|faint|p1a: Flutter Mane\n|-end|p1a: Flutter Mane|Protosynthesis|[silent]\n|faint|p1b: Arcanine\n|\n|win|QrdeJegoMac\n|raw|FlopyFlopsters's rating: 1530 &rarr; <strong>1512<\/strong><br \/>(-18 for losing)\n|raw|QrdeJegoMac's rating: 1568 &rarr; <strong>1586<\/strong><br \/>(+18 for winning)\n|l|\u2606FlopyFlopsters\n","uploadtime":1700726013,"views":4,"p1id":"flopyflopsters","p2id":"qrdejegomac","formatid":"gen9vgc2023regulatione","rating":1512,"private":0,"password":""}