{"id":"gen9vgc2023regulatione-1994545187","p1":"Rest9","p2":"leolc0926","format":"[Gen 9] VGC 2023 Regulation E","log":"|j|\u2606Rest9\n|j|\u2606leolc0926\n|t:|1700457481\n|gametype|doubles\n|player|p1|Rest9|101|1432\n|player|p2|leolc0926|steven|1495\n|teamsize|p1|6\n|teamsize|p2|6\n|gen|9\n|tier|[Gen 9] VGC 2023 Regulation E\n|rated|\n|rule|Species Clause: Limit one of each Pok\u00e9mon\n|rule|Item Clause: Limit one of each item\n|clearpoke\n|poke|p1|Heatran, L50, M|\n|poke|p1|Landorus-Therian, L50, M|\n|poke|p1|Iron Hands, L50|\n|poke|p1|Roaring Moon, L50|\n|poke|p1|Flutter Mane, L50|\n|poke|p1|Amoonguss, L50, M|\n|poke|p2|Indeedee-F, L50, F|\n|poke|p2|Armarouge, L50, M|\n|poke|p2|Torkoal, L50, M|\n|poke|p2|Kingambit, L50, F|\n|poke|p2|Enamorus-Therian, L50, F|\n|poke|p2|Lilligant-Hisui, L50, F|\n|teampreview|4\n|inactive|Battle timer is ON: inactive players will automatically lose when time's up. (requested by Rest9)\nleolc0926 has agreed to open team sheets.\n|inactive|Rest9 has 60 seconds left.\n|\n|t:|1700457523\n|start\n|switch|p1a: Manoferrea|Iron Hands, L50, shiny|100\/100\n|switch|p1b: Bramaluna|Roaring Moon, L50|100\/100\n|switch|p2a: \u7ba1\u4e8b\u4fa0|Indeedee-F, L50, F|100\/100\n|switch|p2b: \u30b0\u30ec\u30f3\u30a2\u30eb\u30de|Armarouge, L50, M|100\/100\n|-fieldstart|move: Psychic Terrain|[from] ability: Psychic Surge|[of] p2a: \u7ba1\u4e8b\u4fa0\n|-enditem|p2a: \u7ba1\u4e8b\u4fa0|Psychic Seed\n|-boost|p2a: \u7ba1\u4e8b\u4fa0|spd|1|[from] item: Psychic Seed\n|-enditem|p1b: Bramaluna|Booster Energy\n|-activate|p1b: Bramaluna|ability: Protosynthesis|[fromitem]\n|-start|p1b: Bramaluna|protosynthesisspe\n|turn|1\n|inactive|leolc0926 has 30 seconds left.\n|j| meowmeowjoe\n|\n|t:|1700457551\n|-end|p1a: Manoferrea|Quark Drive|[silent]\n|switch|p1a: \u30d2\u30fc\u30c9\u30e9\u30f3|Heatran, L50, M, shiny|100\/100\n|move|p2a: \u7ba1\u4e8b\u4fa0|Follow Me|p2a: \u7ba1\u4e8b\u4fa0\n|-singleturn|p2a: \u7ba1\u4e8b\u4fa0|move: Follow Me\n|move|p1b: Bramaluna|Knock Off|p2a: \u7ba1\u4e8b\u4fa0\n|-supereffective|p2a: \u7ba1\u4e8b\u4fa0\n|-damage|p2a: \u7ba1\u4e8b\u4fa0|38\/100\n|move|p2b: \u30b0\u30ec\u30f3\u30a2\u30eb\u30de|Trick Room|p2b: \u30b0\u30ec\u30f3\u30a2\u30eb\u30de\n|-fieldstart|move: Trick Room|[of] p2b: \u30b0\u30ec\u30f3\u30a2\u30eb\u30de\n|\n|upkeep\n|turn|2\n|\n|t:|1700457574\n|-terastallize|p2b: \u30b0\u30ec\u30f3\u30a2\u30eb\u30de|Grass\n|move|p1b: Bramaluna|Protect|p1b: Bramaluna\n|-singleturn|p1b: Bramaluna|Protect\n|move|p2a: \u7ba1\u4e8b\u4fa0|Follow Me|p2a: \u7ba1\u4e8b\u4fa0\n|-singleturn|p2a: \u7ba1\u4e8b\u4fa0|move: Follow Me\n|move|p2b: \u30b0\u30ec\u30f3\u30a2\u30eb\u30de|Expanding Force|p1a: \u30d2\u30fc\u30c9\u30e9\u30f3|[spread] p1a\n|-activate|p1b: Bramaluna|move: Protect\n|-resisted|p1a: \u30d2\u30fc\u30c9\u30e9\u30f3\n|-damage|p1a: \u30d2\u30fc\u30c9\u30e9\u30f3|61\/100\n|-damage|p2b: \u30b0\u30ec\u30f3\u30a2\u30eb\u30de|91\/100|[from] item: Life Orb\n|move|p1a: \u30d2\u30fc\u30c9\u30e9\u30f3|Magma Storm|p2a: \u7ba1\u4e8b\u4fa0\n|-damage|p2a: \u7ba1\u4e8b\u4fa0|0 fnt\n|faint|p2a: \u7ba1\u4e8b\u4fa0\n|\n|upkeep\n|\n|t:|1700457587\n|switch|p2a: \u7737\u604b\u4fa0|Enamorus-Therian, L50, F|100\/100\n|turn|3\n|\n|t:|1700457600\n|-terastallize|p1b: Bramaluna|Flying\n|move|p1a: \u30d2\u30fc\u30c9\u30e9\u30f3|Protect|p1a: \u30d2\u30fc\u30c9\u30e9\u30f3\n|-singleturn|p1a: \u30d2\u30fc\u30c9\u30e9\u30f3|Protect\n|move|p2a: \u7737\u604b\u4fa0|Moonblast|p1b: Bramaluna\n|-damage|p1b: Bramaluna|31\/100\n|move|p2b: \u30b0\u30ec\u30f3\u30a2\u30eb\u30de|Expanding Force|p1a: \u30d2\u30fc\u30c9\u30e9\u30f3|[spread] p1b\n|-activate|p1a: \u30d2\u30fc\u30c9\u30e9\u30f3|move: Protect\n|-damage|p1b: Bramaluna|0 fnt\n|faint|p1b: Bramaluna\n|-end|p1b: Bramaluna|Protosynthesis|[silent]\n|-damage|p2b: \u30b0\u30ec\u30f3\u30a2\u30eb\u30de|81\/100|[from] item: Life Orb\n|\n|upkeep\n|\n|t:|1700457613\n|switch|p1b: \u30e9\u30f3\u30c9\u30ed\u30b9|Landorus-Therian, L50, M, shiny|100\/100\n|-ability|p1b: \u30e9\u30f3\u30c9\u30ed\u30b9|Intimidate|boost\n|-unboost|p2a: \u7737\u604b\u4fa0|atk|1\n|-unboost|p2b: \u30b0\u30ec\u30f3\u30a2\u30eb\u30de|atk|1\n|turn|4\n|\n|t:|1700457625\n|move|p2a: \u7737\u604b\u4fa0|Earth Power|p1a: \u30d2\u30fc\u30c9\u30e9\u30f3\n|-supereffective|p1a: \u30d2\u30fc\u30c9\u30e9\u30f3\n|-enditem|p1a: \u30d2\u30fc\u30c9\u30e9\u30f3|Shuca Berry|[eat]\n|-enditem|p1a: \u30d2\u30fc\u30c9\u30e9\u30f3|Shuca Berry|[weaken]\n|-damage|p1a: \u30d2\u30fc\u30c9\u30e9\u30f3|0 fnt\n|faint|p1a: \u30d2\u30fc\u30c9\u30e9\u30f3\n|move|p2b: \u30b0\u30ec\u30f3\u30a2\u30eb\u30de|Expanding Force|p1b: \u30e9\u30f3\u30c9\u30ed\u30b9\n|-damage|p1b: \u30e9\u30f3\u30c9\u30ed\u30b9|0 fnt\n|faint|p1b: \u30e9\u30f3\u30c9\u30ed\u30b9\n|-damage|p2b: \u30b0\u30ec\u30f3\u30a2\u30eb\u30de|72\/100|[from] item: Life Orb\n|\n|upkeep\n|-message|Rest9 forfeited.\n|\n|win|leolc0926\n|raw|Rest9's rating: 1432 &rarr; <strong>1416<\/strong><br \/>(-16 for losing)\n|raw|leolc0926's rating: 1495 &rarr; <strong>1511<\/strong><br \/>(+16 for winning)\n|l|\u2606Rest9\n|c|\u2606leolc0926|gg\n","uploadtime":1700457643,"views":6,"p1id":"rest9","p2id":"leolc0926","formatid":"gen9vgc2023regulatione","rating":1416,"private":0,"password":""}