{"id":"gen9vgc2023regulatione-1997405578","p1":"TheGnerdyGnome","p2":"messi-05","format":"[Gen 9] VGC 2023 Regulation E","log":"|j|\u2606TheGnerdyGnome\n|j|\u2606messi-05\n|t:|1700800090\n|gametype|doubles\n|player|p1|TheGnerdyGnome|chef|1269\n|player|p2|messi-05|2|1232\n|teamsize|p1|6\n|teamsize|p2|6\n|gen|9\n|tier|[Gen 9] VGC 2023 Regulation E\n|rated|\n|rule|Species Clause: Limit one of each Pok\u00e9mon\n|rule|Item Clause: Limit one of each item\n|clearpoke\n|poke|p1|Ninetales-Alola, L50, F|\n|poke|p1|Baxcalibur, L50, F|\n|poke|p1|Arcanine-Hisui, L50, M|\n|poke|p1|Ogerpon-Wellspring, L50, F|\n|poke|p1|Farigiraf, L50, M|\n|poke|p1|Kingambit, L50, M|\n|poke|p2|Ogerpon-Hearthflame, L50, F|\n|poke|p2|Urshifu-*, L50, M|\n|poke|p2|Tornadus, L50, M|\n|poke|p2|Landorus-Therian, L50, M|\n|poke|p2|Flutter Mane, L50|\n|poke|p2|Kingambit, L50, M|\n|teampreview|4\n|inactive|Battle timer is ON: inactive players will automatically lose when time's up. (requested by messi-05)\n|inactive|TheGnerdyGnome also wants the timer to be on.\nmessi-05 rejected open team sheets.\n|inactive|messi-05 has 60 seconds left.\n|inactive|messi-05 has 30 seconds left.\n|\n|t:|1700800153\n|start\n|switch|p1a: Farigiraf|Farigiraf, L50, M|100\/100\n|switch|p1b: Kingambit|Kingambit, L50, M|100\/100\n|switch|p2a: Tornadus|Tornadus, L50, M|100\/100\n|switch|p2b: Ogerpon|Ogerpon-Hearthflame, L50, F|100\/100\n|-ability|p2b: Ogerpon|Mold Breaker\n|turn|1\n|inactive|TheGnerdyGnome has 30 seconds left.\n|inactive|messi-05 has 30 seconds left.\n|inactive|messi-05 has 20 seconds left.\n|\n|t:|1700800189\n|-terastallize|p2b: Ogerpon|Fire\n|detailschange|p2b: Ogerpon|Ogerpon-Hearthflame-Tera, L50, F, tera:Fire\n|-ability|p2b: Ogerpon|Embody Aspect (Hearthflame)|boost\n|-boost|p2b: Ogerpon|atk|1\n|-terastallize|p1b: Kingambit|Dark\n|move|p2a: Tornadus|Tailwind|p2a: Tornadus\n|-sidestart|p2: messi-05|move: Tailwind\n|move|p2b: Ogerpon|Ivy Cudgel|p1b: Kingambit|[anim] Ivy Cudgel Fire\n|-damage|p1b: Kingambit|13\/100\n|move|p1b: Kingambit|Swords Dance|p1b: Kingambit\n|-boost|p1b: Kingambit|atk|2\n|move|p1a: Farigiraf|Trick Room|p1a: Farigiraf\n|-fieldstart|move: Trick Room|[of] p1a: Farigiraf\n|\n|upkeep\n|turn|2\n|inactive|TheGnerdyGnome has 30 seconds left.\n|inactive|messi-05 has 30 seconds left.\n|inactive|TheGnerdyGnome has 20 seconds left.\n|inactive|TheGnerdyGnome has 15 seconds left.\n|\n|t:|1700800230\n|switch|p1a: Arcanine|Arcanine-Hisui, L50, M|100\/100\n|-ability|p1a: Arcanine|Intimidate|boost\n|-unboost|p2a: Tornadus|atk|1\n|-unboost|p2b: Ogerpon|atk|1\n|move|p2b: Ogerpon|Spiky Shield|p2b: Ogerpon\n|-singleturn|p2b: Ogerpon|move: Protect\n|move|p1b: Kingambit|Kowtow Cleave|p2a: Tornadus\n|-damage|p2a: Tornadus|0 fnt\n|faint|p2a: Tornadus\n|\n|upkeep\n|\n|t:|1700800241\n|switch|p2a: Urshifu|Urshifu-Rapid-Strike, L50, M|100\/100\n|turn|3\n|inactive|TheGnerdyGnome has 30 seconds left.\n|inactive|messi-05 has 30 seconds left.\n|\n|t:|1700800273\n|switch|p1a: Ogerpon|Ogerpon-Wellspring, L50, F|100\/100\n|move|p1b: Kingambit|Kowtow Cleave|p2b: Ogerpon\n|-damage|p2b: Ogerpon|0 fnt\n|faint|p2b: Ogerpon\n|move|p2a: Urshifu|Surging Strikes|p1a: Ogerpon\n|-immune|p1a: Ogerpon|[from] ability: Water Absorb\n|\n|upkeep\n|\n|t:|1700800281\n|switch|p2b: Flutter Mane|Flutter Mane, L50|100\/100\n|turn|4\n|-message|messi-05 forfeited.\n|\n|win|TheGnerdyGnome\n|raw|TheGnerdyGnome's rating: 1269 &rarr; <strong>1291<\/strong><br \/>(+22 for winning)\n|raw|messi-05's rating: 1232 &rarr; <strong>1210<\/strong><br \/>(-22 for losing)\n|l|\u2606messi-05\n","uploadtime":1700800289,"views":13,"p1id":"thegnerdygnome","p2id":"messi05","formatid":"gen9vgc2023regulatione","rating":1210,"private":0,"password":""}