{"id":"gen9vgc2023regulatione-1995797343","p1":"drbaegl","p2":"Peligrosplgs","format":"[Gen 9] VGC 2023 Regulation E","log":"|j|\u2606drbaegl\n|j|\u2606Peligrosplgs\n|t:|1700604105\n|gametype|doubles\n|player|p1|drbaegl|hoopster|1192\n|player|p2|Peligrosplgs|265|1234\n|teamsize|p1|6\n|teamsize|p2|6\n|gen|9\n|tier|[Gen 9] VGC 2023 Regulation E\n|rated|\n|rule|Species Clause: Limit one of each Pok\u00e9mon\n|rule|Item Clause: Limit one of each item\n|clearpoke\n|poke|p1|Sinistcha, L50|\n|poke|p1|Landorus-Therian, L50, M|\n|poke|p1|Iron Hands, L50|\n|poke|p1|Kommo-o, L50, M|\n|poke|p1|Dusclops, L50, M|\n|poke|p1|Chi-Yu, L50|\n|poke|p2|Grimmsnarl, L50, M|\n|poke|p2|Flutter Mane, L50|\n|poke|p2|Iron Hands, L50|\n|poke|p2|Ogerpon-Hearthflame, L50, F|\n|poke|p2|Cresselia, L50, F|\n|poke|p2|Arcanine, L50, M|\n|teampreview|4\n|inactive|Battle timer is ON: inactive players will automatically lose when time's up. (requested by drbaegl)\n|inactive|Peligrosplgs has 60 seconds left.\n|inactive|Peligrosplgs has 30 seconds left.\n|inactive|Peligrosplgs has 20 seconds left.\n|inactive|Peligrosplgs has 15 seconds left.\n|inactive|Peligrosplgs has 10 seconds left.\n|inactive|Peligrosplgs has 5 seconds left.\n|\n|t:|1700604273\n|start\n|switch|p1a: Landorus|Landorus-Therian, L50, M, shiny|100\/100\n|switch|p1b: Chi-Yu|Chi-Yu, L50|100\/100\n|switch|p2a: Grimmsnarl|Grimmsnarl, L50, M, shiny|100\/100\n|switch|p2b: Flutter Mane|Flutter Mane, L50|100\/100\n|-ability|p1a: Landorus|Intimidate|boost\n|-unboost|p2a: Grimmsnarl|atk|1\n|-unboost|p2b: Flutter Mane|atk|1\n|-ability|p1b: Chi-Yu|Beads of Ruin\n|-enditem|p2b: Flutter Mane|Booster Energy\n|-activate|p2b: Flutter Mane|ability: Protosynthesis|[fromitem]\n|-start|p2b: Flutter Mane|protosynthesisspa\n|turn|1\n|inactive|Peligrosplgs has 30 seconds left.\n|inactive|drbaegl has 30 seconds left.\n|inactive|Peligrosplgs has 20 seconds left.\n|inactive|drbaegl has 20 seconds left.\n|inactive|Peligrosplgs has 15 seconds left.\n|inactive|Peligrosplgs has 10 seconds left.\n|inactive|Peligrosplgs has 5 seconds left.\n|\n|t:|1700604328\n|move|p2a: Grimmsnarl|Fake Out|p1a: Landorus\n|-damage|p1a: Landorus|93\/100\n|cant|p1a: Landorus|flinch\n|move|p2b: Flutter Mane|Dazzling Gleam|p1b: Chi-Yu|[spread] p1a,p1b\n|-damage|p1a: Landorus|20\/100\n|-damage|p1b: Chi-Yu|54\/100\n|move|p1b: Chi-Yu|Heat Wave|p2b: Flutter Mane|[spread] p2a\n|-miss|p1b: Chi-Yu|p2b: Flutter Mane\n|-damage|p2a: Grimmsnarl|39\/100\n|-damage|p1b: Chi-Yu|44\/100|[from] item: Life Orb\n|\n|upkeep\n|turn|2\n|inactive|Peligrosplgs has 30 seconds left.\n|inactive|Peligrosplgs has 20 seconds left.\n|inactive|Peligrosplgs has 15 seconds left.\n|inactive|Peligrosplgs has 10 seconds left.\n|inactive|Peligrosplgs has 5 seconds left.\n|\n|t:|1700604383\n|move|p2a: Grimmsnarl|Fake Out||[still]\n|-hint|Fake Out only works on your first turn out.\n|-fail|p2a: Grimmsnarl\n|move|p1a: Landorus|Stomping Tantrum|p2b: Flutter Mane\n|-damage|p2b: Flutter Mane|0 fnt\n|faint|p2b: Flutter Mane\n|-end|p2b: Flutter Mane|Protosynthesis|[silent]\n|move|p1b: Chi-Yu|Heat Wave|p2a: Grimmsnarl\n|-damage|p2a: Grimmsnarl|0 fnt\n|faint|p2a: Grimmsnarl\n|-damage|p1b: Chi-Yu|34\/100|[from] item: Life Orb\n|\n|upkeep\n|inactive|Peligrosplgs has 30 seconds left.\n|inactive|Peligrosplgs has 20 seconds left.\n|inactive|Peligrosplgs has 15 seconds left.\n|c|\u2606drbaegl|Youre not funny\n|inactive|Peligrosplgs has 10 seconds left.\n|inactive|Peligrosplgs has 5 seconds left.\n|\n|t:|1700604438\n|switch|p2b: Ogerpon|Ogerpon-Hearthflame, L50, F|100\/100\n|switch|p2a: Iron Hands|Iron Hands, L50|100\/100\n|-ability|p2b: Ogerpon|Mold Breaker\n|turn|3\n|inactive|drbaegl has 30 seconds left.\n|inactive|Peligrosplgs has 30 seconds left.\n|inactive|Peligrosplgs has 20 seconds left.\n|inactive|Peligrosplgs has 15 seconds left.\n|inactive|Peligrosplgs has 10 seconds left.\n|inactive|Peligrosplgs has 5 seconds left.\n|c|\u2606drbaegl|I cant stress enough how much i dislike you\n|\n|t:|1700604493\n|switch|p1a: Kommo-o|Kommo-o, L50, M, shiny|100\/100\n|move|p2b: Ogerpon|Ivy Cudgel|p1b: Chi-Yu|[anim] Ivy Cudgel Fire\n|-resisted|p1b: Chi-Yu\n|-damage|p1b: Chi-Yu|0 fnt\n|faint|p1b: Chi-Yu\n|move|p2a: Iron Hands|Drain Punch|p1a: Kommo-o\n|-damage|p1a: Kommo-o|66\/100\n|\n|upkeep\n|\n|t:|1700604499\n|switch|p1b: Landorus|Landorus-Therian, L50, M, shiny|20\/100\n|-ability|p1b: Landorus|Intimidate|boost\n|-unboost|p2a: Iron Hands|atk|1\n|-unboost|p2b: Ogerpon|atk|1\n|turn|4\n|c|\u2606drbaegl|Is this really worth your time\n|inactive|Peligrosplgs has 30 seconds left.\n|inactive|Peligrosplgs has 20 seconds left.\n|c|\u2606drbaegl|You could go outside or like get a job\n|inactive|Peligrosplgs has 15 seconds left.\n|inactive|Peligrosplgs has 10 seconds left.\n|c|\u2606drbaegl|Or play a different game idc\n|inactive|Peligrosplgs has 5 seconds left.\n|\n|t:|1700604554\n|move|p1b: Landorus|Rock Slide|p2a: Iron Hands|[spread] p2a,p2b\n|-resisted|p2a: Iron Hands\n|-supereffective|p2b: Ogerpon\n|-crit|p2b: Ogerpon\n|-damage|p2a: Iron Hands|94\/100\n|-damage|p2b: Ogerpon|33\/100\n|move|p2b: Ogerpon|Ivy Cudgel|p1b: Landorus|[anim] Ivy Cudgel Fire\n|-damage|p1b: Landorus|0 fnt\n|faint|p1b: Landorus\n|move|p1a: Kommo-o|Clanging Scales|p2b: Ogerpon|[spread] p2a,p2b\n|-crit|p2a: Iron Hands\n|-damage|p2a: Iron Hands|54\/100\n|-damage|p2b: Ogerpon|0 fnt\n|faint|p2b: Ogerpon\n|-unboost|p1a: Kommo-o|def|1\n|-enditem|p1a: Kommo-o|Throat Spray\n|-boost|p1a: Kommo-o|spa|1|[from] item: Throat Spray\n|move|p2a: Iron Hands|Drain Punch|p1a: Kommo-o\n|-damage|p1a: Kommo-o|29\/100\n|-heal|p2a: Iron Hands|67\/100|[from] drain|[of] p1a: Kommo-o\n|\n|upkeep\n|c|\u2606drbaegl|But this isnt funny\n|\n|t:|1700604563\n|switch|p1b: Sinistcha|Sinistcha, L50|100\/100\n|-heal|p1a: Kommo-o|54\/100|[from] ability: Hospitality|[of] p1b: Sinistcha\n|turn|5\n|inactive|Peligrosplgs has 30 seconds left.\n|c|\u2606Peligrosplgs|SORRY IM WORKING }}\n|c|\u2606Peligrosplgs|IWAS NO PAYING ATETENTION\n|c|\u2606drbaegl|OH MY BAD\n|inactive|Peligrosplgs has 20 seconds left.\n|\n|t:|1700604601\n|move|p1a: Kommo-o|Clanging Scales|p2a: Iron Hands\n|-damage|p2a: Iron Hands|16\/100\n|-unboost|p1a: Kommo-o|def|1\n|move|p1b: Sinistcha|Matcha Gotcha|p2a: Iron Hands\n|-damage|p2a: Iron Hands|0 fnt\n|faint|p2a: Iron Hands\n|-end|p2a: Iron Hands|Quark Drive|[silent]\n|\n|win|drbaegl\n|raw|drbaegl's rating: 1192 &rarr; <strong>1220<\/strong><br \/>(+28 for winning)\n|raw|Peligrosplgs's rating: 1234 &rarr; <strong>1206<\/strong><br \/>(-28 for losing)\n|c|\u2606drbaegl|I THOUGHT YOU WERE STALLING ON PURPOSE IM SORRY\n","uploadtime":1700604623,"views":8,"p1id":"drbaegl","p2id":"peligrosplgs","formatid":"gen9vgc2023regulatione","rating":1206,"private":0,"password":""}