{"id":"gen9vgc2023regulatione-1991406242","p1":"QTwo","p2":"rennui-","format":"[Gen 9] VGC 2023 Regulation E","log":"|j|\u2606QTwo\n|j|\u2606rennui-\n|t:|1700074424\n|gametype|doubles\n|player|p1|QTwo|red|1634\n|player|p2|rennui-|erika|1588\n|teamsize|p1|6\n|teamsize|p2|6\n|gen|9\n|tier|[Gen 9] VGC 2023 Regulation E\n|rated|\n|rule|Species Clause: Limit one of each Pok\u00e9mon\n|rule|Item Clause: Limit one of each item\n|clearpoke\n|poke|p1|Chi-Yu, L50|\n|poke|p1|Iron Hands, L50|\n|poke|p1|Torkoal, L50, M|\n|poke|p1|Dusclops, L50, M|\n|poke|p1|Iron Bundle, L50|\n|poke|p1|Rillaboom, L50, M|\n|poke|p2|Flutter Mane, L50|\n|poke|p2|Chi-Yu, L50|\n|poke|p2|Torkoal, L50, M|\n|poke|p2|Ogerpon-Wellspring, L50, F|\n|poke|p2|Farigiraf, L50, F|\n|poke|p2|Iron Hands, L50|\n|teampreview|4\n|inactive|Battle timer is ON: inactive players will automatically lose when time's up. (requested by QTwo)\nrennui- has agreed to open team sheets.\n|inactive|QTwo has 60 seconds left.\n|inactive|rennui- has 60 seconds left.\nQTwo has agreed to open team sheets.\n|inactive|rennui- has 30 seconds left.\n|inactive|rennui- has 20 seconds left.\n|inactive|rennui- has 15 seconds left.\n|\n|t:|1700074501\n|start\n|switch|p1a: Iron Hands|Iron Hands, L50|100\/100\n|switch|p1b: Iron Bundle|Iron Bundle, L50|100\/100\n|switch|p2a: Flutter Mane|Flutter Mane, L50|100\/100\n|switch|p2b: Chi-Yu|Chi-Yu, L50|100\/100\n|-ability|p2b: Chi-Yu|Beads of Ruin\n|-enditem|p1b: Iron Bundle|Booster Energy\n|-activate|p1b: Iron Bundle|ability: Quark Drive|[fromitem]\n|-start|p1b: Iron Bundle|quarkdrivespe\n|turn|1\n|inactive|rennui- has 30 seconds left.\n|inactive|rennui- has 20 seconds left.\n|inactive|rennui- has 15 seconds left.\n|inactive|rennui- has 10 seconds left.\n|\n|t:|1700074547\n|-terastallize|p2b: Chi-Yu|Ghost\n|-terastallize|p1a: Iron Hands|Water\n|move|p1b: Iron Bundle|Protect|p1b: Iron Bundle\n|-singleturn|p1b: Iron Bundle|Protect\n|move|p2a: Flutter Mane|Dazzling Gleam|p1a: Iron Hands|[spread] p1a\n|-activate|p1b: Iron Bundle|move: Protect\n|-damage|p1a: Iron Hands|70\/100\n|move|p2b: Chi-Yu|Dark Pulse|p1a: Iron Hands\n|-damage|p1a: Iron Hands|34\/100\n|-damage|p2b: Chi-Yu|91\/100|[from] item: Life Orb\n|move|p1a: Iron Hands|Heavy Slam|p2a: Flutter Mane\n|-supereffective|p2a: Flutter Mane\n|-damage|p2a: Flutter Mane|0 fnt\n|faint|p2a: Flutter Mane\n|-end|p2a: Flutter Mane|Protosynthesis|[silent]\n|\n|upkeep\n|\n|t:|1700074559\n|switch|p2a: Iron Hands|Iron Hands, L50|100\/100\n|turn|2\n|\n|t:|1700074572\n|-end|p1b: Iron Bundle|Quark Drive|[silent]\n|switch|p1b: Rillaboom|Rillaboom, L50, M|100\/100\n|-fieldstart|move: Grassy Terrain|[from] ability: Grassy Surge|[of] p1b: Rillaboom\n|move|p2a: Iron Hands|Fake Out|p1b: Rillaboom\n|-damage|p1b: Rillaboom|85\/100\n|move|p2b: Chi-Yu|Dark Pulse|p1a: Iron Hands\n|-damage|p1a: Iron Hands|0 fnt\n|faint|p1a: Iron Hands\n|-end|p1a: Iron Hands|Quark Drive|[silent]\n|-damage|p2b: Chi-Yu|81\/100|[from] item: Life Orb\n|\n|-heal|p2b: Chi-Yu|87\/100|[from] Grassy Terrain\n|-heal|p1b: Rillaboom|91\/100|[from] Grassy Terrain\n|upkeep\n|\n|t:|1700074580\n|switch|p1a: Chi-Yu|Chi-Yu, L50|100\/100\n|-ability|p1a: Chi-Yu|Beads of Ruin\n|turn|3\n|\n|t:|1700074600\n|move|p1a: Chi-Yu|Snarl|p2a: Iron Hands|[spread] p2a,p2b\n|-resisted|p2a: Iron Hands\n|-supereffective|p2b: Chi-Yu\n|-damage|p2a: Iron Hands|87\/100\n|-damage|p2b: Chi-Yu|19\/100\n|-unboost|p2a: Iron Hands|spa|1\n|-unboost|p2b: Chi-Yu|spa|1\n|move|p2b: Chi-Yu|Heat Wave|p1a: Chi-Yu|[spread] p1a,p1b\n|-resisted|p1a: Chi-Yu\n|-supereffective|p1b: Rillaboom\n|-damage|p1a: Chi-Yu|83\/100\n|-damage|p1b: Rillaboom|0 fnt\n|faint|p1b: Rillaboom\n|-damage|p2b: Chi-Yu|10\/100|[from] item: Life Orb\n|move|p2a: Iron Hands|Drain Punch|p1a: Chi-Yu\n|-supereffective|p1a: Chi-Yu\n|-damage|p1a: Chi-Yu|0 fnt\n|-heal|p2a: Iron Hands|100\/100|[from] drain|[of] p1a: Chi-Yu\n|faint|p1a: Chi-Yu\n|\n|-heal|p2b: Chi-Yu|15\/100|[from] Grassy Terrain\n|upkeep\n|\n|t:|1700074612\n|switch|p1b: Iron Bundle|Iron Bundle, L50|100\/100\n|turn|4\n|\n|t:|1700074619\n|move|p2b: Chi-Yu|Protect|p2b: Chi-Yu\n|-singleturn|p2b: Chi-Yu|Protect\n|move|p1b: Iron Bundle|Hydro Pump|p2a: Iron Hands|[miss]\n|-miss|p1b: Iron Bundle|p2a: Iron Hands\n|move|p2a: Iron Hands|Drain Punch|p1b: Iron Bundle\n|-supereffective|p1b: Iron Bundle\n|-damage|p1b: Iron Bundle|0 fnt\n|faint|p1b: Iron Bundle\n|-end|p1b: Iron Bundle|Quark Drive|[silent]\n|\n|win|rennui-\n|raw|QTwo's rating: 1634 &rarr; <strong>1611<\/strong><br \/>(-23 for losing)\n|raw|rennui-'s rating: 1588 &rarr; <strong>1611<\/strong><br \/>(+23 for winning)\n","uploadtime":1700074624,"views":29,"p1id":"qtwo","p2id":"rennui","formatid":"gen9vgc2023regulatione","rating":1611,"private":0,"password":""}