{"id":"gen9vgc2023regulatione-1998036615","p1":"DouWu","p2":"Proffesor_Karrot","format":"[Gen 9] VGC 2023 Regulation E","log":"|j|\u2606DouWu\n|j|\u2606Proffesor_Karrot\n|t:|1700881965\n|gametype|doubles\n|player|p1|DouWu|larry|1569\n|player|p2|Proffesor_Karrot|lady|1504\n|teamsize|p1|6\n|teamsize|p2|6\n|gen|9\n|tier|[Gen 9] VGC 2023 Regulation E\n|rated|\n|rule|Species Clause: Limit one of each Pok\u00e9mon\n|rule|Item Clause: Limit one of each item\n|clearpoke\n|poke|p1|Lilligant-Hisui, L50, F|\n|poke|p1|Torkoal, L50, M|\n|poke|p1|Indeedee-F, L50, F|\n|poke|p1|Armarouge, L50, F|\n|poke|p1|Ursaluna-Bloodmoon, L50, M|\n|poke|p1|Kingambit, L50, M|\n|poke|p2|Farigiraf, L50, F|\n|poke|p2|Landorus, L50, M|\n|poke|p2|Urshifu-*, L50, M|\n|poke|p2|Heatran, L50, F|\n|poke|p2|Iron Bundle, L50|\n|poke|p2|Rillaboom, L50, F|\n|teampreview|4\n|inactive|Battle timer is ON: inactive players will automatically lose when time's up. (requested by Proffesor_Karrot)\n|\n|t:|1700881994\n|start\n|switch|p1a: \u88d9\u513f\u5927\u59d0\u5927|Lilligant-Hisui, L50, F, shiny|100\/100\n|switch|p1b: Torkoal|Torkoal, L50, M|100\/100\n|switch|p2a: Urshifu|Urshifu, L50, M|100\/100\n|switch|p2b: Farigiraf|Farigiraf, L50, F|100\/100\n|-weather|SunnyDay|[from] ability: Drought|[of] p1b: Torkoal\n|turn|1\n|\n|t:|1700882015\n|-terastallize|p2a: Urshifu|Dark\n|move|p2a: Urshifu|Sucker Punch|p1b: Torkoal\n|-damage|p1b: Torkoal|58\/100\n|move|p1a: \u88d9\u513f\u5927\u59d0\u5927|Close Combat|p2a: Urshifu\n|-supereffective|p2a: Urshifu\n|-enditem|p2a: Urshifu|Focus Sash\n|-damage|p2a: Urshifu|1\/100\n|-unboost|p1a: \u88d9\u513f\u5927\u59d0\u5927|def|1\n|-unboost|p1a: \u88d9\u513f\u5927\u59d0\u5927|spd|1\n|move|p2b: Farigiraf|Hyper Voice|p1a: \u88d9\u513f\u5927\u59d0\u5927|[spread] p1a,p1b\n|-damage|p1a: \u88d9\u513f\u5927\u59d0\u5927|20\/100\n|-damage|p1b: Torkoal|19\/100\n|-enditem|p2b: Farigiraf|Throat Spray\n|-boost|p2b: Farigiraf|spa|1|[from] item: Throat Spray\n|move|p1b: Torkoal|Heat Wave|p2b: Farigiraf|[spread] p2a,p2b\n|-damage|p2a: Urshifu|0 fnt\n|-damage|p2b: Farigiraf|27\/100\n|faint|p2a: Urshifu\n|\n|-weather|SunnyDay|[upkeep]\n|upkeep\n|\n|t:|1700882034\n|switch|p2a: Heatran|Heatran, L50, F|100\/100\n|turn|2\n|\n|t:|1700882042\n|switch|p1b: Indeedee|Indeedee-F, L50, F|100\/100\n|-fieldstart|move: Psychic Terrain|[from] ability: Psychic Surge|[of] p1b: Indeedee\n|move|p1a: \u88d9\u513f\u5927\u59d0\u5927|Close Combat|p2a: Heatran\n|-supereffective|p2a: Heatran\n|-damage|p2a: Heatran|12\/100\n|-unboost|p1a: \u88d9\u513f\u5927\u59d0\u5927|def|1\n|-unboost|p1a: \u88d9\u513f\u5927\u59d0\u5927|spd|1\n|move|p2a: Heatran|Heat Wave|p1b: Indeedee|[spread] p1a,p1b\n|-supereffective|p1a: \u88d9\u513f\u5927\u59d0\u5927\n|-damage|p1a: \u88d9\u513f\u5927\u59d0\u5927|0 fnt\n|-damage|p1b: Indeedee|36\/100\n|faint|p1a: \u88d9\u513f\u5927\u59d0\u5927\n|move|p2b: Farigiraf|Hyper Voice|p1b: Indeedee\n|-damage|p1b: Indeedee|0 fnt\n|faint|p1b: Indeedee\n|\n|-weather|SunnyDay|[upkeep]\n|upkeep\n|\n|t:|1700882064\n|switch|p1a: Torkoal|Torkoal, L50, M|19\/100\n|switch|p1b: Ursaluna|Ursaluna-Bloodmoon, L50, M|100\/100\n|turn|3\n|\n|t:|1700882085\n|move|p2a: Heatran|Heat Wave|p1a: Torkoal|[spread] p1a,p1b\n|-resisted|p1a: Torkoal\n|-damage|p1a: Torkoal|0 fnt\n|-damage|p1b: Ursaluna|61\/100\n|faint|p1a: Torkoal\n|move|p2b: Farigiraf|Hyper Voice|p1b: Ursaluna\n|-damage|p1b: Ursaluna|21\/100\n|move|p1b: Ursaluna|Hyper Voice|p2a: Heatran|[spread] p2a,p2b\n|-resisted|p2a: Heatran\n|-damage|p2a: Heatran|0 fnt\n|-damage|p2b: Farigiraf|0 fnt\n|faint|p2a: Heatran\n|faint|p2b: Farigiraf\n|\n|-weather|SunnyDay|[upkeep]\n|upkeep\n|\n|t:|1700882094\n|switch|p2b: Iron Bundle|Iron Bundle, L50|100\/100\n|-enditem|p2b: Iron Bundle|Booster Energy\n|-activate|p2b: Iron Bundle|ability: Quark Drive|[fromitem]\n|-start|p2b: Iron Bundle|quarkdrivespe\n|turn|4\n|\n|t:|1700882105\n|-terastallize|p1b: Ursaluna|Normal\n|move|p2b: Iron Bundle|Freeze-Dry|p1b: Ursaluna\n|-damage|p1b: Ursaluna|1\/100\n|move|p1b: Ursaluna|Blood Moon|p2b: Iron Bundle\n|-damage|p2b: Iron Bundle|0 fnt\n|faint|p2b: Iron Bundle\n|-end|p2b: Iron Bundle|Quark Drive|[silent]\n|\n|win|DouWu\n|raw|DouWu's rating: 1569 &rarr; <strong>1585<\/strong><br \/>(+16 for winning)\n|raw|Proffesor_Karrot's rating: 1504 &rarr; <strong>1488<\/strong><br \/>(-16 for losing)\n|l|\u2606Proffesor_Karrot\n|l|\u2606DouWu\n|j|\u2606DouWu\n|player|p1|DouWu|larry\n","uploadtime":1700882170,"views":9,"p1id":"douwu","p2id":"proffesorkarrot","formatid":"gen9vgc2023regulatione","rating":1488,"private":0,"password":""}