{"id":"gen9vgc2023regulatione-1991714115","p1":"kidturtle","p2":"It'sJustKen VGC","format":"[Gen 9] VGC 2023 Regulation E","log":"|j|\u2606kidturtle\n|j|\u2606It'sJustKen VGC\n|t:|1700105956\n|gametype|doubles\n|player|p1|kidturtle|hoopster|\n|player|p2|It'sJustKen VGC|turo|\n|teamsize|p1|6\n|teamsize|p2|6\n|gen|9\n|tier|[Gen 9] VGC 2023 Regulation E\n|rated|Tournament battle\n|rule|Species Clause: Limit one of each Pok\u00e9mon\n|rule|Item Clause: Limit one of each item\n|clearpoke\n|poke|p1|Ursaluna, L50, M|\n|poke|p1|Cresselia, L50, F|\n|poke|p1|Flutter Mane, L50|\n|poke|p1|Chi-Yu, L50|\n|poke|p1|Iron Hands, L50|\n|poke|p1|Urshifu-*, L50, M|\n|poke|p2|Flutter Mane, L50|\n|poke|p2|Scizor, L50, F|\n|poke|p2|Arcanine-Hisui, L50, M|\n|poke|p2|Gastrodon-East, L50, M|\n|poke|p2|Kingambit, L50, M|\n|poke|p2|Chi-Yu, L50|\n|teampreview|4\n|showteam|p1|Ursaluna||FlameOrb|Guts|Facade,Earthquake,SwordsDance,Protect|||M|||50|,,,,,Ghost]Cresselia||MentalHerb|Levitate|IceBeam,AllySwitch,LunarBlessing,TrickRoom|||F|||50|,,,,,Fairy]Flutter Mane||BoosterEnergy|Protosynthesis|IcyWind,ShadowBall,Moonblast,Protect||||||50|,,,,,Fairy]Chi-Yu||ChoiceSpecs|BeadsofRuin|BurningJealousy,DarkPulse,Overheat,Snarl||||||50|,,,,,Ghost]Iron Hands||SitrusBerry|QuarkDrive|DrainPunch,WildCharge,FakeOut,SwordsDance||||||50|,,,,,Fire]Urshifu||FocusSash|UnseenFist|Detect,WickedBlow,CloseCombat,SuckerPunch|||M|||50|,,,,,Dark\n|showteam|p2|Flutter Mane||FairyFeather|Protosynthesis|Imprison,TrickRoom,ShadowBall,Moonblast||||||50|,,,,,Fairy]Scizor||LifeOrb|Technician|Protect,Lunge,BulletPunch,CloseCombat|||F|||50|,,,,,Flying]Arcanine-Hisui||SafetyGoggles|Intimidate|Protect,ExtremeSpeed,FlareBlitz,WillOWisp|||M|||50|,,,,,Normal]Gastrodon-East||Leftovers|StormDrain|Protect,Yawn,EarthPower,IceBeam|||M|||50|,,,,,Fire]Kingambit||ChoiceBand|Defiant|IronHead,SuckerPunch,KowtowCleave,LowKick|||M|||50|,,,,,Dark]Chi-Yu||ChoiceSpecs|BeadsofRuin|Snarl,DarkPulse,Flamethrower,Psychic||||||50|,,,,,Ghost\n|inactive|Battle timer is ON: inactive players will automatically lose when time's up. (requested by It'sJustKen VGC)\n|j| VeryFakeVGC\n|c| VeryFakeVGC|fairy feather flutte\n|c|\u2606It'sJustKen VGC|glhf\n|c| VeryFakeVGC|go kidturtle just for that\n|inactive|kidturtle has 60 seconds left.\n|inactive|It'sJustKen VGC has 60 seconds left.\n|c| VeryFakeVGC|oh fuck hes lefties gastro\n|c| VeryFakeVGC|respect sd ursa\n|c|\u2606kidturtle|thx u 2\n|inactive|kidturtle has 30 seconds left.\n|inactive|It'sJustKen VGC has 30 seconds left.\n|c|\u2606It'sJustKen VGC|VeryFakeVGC why do you have to complain about every team I'm using\n|inactive|It'sJustKen VGC has 20 seconds left.\n|inactive|It'sJustKen VGC has 15 seconds left.\n|inactive|It'sJustKen VGC has 10 seconds left.\n|c| VeryFakeVGC|im joking abt the team ur using rn\n|inactive|It'sJustKen VGC has 5 seconds left.\n|c| VeryFakeVGC|ur team rn is fine\n|\n|t:|1700106045\n|start\n|switch|p1a: Flutter Mane|Flutter Mane, L50, shiny|100\/100\n|switch|p1b: Chi-Yu|Chi-Yu, L50|100\/100\n|switch|p2a: Gastrodon|Gastrodon-East, L50, M|100\/100\n|switch|p2b: Kingambit|Kingambit, L50, M|100\/100\n|-ability|p1b: Chi-Yu|Beads of Ruin\n|-enditem|p1a: Flutter Mane|Booster Energy\n|-activate|p1a: Flutter Mane|ability: Protosynthesis|[fromitem]\n|-start|p1a: Flutter Mane|protosynthesisspe\n|turn|1\n|c| VeryFakeVGC|im just roasting u for not using pixie plate\n|c| VeryFakeVGC|like a real chad\n|inactive|kidturtle has 30 seconds left.\n|\n|t:|1700106075\n|switch|p2b: Arcanine|Arcanine-Hisui, L50, M|100\/100\n|-ability|p2b: Arcanine|Intimidate|boost\n|-unboost|p1a: Flutter Mane|atk|1\n|-unboost|p1b: Chi-Yu|atk|1\n|-terastallize|p1a: Flutter Mane|Fairy\n|-terastallize|p2a: Gastrodon|Fire\n|move|p1a: Flutter Mane|Moonblast|p2b: Arcanine\n|-resisted|p2b: Arcanine\n|-damage|p2b: Arcanine|52\/100\n|move|p1b: Chi-Yu|Dark Pulse|p2a: Gastrodon\n|-damage|p2a: Gastrodon|26\/100\n|move|p2a: Gastrodon|Earth Power|p1b: Chi-Yu\n|-supereffective|p1b: Chi-Yu\n|-crit|p1b: Chi-Yu\n|-damage|p1b: Chi-Yu|0 fnt\n|faint|p1b: Chi-Yu\n|\n|-heal|p2a: Gastrodon|32\/100|[from] item: Leftovers\n|upkeep\n|j| Desmondrocks11\n|\n|t:|1700106081\n|switch|p1b: Cresselia|Cresselia, L50, F|100\/100\n|turn|2\n|c|\u2606It'sJustKen VGC|ouch ouch ouch ouch\n|c| VeryFakeVGC|and what happened to moonblast\n|c| VeryFakeVGC|new animation?\n|l| VeryFakeVGC\n|inactive|It'sJustKen VGC has 30 seconds left.\n|inactive|It'sJustKen VGC has 20 seconds left.\n|inactive|It'sJustKen VGC has 15 seconds left.\n|\n|t:|1700106125\n|-end|p1a: Flutter Mane|Protosynthesis|[silent]\n|switch|p1a: Ursaluna|Ursaluna, L50, M|100\/100\n|switch|p2a: Flutter Mane|Flutter Mane, L50|100\/100\n|move|p2b: Arcanine|Flare Blitz|p1a: Ursaluna\n|-damage|p1a: Ursaluna|55\/100\n|-damage|p2b: Arcanine|34\/100|[from] Recoil\n|move|p1b: Cresselia|Trick Room|p1b: Cresselia\n|-fieldstart|move: Trick Room|[of] p1b: Cresselia\n|\n|-status|p1a: Ursaluna|brn|[from] item: Flame Orb\n|upkeep\n|turn|3\n|\n|t:|1700106145\n|move|p1a: Ursaluna|Earthquake|p2a: Flutter Mane|[spread] p2a,p2b\n|-immune|p1b: Cresselia|[from] ability: Levitate\n|-supereffective|p2b: Arcanine\n|-damage|p2a: Flutter Mane|10\/100\n|-damage|p2b: Arcanine|0 fnt\n|faint|p2b: Arcanine\n|move|p1b: Cresselia|Ice Beam|p2a: Flutter Mane\n|-damage|p2a: Flutter Mane|0 fnt\n|faint|p2a: Flutter Mane\n|-end|p2a: Flutter Mane|Protosynthesis|[silent]\n|\n|-damage|p1a: Ursaluna|49\/100 brn|[from] brn\n|upkeep\n|\n|t:|1700106149\n|switch|p2b: Kingambit|Kingambit, L50, M|100\/100\n|switch|p2a: Gastrodon|Gastrodon-East, L50, M, tera:Fire|32\/100\n|turn|4\n|\n|t:|1700106166\n|move|p2a: Gastrodon|Protect|p2a: Gastrodon\n|-singleturn|p2a: Gastrodon|Protect\n|move|p1a: Ursaluna|Protect|p1a: Ursaluna\n|-singleturn|p1a: Ursaluna|Protect\n|move|p2b: Kingambit|Kowtow Cleave|p1b: Cresselia\n|-supereffective|p1b: Cresselia\n|-damage|p1b: Cresselia|16\/100\n|move|p1b: Cresselia|Lunar Blessing|p1b: Cresselia|[spread] p1a,p1b\n|-heal|p1a: Ursaluna|74\/100 brn\n|-curestatus|p1a: Ursaluna|brn|[msg]\n|-heal|p1b: Cresselia|41\/100\n|\n|-heal|p2a: Gastrodon|38\/100|[from] item: Leftovers\n|-status|p1a: Ursaluna|brn|[from] item: Flame Orb\n|upkeep\n|turn|5\n|\n|t:|1700106182\n|move|p2a: Gastrodon|Ice Beam|p1a: Ursaluna\n|-supereffective|p1a: Ursaluna\n|-damage|p1a: Ursaluna|35\/100 brn\n|move|p1a: Ursaluna|Earthquake|p2a: Gastrodon|[spread] p2a,p2b\n|-immune|p1b: Cresselia|[from] ability: Levitate\n|-supereffective|p2a: Gastrodon\n|-supereffective|p2b: Kingambit\n|-damage|p2a: Gastrodon|0 fnt\n|-damage|p2b: Kingambit|1\/100\n|faint|p2a: Gastrodon\n|move|p2b: Kingambit|Kowtow Cleave|p1a: Ursaluna\n|-crit|p1a: Ursaluna\n|-damage|p1a: Ursaluna|0 fnt\n|faint|p1a: Ursaluna\n|move|p1b: Cresselia|Lunar Blessing|p1b: Cresselia\n|-heal|p1b: Cresselia|66\/100\n|\n|upkeep\n|\n|t:|1700106190\n|switch|p1a: Flutter Mane|Flutter Mane, L50, shiny, tera:Fairy|100\/100\n|turn|6\n|\n|t:|1700106193\n|move|p2b: Kingambit|Kowtow Cleave|p1a: Flutter Mane\n|-resisted|p1a: Flutter Mane\n|-damage|p1a: Flutter Mane|20\/100\n|move|p1b: Cresselia|Ice Beam|p2b: Kingambit\n|-resisted|p2b: Kingambit\n|-damage|p2b: Kingambit|0 fnt\n|faint|p2b: Kingambit\n|\n|win|kidturtle\n|n|\u2606kidturtle|kidturtle\n|n|\u2606It'sJustKen VGC|itsjustkenvgc\n|n| Desmondrocks11|desmondrocks11\n|c|\u2606It'sJustKen VGC|gg wp\n|c|\u2606kidturtle|gg\n","uploadtime":1700106201,"views":15,"p1id":"kidturtle","p2id":"itsjustkenvgc","formatid":"gen9vgc2023regulatione","rating":0,"private":0,"password":""}