{"id":"gen9vgc2023regulatione-2000173284","p1":"M0ckingEJ","p2":"Havox98","format":"[Gen 9] VGC 2023 Regulation E","log":"|j|\u2606M0ckingEJ\n|j|\u2606Havox98\n|t:|1701167187\n|gametype|doubles\n|player|p1|M0ckingEJ|n|1048\n|player|p2|Havox98|benga|1044\n|teamsize|p1|6\n|teamsize|p2|6\n|gen|9\n|tier|[Gen 9] VGC 2023 Regulation E\n|rated|\n|rule|Species Clause: Limit one of each Pok\u00e9mon\n|rule|Item Clause: Limit one of each item\n|clearpoke\n|poke|p1|Politoed, L50, F|\n|poke|p1|Regieleki, L50|\n|poke|p1|Rillaboom, L50, M|\n|poke|p1|Urshifu-*, L50, F|\n|poke|p1|Chien-Pao, L50|\n|poke|p1|Gholdengo, L50|\n|poke|p2|Ogerpon-Hearthflame, L50, F|\n|poke|p2|Ninetales, L50, F|\n|poke|p2|Flutter Mane, L50|\n|poke|p2|Tornadus, L50, M|\n|poke|p2|Gholdengo, L50|\n|poke|p2|Roaring Moon, L50|\n|teampreview|4\n|\n|t:|1701167222\n|start\n|switch|p1a: Regieleki|Regieleki, L50, shiny|100\/100\n|switch|p1b: Rillaboom|Rillaboom, L50, M, shiny|100\/100\n|switch|p2a: Tornadus|Tornadus, L50, M|100\/100\n|switch|p2b: Ogerpon|Ogerpon-Hearthflame, L50, F|100\/100\n|-ability|p2b: Ogerpon|Mold Breaker\n|-fieldstart|move: Grassy Terrain|[from] ability: Grassy Surge|[of] p1b: Rillaboom\n|turn|1\n|\n|t:|1701167245\n|-terastallize|p1a: Regieleki|Electric\n|-terastallize|p2b: Ogerpon|Fire\n|detailschange|p2b: Ogerpon|Ogerpon-Hearthflame-Tera, L50, F, tera:Fire\n|-ability|p2b: Ogerpon|Embody Aspect (Hearthflame)|boost\n|-boost|p2b: Ogerpon|atk|1\n|move|p1b: Rillaboom|Fake Out|p2b: Ogerpon\n|-damage|p2b: Ogerpon|82\/100\n|move|p2a: Tornadus|Tailwind|p2a: Tornadus\n|-sidestart|p2: Havox98|move: Tailwind\n|cant|p2b: Ogerpon|flinch\n|move|p1a: Regieleki|Electroweb|p2b: Ogerpon|[spread] p2a,p2b\n|-supereffective|p2a: Tornadus\n|-damage|p2a: Tornadus|47\/100\n|-damage|p2b: Ogerpon|42\/100\n|-unboost|p2a: Tornadus|spe|1\n|-unboost|p2b: Ogerpon|spe|1\n|\n|-heal|p2b: Ogerpon|48\/100|[from] Grassy Terrain\n|upkeep\n|turn|2\n|\n|t:|1701167280\n|move|p2a: Tornadus|Sunny Day|p2a: Tornadus\n|-weather|SunnyDay\n|move|p1b: Rillaboom|Grassy Glide|p2b: Ogerpon\n|-resisted|p2b: Ogerpon\n|-damage|p2b: Ogerpon|20\/100\n|move|p1a: Regieleki|Electroweb|p2b: Ogerpon|[spread] p2a,p2b\n|-supereffective|p2a: Tornadus\n|-damage|p2a: Tornadus|0 fnt\n|-damage|p2b: Ogerpon|0 fnt\n|faint|p2a: Tornadus\n|faint|p2b: Ogerpon\n|\n|-weather|SunnyDay|[upkeep]\n|upkeep\n|-message|Havox98 forfeited.\n|\n|win|M0ckingEJ\n|raw|M0ckingEJ's rating: 1048 &rarr; <strong>1080<\/strong><br \/>(+32 for winning)\n|raw|Havox98's rating: 1044 &rarr; <strong>1028<\/strong><br \/>(-16 for losing)\n|l|\u2606Havox98\n","uploadtime":1701167296,"views":2,"p1id":"m0ckingej","p2id":"havox98","formatid":"gen9vgc2023regulatione","rating":1028,"private":0,"password":""}