{"id":"gen9vgc2023regulatione-1999300199","p1":"Wo-Chielupa Deluxe","p2":"Natrox1998","format":"[Gen 9] VGC 2023 Regulation E","log":"|j|\u2606Wo-Chielupa Deluxe\n|j|\u2606Natrox1998\n|t:|1701057012\n|gametype|doubles\n|player|p1|Wo-Chielupa Deluxe|ingo|1390\n|player|p2|Natrox1998|n|1313\n|teamsize|p1|6\n|teamsize|p2|6\n|gen|9\n|tier|[Gen 9] VGC 2023 Regulation E\n|rated|\n|rule|Species Clause: Limit one of each Pok\u00e9mon\n|rule|Item Clause: Limit one of each item\n|clearpoke\n|poke|p1|Indeedee-F, L50, F|\n|poke|p1|Armarouge, L50, M|\n|poke|p1|Urshifu-*, L50, M|\n|poke|p1|Tornadus, L50, M|\n|poke|p1|Arcanine-Hisui, L50, F|\n|poke|p1|Flutter Mane, L50|\n|poke|p2|Urshifu-*, L50, F|\n|poke|p2|Gholdengo, L50|\n|poke|p2|Rillaboom, L50, M|\n|poke|p2|Tornadus, L50, M|\n|poke|p2|Arcanine-Hisui, L50, M|\n|poke|p2|Flutter Mane, L50|\n|teampreview|4\nWo-Chielupa Deluxe has agreed to open team sheets.\n|inactive|Battle timer is ON: inactive players will automatically lose when time's up. (requested by Natrox1998)\n|inactive|Natrox1998 has 60 seconds left.\n|\n|t:|1701057111\n|start\n|switch|p1a: Indeedee|Indeedee-F, L50, F|100\/100\n|switch|p1b: Armarouge|Armarouge, L50, M|100\/100\n|switch|p2a: Arcanine|Arcanine-Hisui, L50, M|100\/100\n|switch|p2b: Telameneo|Flutter Mane, L50|100\/100\n|-ability|p2a: Arcanine|Intimidate|boost\n|-unboost|p1a: Indeedee|atk|1\n|-unboost|p1b: Armarouge|atk|1\n|-fieldstart|move: Psychic Terrain|[from] ability: Psychic Surge|[of] p1a: Indeedee\n|turn|1\n|\n|t:|1701057136\n|move|p1b: Armarouge|Wide Guard|p1b: Armarouge\n|-singleturn|p1b: Armarouge|Wide Guard\n|move|p2b: Telameneo|Dazzling Gleam|p1a: Indeedee|[spread] \n|-activate|p1a: Indeedee|move: Wide Guard\n|-activate|p1b: Armarouge|move: Wide Guard\n|move|p2a: Arcanine|Rock Slide|p1a: Indeedee|[spread] \n|-activate|p1a: Indeedee|move: Wide Guard\n|-activate|p1b: Armarouge|move: Wide Guard\n|move|p1a: Indeedee|Trick Room|p1a: Indeedee\n|-fieldstart|move: Trick Room|[of] p1a: Indeedee\n|\n|upkeep\n|turn|2\n|\n|t:|1701057155\n|-end|p2b: Telameneo|Protosynthesis|[silent]\n|switch|p2b: goldmember|Gholdengo, L50|100\/100\n|move|p1b: Armarouge|Expanding Force|p2b: goldmember|[spread] p2a,p2b\n|-resisted|p2b: goldmember\n|-damage|p2a: Arcanine|0 fnt\n|-damage|p2b: goldmember|54\/100\n|faint|p2a: Arcanine\n|-damage|p1b: Armarouge|91\/100|[from] item: Life Orb\n|move|p1a: Indeedee|Dazzling Gleam|p2b: goldmember\n|-resisted|p2b: goldmember\n|-damage|p2b: goldmember|45\/100\n|\n|-heal|p2b: goldmember|51\/100|[from] item: Leftovers\n|upkeep\n|\n|t:|1701057173\n|switch|p2a: Telameneo|Flutter Mane, L50|100\/100\n|turn|3\n|-message|Natrox1998 forfeited.\n|\n|win|Wo-Chielupa Deluxe\n|raw|Wo-Chielupa Deluxe's rating: 1390 &rarr; <strong>1406<\/strong><br \/>(+16 for winning)\n|raw|Natrox1998's rating: 1313 &rarr; <strong>1297<\/strong><br \/>(-16 for losing)\n|l|\u2606Natrox1998\n","uploadtime":1701057198,"views":8,"p1id":"wochielupadeluxe","p2id":"natrox1998","formatid":"gen9vgc2023regulatione","rating":1297,"private":0,"password":""}