{"id":"gen9vgc2023regulatione-1991045906","p1":"Spottedwoot","p2":"Tusking Chusking","format":"[Gen 9] VGC 2023 Regulation E","log":"|j|\u2606Spottedwoot\n|j|\u2606Tusking Chusking\n|t:|1700033926\n|gametype|doubles\n|player|p1|Spottedwoot|2|1514\n|player|p2|Tusking Chusking|265|1451\n|teamsize|p1|6\n|teamsize|p2|6\n|gen|9\n|tier|[Gen 9] VGC 2023 Regulation E\n|rated|\n|rule|Species Clause: Limit one of each Pok\u00e9mon\n|rule|Item Clause: Limit one of each item\n|clearpoke\n|poke|p1|Ogerpon-Wellspring, L50, F|\n|poke|p1|Iron Hands, L50|\n|poke|p1|Kingambit, L50, M|\n|poke|p1|Chi-Yu, L50|\n|poke|p1|Flutter Mane, L50|\n|poke|p1|Landorus-Therian, L50, M|\n|poke|p2|Sneasler, L50, M|\n|poke|p2|Indeedee-F, L50, F|\n|poke|p2|Armarouge, L50, F|\n|poke|p2|Urshifu-*, L50, F|\n|poke|p2|Chien-Pao, L50|\n|poke|p2|Tornadus, L50, M|\n|teampreview|4\n|j| 5Sscreen\nTusking Chusking rejected open team sheets.\n|\n|t:|1700033951\n|start\n|switch|p1a: Kingambit|Kingambit, L50, M|100\/100\n|switch|p1b: Iron Hands|Iron Hands, L50|100\/100\n|switch|p2a: Urshifu|Urshifu-Rapid-Strike, L50, F|100\/100\n|switch|p2b: Chien-Pao|Chien-Pao, L50|100\/100\n|-ability|p2b: Chien-Pao|Sword of Ruin\n|turn|1\n|inactive|Battle timer is ON: inactive players will automatically lose when time's up. (requested by Tusking Chusking)\n|\n|t:|1700033966\n|switch|p2b: Indeedee|Indeedee-F, L50, F|100\/100\n|-fieldstart|move: Psychic Terrain|[from] ability: Psychic Surge|[of] p2b: Indeedee\n|-terastallize|p1a: Kingambit|Fairy\n|move|p2a: Urshifu|Close Combat|p1a: Kingambit\n|-resisted|p1a: Kingambit\n|-damage|p1a: Kingambit|76\/100\n|-unboost|p2a: Urshifu|def|1\n|-unboost|p2a: Urshifu|spd|1\n|move|p1a: Kingambit|Swords Dance|p1a: Kingambit\n|-boost|p1a: Kingambit|atk|2\n|move|p1b: Iron Hands|Drain Punch|p2b: Indeedee\n|-damage|p2b: Indeedee|45\/100\n|-damage|p1b: Iron Hands|84\/100|[from] item: Rocky Helmet|[of] p2b: Indeedee\n|\n|upkeep\n|turn|2\n|\n|t:|1700033978\n|switch|p2a: Sneasler|Sneasler, L50, M|100\/100\n|-enditem|p2a: Sneasler|Psychic Seed\n|-boost|p2a: Sneasler|spd|1|[from] item: Psychic Seed\n|move|p2b: Indeedee|Follow Me|p2b: Indeedee\n|-singleturn|p2b: Indeedee|move: Follow Me\n|move|p1b: Iron Hands|Wild Charge|p2b: Indeedee\n|-damage|p2b: Indeedee|0 fnt\n|-damage|p1b: Iron Hands|68\/100|[from] item: Rocky Helmet|[of] p2b: Indeedee\n|faint|p2b: Indeedee\n|-damage|p1b: Iron Hands|60\/100|[from] Recoil\n|move|p1a: Kingambit|Kowtow Cleave|p2a: Sneasler\n|-resisted|p2a: Sneasler\n|-damage|p2a: Sneasler|22\/100\n|\n|upkeep\n|\n|t:|1700033988\n|switch|p2b: Urshifu|Urshifu-Rapid-Strike, L50, F|100\/100\n|turn|3\n|\n|t:|1700034003\n|-terastallize|p2b: Urshifu|Water\n|move|p2a: Sneasler|Dire Claw|p1a: Kingambit\n|-supereffective|p1a: Kingambit\n|-damage|p1a: Kingambit|15\/100\n|move|p2b: Urshifu|Surging Strikes|p1b: Iron Hands\n|-crit|p1b: Iron Hands\n|-damage|p1b: Iron Hands|41\/100\n|-crit|p1b: Iron Hands\n|-damage|p1b: Iron Hands|23\/100\n|-crit|p1b: Iron Hands\n|-damage|p1b: Iron Hands|4\/100\n|-hitcount|p1b: Iron Hands|3\n|move|p1a: Kingambit|Kowtow Cleave|p2a: Sneasler\n|-resisted|p2a: Sneasler\n|-damage|p2a: Sneasler|0 fnt\n|faint|p2a: Sneasler\n|move|p1b: Iron Hands|Wild Charge|p2b: Urshifu\n|-supereffective|p2b: Urshifu\n|-damage|p2b: Urshifu|0 fnt\n|faint|p2b: Urshifu\n|-damage|p1b: Iron Hands|0 fnt|[from] Recoil\n|faint|p1b: Iron Hands\n|-end|p1b: Iron Hands|Quark Drive|[silent]\n|\n|upkeep\n|\n|t:|1700034016\n|switch|p2b: Chien-Pao|Chien-Pao, L50|100\/100\n|switch|p1b: Landorus|Landorus-Therian, L50, M|100\/100\n|-ability|p1b: Landorus|Intimidate|boost\n|-unboost|p2b: Chien-Pao|atk|1\n|-ability|p2b: Chien-Pao|Sword of Ruin\n|turn|4\n|\n|t:|1700034023\n|move|p1b: Landorus|U-turn|p2b: Chien-Pao\n|-supereffective|p2b: Chien-Pao\n|-damage|p2b: Chien-Pao|30\/100\n|\n|t:|1700034025\n|switch|p1b: Chi-Yu|Chi-Yu, L50|100\/100|[from] U-turn\n|-ability|p1b: Chi-Yu|Beads of Ruin\n|move|p2b: Chien-Pao|Icicle Crash|p1a: Kingambit\n|-damage|p1a: Kingambit|0 fnt\n|faint|p1a: Kingambit\n|-damage|p2b: Chien-Pao|20\/100|[from] item: Life Orb\n|\n|upkeep\n|-message|Tusking Chusking forfeited.\n|\n|win|Spottedwoot\n|raw|Spottedwoot's rating: 1514 &rarr; <strong>1530<\/strong><br \/>(+16 for winning)\n|raw|Tusking Chusking's rating: 1451 &rarr; <strong>1435<\/strong><br \/>(-16 for losing)\n|l|\u2606Tusking Chusking\n|l|\u2606Spottedwoot\n","uploadtime":1700034044,"views":8,"p1id":"spottedwoot","p2id":"tuskingchusking","formatid":"gen9vgc2023regulatione","rating":1435,"private":0,"password":""}