{"id":"gen9vgc2023regulatione-1996346130","p1":"AJB0000","p2":"kuklcan","format":"[Gen 9] VGC 2023 Regulation E","log":"|j|\u2606AJB0000\n|j|\u2606kuklcan\n|t:|1700673298\n|gametype|doubles\n|player|p1|AJB0000|1|1090\n|player|p2|kuklcan|2|1000\n|teamsize|p1|6\n|teamsize|p2|6\n|gen|9\n|tier|[Gen 9] VGC 2023 Regulation E\n|rated|\n|rule|Species Clause: Limit one of each Pok\u00e9mon\n|rule|Item Clause: Limit one of each item\n|clearpoke\n|poke|p1|Sinistcha, L50|\n|poke|p1|Indeedee-F, L50, F|\n|poke|p1|Sylveon, L50, M|\n|poke|p1|Palafin, L50, F|\n|poke|p1|Iron Hands, L50|\n|poke|p1|Heatran, L50, M|\n|poke|p2|Lycanroc-Midnight, L50, F|\n|poke|p2|Gengar, L50, F|\n|poke|p2|Beartic, L50, F|\n|poke|p2|Amoonguss, L50, M|\n|poke|p2|Dragonite, L50, F|\n|poke|p2|Chi-Yu, L50|\n|teampreview|4\nAJB0000 has agreed to open team sheets.\n|inactive|Battle timer is ON: inactive players will automatically lose when time's up. (requested by AJB0000)\n|\n|t:|1700673340\n|start\n|switch|p1a: Sinistcha|Sinistcha, L50, shiny|100\/100\n|switch|p1b: Nessie|Heatran, L50, M|100\/100\n|switch|p2a: Lycanroc|Lycanroc-Midnight, L50, F|100\/100\n|switch|p2b: Gengar|Gengar, L50, F|100\/100\n|turn|1\n|\n|t:|1700673363\n|move|p2a: Lycanroc|Protect|p2a: Lycanroc\n|-singleturn|p2a: Lycanroc|Protect\n|move|p2b: Gengar|Skill Swap|p2a: Lycanroc\n|-activate|p2a: Lycanroc|move: Protect\n|move|p1b: Nessie|Earth Power|p2a: Lycanroc\n|-activate|p2a: Lycanroc|move: Protect\n|move|p1a: Sinistcha|Shadow Ball|p2b: Gengar\n|-supereffective|p2b: Gengar\n|-enditem|p2b: Gengar|Focus Sash\n|-damage|p2b: Gengar|1\/100\n|-start|p1a: Sinistcha|Disable|Shadow Ball|[from] ability: Cursed Body|[of] p2b: Gengar\n|\n|upkeep\n|turn|2\n|inactive|kuklcan has 30 seconds left.\n|\n|t:|1700673392\n|switch|p2a: Beartic|Beartic, L50, F|100\/100\n|move|p1b: Nessie|Protect|p1b: Nessie\n|-singleturn|p1b: Nessie|Protect\n|move|p2b: Gengar|Skill Swap|p2a: Beartic\n|-activate|p2b: Gengar|move: Skill Swap|||[of] p2a: Beartic\n|move|p1a: Sinistcha|Matcha Gotcha|p2a: Beartic|[spread] p2a,p2b\n|-resisted|p2b: Gengar\n|-damage|p2a: Beartic|67\/100\n|-damage|p2b: Gengar|0 fnt\n|faint|p2b: Gengar\n|\n|upkeep\n|\n|t:|1700673407\n|switch|p2b: Amoonguss|Amoonguss, L50, M|100\/100\n|turn|3\n|\n|t:|1700673425\n|-terastallize|p2a: Beartic|Ice\n|move|p1a: Sinistcha|Rage Powder|p1a: Sinistcha\n|-singleturn|p1a: Sinistcha|move: Rage Powder\n|move|p2a: Beartic|Sheer Cold|p1a: Sinistcha\n|-damage|p1a: Sinistcha|0 fnt\n|faint|p1a: Sinistcha\n|-ohko\n|move|p1b: Nessie|Heat Wave|p2b: Amoonguss|[spread] p2a,p2b\n|-supereffective|p2a: Beartic\n|-supereffective|p2b: Amoonguss\n|-crit|p2b: Amoonguss\n|-damage|p2a: Beartic|0 fnt\n|-damage|p2b: Amoonguss|0 fnt\n|faint|p2a: Beartic\n|faint|p2b: Amoonguss\n|\n|upkeep\n|\n|t:|1700673448\n|switch|p1a: Iron Hands|Iron Hands, L50|100\/100\n|switch|p2b: Lycanroc|Lycanroc-Midnight, L50, F|100\/100\n|turn|4\n|\n|t:|1700673456\n|move|p1a: Iron Hands|Fake Out|p2b: Lycanroc\n|-resisted|p2b: Lycanroc\n|-damage|p2b: Lycanroc|92\/100\n|cant|p2b: Lycanroc|flinch\n|move|p1b: Nessie|Earth Power|p2b: Lycanroc\n|-supereffective|p2b: Lycanroc\n|-crit|p2b: Lycanroc\n|-damage|p2b: Lycanroc|0 fnt\n|faint|p2b: Lycanroc\n|\n|win|AJB0000\n|raw|AJB0000's rating: 1090 &rarr; <strong>1110<\/strong><br \/>(+20 for winning)\n|raw|kuklcan's rating: 1000 &rarr; <strong>1000<\/strong><br \/>(+0 for losing)\n","uploadtime":1700673467,"views":9,"p1id":"ajb0000","p2id":"kuklcan","formatid":"gen9vgc2023regulatione","rating":1000,"private":0,"password":""}