{"id":"gen9vgc2023regulatione-1994137844","p1":"Kzjrzkz","p2":"Poopyfartkingtrue","format":"[Gen 9] VGC 2023 Regulation E","log":"|j|\u2606Kzjrzkz\n|j|\u2606Poopyfartkingtrue\n|t:|1700411337\n|gametype|doubles\n|player|p1|Kzjrzkz|lance|1000\n|player|p2|Poopyfartkingtrue|hiker-gen4|1087\n|teamsize|p1|6\n|teamsize|p2|6\n|gen|9\n|tier|[Gen 9] VGC 2023 Regulation E\n|rated|\n|rule|Species Clause: Limit one of each Pok\u00e9mon\n|rule|Item Clause: Limit one of each item\n|clearpoke\n|poke|p1|Flutter Mane, L50|\n|poke|p1|Tornadus, L50, M|\n|poke|p1|Rillaboom, L50, M|\n|poke|p1|Garganacl, L50, F|\n|poke|p1|Arcanine-Hisui, L50, M|\n|poke|p1|Chien-Pao, L50|\n|poke|p2|Dragapult, L50, M|\n|poke|p2|Weavile, L50, F|\n|poke|p2|Clefable, L50, F|\n|poke|p2|Arcanine, L50, M|\n|poke|p2|Pawmot, L50, F|\n|poke|p2|Muk, L50, M|\n|teampreview|4\n|\n|t:|1700411370\n|start\n|switch|p1a: Garganacl|Garganacl, L50, F|100\/100\n|switch|p1b: Tornadus|Tornadus, L50, M|100\/100\n|switch|p2a: Wevaile|Weavile, L50, F|100\/100\n|switch|p2b: Acraniane|Arcanine, L50, M|100\/100\n|-ability|p2a: Wevaile|Pressure\n|-ability|p2b: Acraniane|Intimidate|boost\n|-unboost|p1a: Garganacl|atk|1\n|-unboost|p1b: Tornadus|atk|1\n|turn|1\n|\n|t:|1700411397\n|switch|p1b: Arcanine|Arcanine-Hisui, L50, M|100\/100\n|-ability|p1b: Arcanine|Intimidate|boost\n|-unboost|p2a: Wevaile|atk|1\n|-unboost|p2b: Acraniane|atk|1\n|-terastallize|p1a: Garganacl|Ghost\n|move|p2a: Wevaile|Ice Spinner|p1b: Arcanine\n|-resisted|p1b: Arcanine\n|-damage|p1b: Arcanine|83\/100\n|move|p2b: Acraniane|Howl|p2b: Acraniane|[spread] p2a,p2b\n|-boost|p2a: Wevaile|atk|1\n|-boost|p2b: Acraniane|atk|1\n|move|p1a: Garganacl|Salt Cure|p2a: Wevaile\n|-supereffective|p2a: Wevaile\n|-damage|p2a: Wevaile|66\/100\n|-start|p2a: Wevaile|Salt Cure\n|\n|-damage|p2a: Wevaile|54\/100|[from] Salt Cure\n|upkeep\n|turn|2\n|\n|t:|1700411419\n|switch|p2a: Cleafble|Clefable, L50, F|100\/100\n|move|p1a: Garganacl|Protect|p1a: Garganacl\n|-singleturn|p1a: Garganacl|Protect\n|move|p1b: Arcanine|Rock Slide|p2a: Cleafble|[spread] p2a,p2b\n|-crit|p2a: Cleafble\n|-supereffective|p2b: Acraniane\n|-damage|p2a: Cleafble|51\/100\n|-damage|p2b: Acraniane|17\/100\n|-enditem|p2b: Acraniane|Sitrus Berry|[eat]\n|-heal|p2b: Acraniane|42\/100|[from] item: Sitrus Berry\n|move|p2b: Acraniane|Howl|p2b: Acraniane|[spread] p2a,p2b\n|-boost|p2a: Cleafble|atk|1\n|-boost|p2b: Acraniane|atk|1\n|\n|-heal|p2a: Cleafble|57\/100|[from] item: Leftovers\n|upkeep\n|turn|3\n|-message|Poopyfartkingtrue forfeited.\n|\n|win|Kzjrzkz\n|raw|Kzjrzkz's rating: 1000 &rarr; <strong>1050<\/strong><br \/>(+50 for winning)\n|raw|Poopyfartkingtrue's rating: 1087 &rarr; <strong>1058<\/strong><br \/>(-29 for losing)\n|l|\u2606Poopyfartkingtrue\n","uploadtime":1700411436,"views":13,"p1id":"kzjrzkz","p2id":"poopyfartkingtrue","formatid":"gen9vgc2023regulatione","rating":1050,"private":0,"password":""}