{"id":"gen9vgc2023regulatione-1989056320","p1":"Obamna4","p2":"rennui-","format":"[Gen 9] VGC 2023 Regulation E","log":"|j|\u2606Obamna4\n|j|\u2606rennui-\n|t:|1699807328\n|gametype|doubles\n|player|p1|Obamna4|1|1214\n|player|p2|rennui-|erika|1202\n|teamsize|p1|6\n|teamsize|p2|6\n|gen|9\n|tier|[Gen 9] VGC 2023 Regulation E\n|rated|\n|rule|Species Clause: Limit one of each Pok\u00e9mon\n|rule|Item Clause: Limit one of each item\n|clearpoke\n|poke|p1|Roaring Moon, L50|\n|poke|p1|Landorus-Therian, L50, M|\n|poke|p1|Flutter Mane, L50|\n|poke|p1|Ogerpon-Hearthflame, L50, F|\n|poke|p1|Baxcalibur, L50, F|\n|poke|p1|Iron Valiant, L50|\n|poke|p2|Flutter Mane, L50|\n|poke|p2|Chi-Yu, L50|\n|poke|p2|Torkoal, L50, M|\n|poke|p2|Ogerpon-Wellspring, L50, F|\n|poke|p2|Farigiraf, L50, M|\n|poke|p2|Iron Hands, L50|\n|teampreview|4\nrennui- has agreed to open team sheets.\n|inactive|Battle timer is ON: inactive players will automatically lose when time's up. (requested by Obamna4)\n|\n|t:|1699807362\n|start\n|switch|p1a: Baxcalibur|Baxcalibur, L50, F|100\/100\n|switch|p1b: Roaring Moon|Roaring Moon, L50|100\/100\n|switch|p2a: Ogerpon|Ogerpon-Wellspring, L50, F|100\/100\n|switch|p2b: Farigiraf|Farigiraf, L50, M, shiny|100\/100\n|-enditem|p1b: Roaring Moon|Booster Energy\n|-activate|p1b: Roaring Moon|ability: Protosynthesis|[fromitem]\n|-start|p1b: Roaring Moon|protosynthesisspe\n|turn|1\n|\n|t:|1699807381\n|-terastallize|p2b: Farigiraf|Fairy\n|move|p2a: Ogerpon|Follow Me|p2a: Ogerpon\n|-singleturn|p2a: Ogerpon|move: Follow Me\n|move|p1b: Roaring Moon|Knock Off|p2a: Ogerpon\n|-damage|p2a: Ogerpon|68\/100\n|move|p1a: Baxcalibur|Glaive Rush|p2a: Ogerpon\n|-damage|p2a: Ogerpon|0 fnt\n|-singlemove|p1a: Baxcalibur|Glaive Rush|[silent]\n|faint|p2a: Ogerpon\n|move|p2b: Farigiraf|Trick Room|p2b: Farigiraf\n|-fieldstart|move: Trick Room|[of] p2b: Farigiraf\n|\n|upkeep\n|\n|t:|1699807393\n|switch|p2a: Torkoal|Torkoal, L50, M, shiny|100\/100\n|-weather|SunnyDay|[from] ability: Drought|[of] p2a: Torkoal\n|turn|2\n|\n|t:|1699807404\n|move|p1b: Roaring Moon|Protect|p1b: Roaring Moon\n|-singleturn|p1b: Roaring Moon|Protect\n|move|p2a: Torkoal|Eruption|p1a: Baxcalibur|[spread] p1a\n|-activate|p1b: Roaring Moon|move: Protect\n|-damage|p1a: Baxcalibur|0 fnt\n|faint|p1a: Baxcalibur\n|move|p2b: Farigiraf|Dazzling Gleam|p1b: Roaring Moon\n|-activate|p1b: Roaring Moon|move: Protect\n|\n|-weather|SunnyDay|[upkeep]\n|upkeep\n|-message|Obamna4 forfeited.\n|\n|win|rennui-\n|raw|Obamna4's rating: 1214 &rarr; <strong>1188<\/strong><br \/>(-26 for losing)\n|raw|rennui-'s rating: 1202 &rarr; <strong>1228<\/strong><br \/>(+26 for winning)\n|l|\u2606Obamna4\n","uploadtime":1699807417,"views":29,"p1id":"obamna4","p2id":"rennui","formatid":"gen9vgc2023regulatione","rating":1188,"private":0,"password":""}