{"id":"gen9vgc2023regulatione-1996689358","p1":"Rieken","p2":"TeraDedenee","format":"[Gen 9] VGC 2023 Regulation E","log":"|j|\u2606Rieken\n|j|\u2606TeraDedenee\n|t:|1700710043\n|gametype|doubles\n|player|p1|Rieken|265|1123\n|player|p2|TeraDedenee|169|1158\n|teamsize|p1|6\n|teamsize|p2|6\n|gen|9\n|tier|[Gen 9] VGC 2023 Regulation E\n|rated|\n|rule|Species Clause: Limit one of each Pok\u00e9mon\n|rule|Item Clause: Limit one of each item\n|clearpoke\n|poke|p1|Ninetales-Alola, L50, M|\n|poke|p1|Chien-Pao, L50|\n|poke|p1|Basculegion, L50, M|\n|poke|p1|Tornadus, L50, M|\n|poke|p1|Arcanine-Hisui, L50, M|\n|poke|p1|Electrode-Hisui, L50|\n|poke|p2|Arcanine-Hisui, L50, M|\n|poke|p2|Torterra, L50, F|\n|poke|p2|Milotic, L50, M|\n|poke|p2|Clefairy, L50, F|\n|poke|p2|Farigiraf, L50, M|\n|poke|p2|Urshifu-*, L50, F|\n|teampreview|4\n|inactive|Battle timer is ON: inactive players will automatically lose when time's up. (requested by TeraDedenee)\n|\n|t:|1700710127\n|start\n|switch|p1a: Ninetales|Ninetales-Alola, L50, M|100\/100\n|switch|p1b: Tornadus|Tornadus, L50, M|100\/100\n|switch|p2a: Arcanine|Arcanine-Hisui, L50, M|100\/100\n|switch|p2b: Farigiraf|Farigiraf, L50, M|100\/100\n|-weather|Snow|[from] ability: Snow Warning|[of] p1a: Ninetales\n|-ability|p2a: Arcanine|Intimidate|boost\n|-unboost|p1a: Ninetales|atk|1\n|-unboost|p1b: Tornadus|atk|1\n|turn|1\n|\n|t:|1700710145\n|move|p1b: Tornadus|Tailwind|p1b: Tornadus\n|-sidestart|p1: Rieken|move: Tailwind\n|move|p1a: Ninetales|Aurora Veil|p1a: Ninetales\n|-sidestart|p1: Rieken|move: Aurora Veil\n|move|p2a: Arcanine|Rock Slide|p1b: Tornadus|[spread] p1a,p1b\n|-supereffective|p1a: Ninetales\n|-supereffective|p1b: Tornadus\n|-damage|p1a: Ninetales|60\/100\n|-damage|p1b: Tornadus|50\/100\n|move|p2b: Farigiraf|Trick Room|p2b: Farigiraf\n|-fieldstart|move: Trick Room|[of] p2b: Farigiraf\n|\n|-weather|Snow|[upkeep]\n|upkeep\n|turn|2\n|\n|t:|1700710163\n|move|p1b: Tornadus|Substitute|p1b: Tornadus\n|-start|p1b: Tornadus|Substitute\n|-damage|p1b: Tornadus|25\/100\n|move|p2b: Farigiraf|Nasty Plot|p2b: Farigiraf\n|-boost|p2b: Farigiraf|spa|2\n|move|p2a: Arcanine|Rock Slide|p1b: Tornadus|[spread] p1b\n|-miss|p2a: Arcanine|p1a: Ninetales\n|-supereffective|p1b: Tornadus\n|-end|p1b: Tornadus|Substitute\n|move|p1a: Ninetales|Blizzard|p2b: Farigiraf|[spread] p2a,p2b\n|-resisted|p2a: Arcanine\n|-damage|p2a: Arcanine|89\/100\n|-damage|p2b: Farigiraf|67\/100\n|\n|-weather|Snow|[upkeep]\n|upkeep\n|turn|3\n|\n|t:|1700710186\n|switch|p1b: Electrode|Electrode-Hisui, L50|100\/100\n|move|p2b: Farigiraf|Hyper Voice|p1a: Ninetales|[spread] p1a\n|-immune|p1b: Electrode|[from] ability: Soundproof\n|-damage|p1a: Ninetales|21\/100\n|move|p2a: Arcanine|Rock Slide|p1b: Electrode|[spread] p1a,p1b\n|-supereffective|p1a: Ninetales\n|-damage|p1a: Ninetales|0 fnt\n|-damage|p1b: Electrode|66\/100\n|faint|p1a: Ninetales\n|\n|-weather|Snow|[upkeep]\n|upkeep\n|\n|t:|1700710205\n|switch|p1a: Basculegion|Basculegion, L50, M|100\/100\n|turn|4\n|\n|t:|1700710216\n|move|p1a: Basculegion|Aqua Jet||[still]\n|cant|p2b: Farigiraf|ability: Armor Tail|Aqua Jet|[of] p1a: Basculegion\n|move|p2b: Farigiraf|Psyshock|p1a: Basculegion\n|-damage|p1a: Basculegion|49\/100\n|move|p2a: Arcanine|Flare Blitz|p1b: Electrode\n|-supereffective|p1b: Electrode\n|-damage|p1b: Electrode|0 fnt\n|faint|p1b: Electrode\n|-damage|p2a: Arcanine|75\/100|[from] Recoil\n|\n|-weather|Snow|[upkeep]\n|-sideend|p1: Rieken|move: Tailwind\n|upkeep\n|-message|Rieken forfeited.\n|\n|win|TeraDedenee\n|raw|Rieken's rating: 1123 &rarr; <strong>1101<\/strong><br \/>(-22 for losing)\n|raw|TeraDedenee's rating: 1158 &rarr; <strong>1180<\/strong><br \/>(+22 for winning)\n|l|\u2606Rieken\n","uploadtime":1700710239,"views":12,"p1id":"rieken","p2id":"teradedenee","formatid":"gen9vgc2023regulatione","rating":1101,"private":0,"password":""}