{"id":"gen9vgc2023regulatione-1991874770","p1":"DouWu","p2":"SERENA2024","format":"[Gen 9] VGC 2023 Regulation E","log":"|j|\u2606DouWu\n|j|\u2606SERENA2024\n|t:|1700132009\n|gametype|doubles\n|player|p1|DouWu|larry|1513\n|player|p2|SERENA2024|hilda|1442\n|teamsize|p1|6\n|teamsize|p2|6\n|gen|9\n|tier|[Gen 9] VGC 2023 Regulation E\n|rated|\n|rule|Species Clause: Limit one of each Pok\u00e9mon\n|rule|Item Clause: Limit one of each item\n|clearpoke\n|poke|p1|Lilligant-Hisui, L50, F|\n|poke|p1|Torkoal, L50, M|\n|poke|p1|Indeedee-F, L50, F|\n|poke|p1|Armarouge, L50, F|\n|poke|p1|Ursaluna-Bloodmoon, L50, M|\n|poke|p1|Kingambit, L50, M|\n|poke|p2|Indeedee-F, L50, F|\n|poke|p2|Drifblim, L50, F|\n|poke|p2|Armarouge, L50, F|\n|poke|p2|Flutter Mane, L50|\n|poke|p2|Dondozo, L50, M|\n|poke|p2|Tatsugiri, L50, F|\n|teampreview|4\n|inactive|Battle timer is ON: inactive players will automatically lose when time's up. (requested by SERENA2024)\n|\n|t:|1700132025\n|start\n|switch|p1a: Armarouge|Armarouge, L50, F|100\/100\n|switch|p1b: Kingambit|Kingambit, L50, M|100\/100\n|switch|p2a: Indeedee|Indeedee-F, L50, F|100\/100\n|switch|p2b: Drifblim|Drifblim, L50, F|100\/100\n|-fieldstart|move: Psychic Terrain|[from] ability: Psychic Surge|[of] p2a: Indeedee\n|-enditem|p2b: Drifblim|Psychic Seed\n|-boost|p2b: Drifblim|spd|1|[from] item: Psychic Seed\n|turn|1\n|inactive|SERENA2024 has 30 seconds left.\n|inactive|SERENA2024 has 20 seconds left.\n|\n|t:|1700132060\n|move|p2a: Indeedee|Follow Me|p2a: Indeedee\n|-singleturn|p2a: Indeedee|move: Follow Me\n|move|p2b: Drifblim|Minimize|p2b: Drifblim\n|-boost|p2b: Drifblim|evasion|2\n|move|p1a: Armarouge|Expanding Force|p2b: Drifblim|[spread] p2a\n|-miss|p1a: Armarouge|p2b: Drifblim\n|-resisted|p2a: Indeedee\n|-damage|p2a: Indeedee|62\/100\n|move|p1b: Kingambit|Kowtow Cleave|p2a: Indeedee\n|-supereffective|p2a: Indeedee\n|-damage|p2a: Indeedee|0 fnt\n|faint|p2a: Indeedee\n|\n|upkeep\n|\n|t:|1700132070\n|switch|p2a: Tatsugiri|Tatsugiri, L50, F, shiny|100\/100\n|turn|2\n|\n|t:|1700132084\n|move|p2a: Tatsugiri|Protect|p2a: Tatsugiri\n|-singleturn|p2a: Tatsugiri|Protect\n|move|p2b: Drifblim|Minimize|p2b: Drifblim\n|-boost|p2b: Drifblim|evasion|2\n|move|p1b: Kingambit|Kowtow Cleave|p2b: Drifblim\n|-supereffective|p2b: Drifblim\n|-damage|p2b: Drifblim|0 fnt\n|faint|p2b: Drifblim\n|move|p1a: Armarouge|Trick Room|p1a: Armarouge\n|-fieldstart|move: Trick Room|[of] p1a: Armarouge\n|\n|upkeep\n|-message|SERENA2024 forfeited.\n|\n|win|DouWu\n|raw|DouWu's rating: 1513 &rarr; <strong>1529<\/strong><br \/>(+16 for winning)\n|raw|SERENA2024's rating: 1442 &rarr; <strong>1426<\/strong><br \/>(-16 for losing)\n|l|\u2606SERENA2024\n","uploadtime":1700132112,"views":35,"p1id":"douwu","p2id":"serena2024","formatid":"gen9vgc2023regulatione","rating":1426,"private":0,"password":""}