{"id":"gen9vgc2023regulatione-1998584809","p1":"CoolKid1000000","p2":"KingA3","format":"[Gen 9] VGC 2023 Regulation E","log":"|j|\u203dCoolKid1000000\n|j|\u2606KingA3\n|t:|1700959462\n|gametype|doubles\n|player|p1|CoolKid1000000|265|1328\n|player|p2|KingA3|266|1281\n|teamsize|p1|6\n|teamsize|p2|6\n|gen|9\n|tier|[Gen 9] VGC 2023 Regulation E\n|rated|\n|rule|Species Clause: Limit one of each Pok\u00e9mon\n|rule|Item Clause: Limit one of each item\n|clearpoke\n|poke|p1|Landorus-Therian, L50, M|\n|poke|p1|Tornadus, L50, M|\n|poke|p1|Rillaboom, L50, M|\n|poke|p1|Flutter Mane, L50|\n|poke|p1|Urshifu-*, L50, M|\n|poke|p1|Indeedee-F, L50, F|\n|poke|p2|Indeedee-F, L50, F|\n|poke|p2|Armarouge, L50, M|\n|poke|p2|Ursaluna, L50, F|\n|poke|p2|Urshifu-*, L50, M|\n|poke|p2|Torkoal, L50, M|\n|poke|p2|Iron Hands, L50|\n|teampreview|4\n|inactive|Battle timer is ON: inactive players will automatically lose when time's up. (requested by CoolKid1000000)\n|\n|t:|1700959494\n|start\n|switch|p1a: Urshifu|Urshifu-Rapid-Strike, L50, M|100\/100\n|switch|p1b: Tornadus|Tornadus, L50, M|100\/100\n|switch|p2a: Iron Hands|Iron Hands, L50|100\/100\n|switch|p2b: Armarouge|Armarouge, L50, M|100\/100\n|turn|1\n|\n|t:|1700959514\n|switch|p1b: Indeedee|Indeedee-F, L50, F|100\/100\n|-fieldstart|move: Psychic Terrain|[from] ability: Psychic Surge|[of] p1b: Indeedee\n|-terastallize|p2b: Armarouge|Grass\n|move|p2a: Iron Hands|Fake Out|p1b: Indeedee\n|-activate|p1b: Indeedee|move: Psychic Terrain\n|move|p1a: Urshifu|Surging Strikes|p2b: Armarouge\n|-resisted|p2b: Armarouge\n|-crit|p2b: Armarouge\n|-damage|p2b: Armarouge|89\/100\n|-resisted|p2b: Armarouge\n|-crit|p2b: Armarouge\n|-damage|p2b: Armarouge|78\/100\n|-resisted|p2b: Armarouge\n|-crit|p2b: Armarouge\n|-damage|p2b: Armarouge|67\/100\n|-hitcount|p2b: Armarouge|3\n|move|p2b: Armarouge|Trick Room|p2b: Armarouge\n|-fieldstart|move: Trick Room|[of] p2b: Armarouge\n|\n|upkeep\n|turn|2\n|inactive|CoolKid1000000 has 30 seconds left.\n|inactive|KingA3 has 30 seconds left.\n|\n|t:|1700959544\n|switch|p1a: Tornadus|Tornadus, L50, M|100\/100\n|move|p1b: Indeedee|Protect|p1b: Indeedee\n|-singleturn|p1b: Indeedee|Protect\n|move|p2a: Iron Hands|Wild Charge|p1a: Tornadus\n|-supereffective|p1a: Tornadus\n|-damage|p1a: Tornadus|0 fnt\n|-damage|p2a: Iron Hands|84\/100|[from] item: Rocky Helmet|[of] p1a: Tornadus\n|faint|p1a: Tornadus\n|-damage|p2a: Iron Hands|67\/100|[from] Recoil\n|move|p2b: Armarouge|Expanding Force|p1b: Indeedee\n|-activate|p1b: Indeedee|move: Protect\n|\n|upkeep\n|-message|CoolKid1000000 forfeited.\n|\n|win|KingA3\n|raw|CoolKid1000000's rating: 1328 &rarr; <strong>1305<\/strong><br \/>(-23 for losing)\n|raw|KingA3's rating: 1281 &rarr; <strong>1309<\/strong><br \/>(+28 for winning)\n|l|\u203dCoolKid1000000\n","uploadtime":1700959566,"views":6,"p1id":"coolkid1000000","p2id":"kinga3","formatid":"gen9vgc2023regulatione","rating":1305,"private":0,"password":""}