{"id":"gen9vgc2023regulatione-1993830018","p1":"WhopsBeatUAgain","p2":"BowDog!","format":"[Gen 9] VGC 2023 Regulation E","log":"|j|\u2606WhopsBeatUAgain\n|j|\u2606BowDog!\n|t:|1700362525\n|gametype|doubles\n|player|p1|WhopsBeatUAgain|flannery|1082\n|player|p2|BowDog!|winona|1122\n|teamsize|p1|6\n|teamsize|p2|6\n|gen|9\n|tier|[Gen 9] VGC 2023 Regulation E\n|rated|\n|rule|Species Clause: Limit one of each Pok\u00e9mon\n|rule|Item Clause: Limit one of each item\n|clearpoke\n|poke|p1|Rillaboom, L50, F|\n|poke|p1|Grimmsnarl, L50, M|\n|poke|p1|Hawlucha, L50, M|\n|poke|p1|Amoonguss, L50, F|\n|poke|p1|Chien-Pao, L50|\n|poke|p1|Landorus-Therian, L50, M|\n|poke|p2|Landorus-Therian, L50, M|\n|poke|p2|Tornadus, L50, M|\n|poke|p2|Iron Bundle, L50|\n|poke|p2|Sylveon, L50, F|\n|poke|p2|Ogerpon-Hearthflame, L50, F|\n|poke|p2|Urshifu-*, L50, F|\n|teampreview|4\n|inactive|Battle timer is ON: inactive players will automatically lose when time's up. (requested by WhopsBeatUAgain)\nBowDog! has agreed to open team sheets.\n|inactive|WhopsBeatUAgain has 60 seconds left.\n|\n|t:|1700362562\n|start\n|switch|p1a: Hawlucha|Hawlucha, L50, M|100\/100\n|switch|p1b: Grimmsnarl|Grimmsnarl, L50, M|100\/100\n|switch|p2a: Landorus|Landorus-Therian, L50, M|100\/100\n|switch|p2b: BowDog!|Sylveon, L50, F|100\/100\n|-ability|p2a: Landorus|Intimidate|boost\n|-unboost|p1a: Hawlucha|atk|1\n|-unboost|p1b: Grimmsnarl|atk|1\n|turn|1\n|inactive|BowDog! has 30 seconds left.\n|\n|t:|1700362592\n|-terastallize|p2b: BowDog!|Steel\n|move|p1b: Grimmsnarl|Swagger|p2b: BowDog!\n|-boost|p2b: BowDog!|atk|2\n|-enditem|p1a: Hawlucha|Mirror Herb\n|-boost|p1a: Hawlucha|atk|2|[from] item: Mirror Herb\n|-start|p2b: BowDog!|confusion\n|move|p1a: Hawlucha|Acrobatics|p2b: BowDog!\n|-resisted|p2b: BowDog!\n|-damage|p2b: BowDog!|54\/100\n|move|p2a: Landorus|Rock Slide|p1a: Hawlucha|[spread] p1a,p1b\n|-damage|p1a: Hawlucha|66\/100\n|-damage|p1b: Grimmsnarl|74\/100\n|-activate|p2b: BowDog!|confusion\n|move|p2b: BowDog!|Hyper Voice|p1a: Hawlucha|[spread] p1a,p1b\n|-supereffective|p1a: Hawlucha\n|-supereffective|p1b: Grimmsnarl\n|-crit|p1b: Grimmsnarl\n|-damage|p1a: Hawlucha|0 fnt\n|-damage|p1b: Grimmsnarl|0 fnt\n|faint|p1a: Hawlucha\n|faint|p1b: Grimmsnarl\n|-enditem|p2b: BowDog!|Throat Spray\n|-boost|p2b: BowDog!|spa|1|[from] item: Throat Spray\n|\n|upkeep\n|\n|t:|1700362610\n|switch|p1a: Landorus|Landorus-Therian, L50, M|100\/100\n|switch|p1b: Chien-Pao|Chien-Pao, L50|100\/100\n|-ability|p1a: Landorus|Intimidate|boost\n|-unboost|p2a: Landorus|atk|1\n|-unboost|p2b: BowDog!|atk|1\n|-ability|p1b: Chien-Pao|Sword of Ruin\n|turn|2\n|\n|t:|1700362633\n|switch|p2a: Ogerpon|Ogerpon-Hearthflame, L50, F|100\/100\n|-ability|p2a: Ogerpon|Mold Breaker\n|-end|p2b: BowDog!|confusion\n|move|p2b: BowDog!|Quick Attack|p1b: Chien-Pao\n|-supereffective|p1b: Chien-Pao\n|-damage|p1b: Chien-Pao|57\/100\n|move|p1a: Landorus|Stomping Tantrum|p2b: BowDog!\n|-supereffective|p2b: BowDog!\n|-damage|p2b: BowDog!|0 fnt\n|faint|p2b: BowDog!\n|move|p1b: Chien-Pao|Ice Spinner|p2a: Ogerpon\n|-damage|p2a: Ogerpon|39\/100\n|\n|upkeep\n|\n|t:|1700362647\n|switch|p2b: Landorus|Landorus-Therian, L50, M|100\/100\n|-ability|p2b: Landorus|Intimidate|boost\n|-unboost|p1a: Landorus|atk|1\n|-unboost|p1b: Chien-Pao|atk|1\n|turn|3\n|\n|t:|1700362662\n|switch|p2b: Urshifu|Urshifu, L50, F|100\/100\n|move|p1b: Chien-Pao|Protect|p1b: Chien-Pao\n|-singleturn|p1b: Chien-Pao|Protect\n|move|p2a: Ogerpon|Spiky Shield|p2a: Ogerpon\n|-singleturn|p2a: Ogerpon|move: Protect\n|move|p1a: Landorus|Stomping Tantrum|p2a: Ogerpon\n|-activate|p2a: Ogerpon|move: Protect\n|-damage|p1a: Landorus|88\/100|[from] Spiky Shield|[of] p2a: Ogerpon\n|\n|upkeep\n|turn|4\n|-message|WhopsBeatUAgain forfeited.\n|\n|win|BowDog!\n|raw|WhopsBeatUAgain's rating: 1082 &rarr; <strong>1062<\/strong><br \/>(-20 for losing)\n|raw|BowDog!'s rating: 1122 &rarr; <strong>1144<\/strong><br \/>(+22 for winning)\n|l|\u2606WhopsBeatUAgain\n|l|\u2606BowDog!\n|j|\u2606BowDog!\n|player|p2|BowDog!|winona\n","uploadtime":1700362708,"views":7,"p1id":"whopsbeatuagain","p2id":"bowdog","formatid":"gen9vgc2023regulatione","rating":1062,"private":0,"password":""}