{"id":"gen9vgc2023regulatione-1990980575","p1":"mookystank","p2":"errrorrrr","format":"[Gen 9] VGC 2023 Regulation E","log":"|j|\u2606mookystank\n|j|\u2606errrorrrr\n|t:|1700022802\n|gametype|doubles\n|player|p1|mookystank|169|1081\n|player|p2|errrorrrr|linebacker|1158\n|teamsize|p1|6\n|teamsize|p2|6\n|gen|9\n|tier|[Gen 9] VGC 2023 Regulation E\n|rated|\n|rule|Species Clause: Limit one of each Pok\u00e9mon\n|rule|Item Clause: Limit one of each item\n|clearpoke\n|poke|p1|Indeedee-F, L50, F|\n|poke|p1|Urshifu-*, L50, M|\n|poke|p1|Ursaluna-Bloodmoon, L50, M|\n|poke|p1|Tornadus, L50, M|\n|poke|p1|Armarouge, L50, F|\n|poke|p1|Flutter Mane, L50|\n|poke|p2|Chien-Pao, L50|\n|poke|p2|Cresselia, L50, F|\n|poke|p2|Heatran, L50, M|\n|poke|p2|Tornadus, L50, M|\n|poke|p2|Ursaluna, L50, M|\n|poke|p2|Urshifu-*, L50, F|\n|teampreview|4\n|inactive|Battle timer is ON: inactive players will automatically lose when time's up. (requested by errrorrrr)\nmookystank has agreed to open team sheets.\n|inactive|mookystank has 60 seconds left.\n|inactive|errrorrrr has 60 seconds left.\n|inactive|mookystank has 30 seconds left.\n|\n|t:|1700022863\n|start\n|switch|p1a: Urshifu|Urshifu-Rapid-Strike, L50, M|100\/100\n|switch|p1b: Tornadus|Tornadus, L50, M|100\/100\n|switch|p2a: Tornadus|Tornadus, L50, M, shiny|100\/100\n|switch|p2b: Urshifu|Urshifu-Rapid-Strike, L50, F|100\/100\n|turn|1\n|c|\u2606mookystank|spider man pointing meme\n|inactive|mookystank has 30 seconds left.\n|c|\u2606errrorrrr|lmao\n|inactive|mookystank has 20 seconds left.\n|c|\u2606errrorrrr|\ud83d\udc48\ud83d\udc49\n|inactive|mookystank has 15 seconds left.\n|inactive|mookystank has 10 seconds left.\n|\n|t:|1700022912\n|move|p2b: Urshifu|Detect|p2b: Urshifu\n|-singleturn|p2b: Urshifu|Protect\n|move|p1b: Tornadus|Tailwind|p1b: Tornadus\n|-sidestart|p1: mookystank|move: Tailwind\n|move|p2a: Tornadus|Taunt|p1b: Tornadus\n|-start|p1b: Tornadus|move: Taunt\n|move|p1a: Urshifu|Swords Dance|p1a: Urshifu\n|-boost|p1a: Urshifu|atk|2\n|\n|upkeep\n|turn|2\n|inactive|mookystank has 30 seconds left.\n|inactive|errrorrrr has 30 seconds left.\n|\n|t:|1700022943\n|move|p1b: Tornadus|Bleakwind Storm|p2b: Urshifu|[spread] p2a,p2b\n|-supereffective|p2b: Urshifu\n|-damage|p2a: Tornadus|54\/100\n|-damage|p2b: Urshifu|0 fnt\n|faint|p2b: Urshifu\n|move|p1a: Urshifu|Surging Strikes|p2a: Tornadus\n|-crit|p2a: Tornadus\n|-damage|p2a: Tornadus|6\/100\n|-crit|p2a: Tornadus\n|-damage|p2a: Tornadus|0 fnt\n|faint|p2a: Tornadus\n|-hitcount|p2: Tornadus|2\n|\n|upkeep\n|\n|t:|1700022951\n|switch|p2a: Chien-Pao|Chien-Pao, L50|100\/100\n|switch|p2b: Heatran|Heatran, L50, M, shiny|100\/100\n|-ability|p2a: Chien-Pao|Sword of Ruin\n|turn|3\n|\n|t:|1700022970\n|switch|p1b: Indeedee|Indeedee-F, L50, F, shiny|100\/100\n|-fieldstart|move: Psychic Terrain|[from] ability: Psychic Surge|[of] p1b: Indeedee\n|-terastallize|p2a: Chien-Pao|Ghost\n|move|p2b: Heatran|Protect|p2b: Heatran\n|-singleturn|p2b: Heatran|Protect\n|move|p1a: Urshifu|Brick Break|p2b: Heatran\n|-supereffective|p2b: Heatran\n|-damage|p2b: Heatran|0 fnt\n|faint|p2b: Heatran\n|move|p2a: Chien-Pao|Ice Spinner|p1b: Indeedee\n|-crit|p1b: Indeedee\n|-damage|p1b: Indeedee|0 fnt\n|-fieldend|move: Psychic Terrain\n|faint|p1b: Indeedee\n|\n|upkeep\n|\n|t:|1700022986\n|switch|p1b: Flutter Mane|Flutter Mane, L50, shiny|100\/100\n|-enditem|p1b: Flutter Mane|Booster Energy\n|-activate|p1b: Flutter Mane|ability: Protosynthesis|[fromitem]\n|-start|p1b: Flutter Mane|protosynthesisspe\n|turn|4\n|\n|t:|1700023000\n|-terastallize|p1b: Flutter Mane|Fairy\n|move|p2a: Chien-Pao|Sucker Punch|p1b: Flutter Mane\n|-resisted|p1b: Flutter Mane\n|-damage|p1b: Flutter Mane|47\/100\n|move|p1b: Flutter Mane|Moonblast|p2a: Chien-Pao\n|-enditem|p2a: Chien-Pao|Focus Sash\n|-damage|p2a: Chien-Pao|1\/100\n|move|p1a: Urshifu|Surging Strikes|p2a: Chien-Pao\n|-crit|p2a: Chien-Pao\n|-damage|p2a: Chien-Pao|0 fnt\n|faint|p2a: Chien-Pao\n|-hitcount|p2: Chien-Pao|1\n|\n|win|mookystank\n|raw|mookystank's rating: 1081 &rarr; <strong>1115<\/strong><br \/>(+34 for winning)\n|raw|errrorrrr's rating: 1158 &rarr; <strong>1128<\/strong><br \/>(-30 for losing)\n|l|\u2606errrorrrr\n|c|\u2606mookystank|gg\n","uploadtime":1700023015,"views":23,"p1id":"mookystank","p2id":"errrorrrr","formatid":"gen9vgc2023regulatione","rating":1115,"private":0,"password":""}