{"id":"gen9vgc2023regulatione-1990592498","p1":"sirazurill","p2":"JaezRR","format":"[Gen 9] VGC 2023 Regulation E","log":"|j|\u2606sirazurill\n|j|\u2606JaezRR\n|t:|1699984090\n|gametype|doubles\n|player|p1|sirazurill|bugcatcher-gen4dp|\n|player|p2|JaezRR|102|\n|teamsize|p1|6\n|teamsize|p2|6\n|gen|9\n|tier|[Gen 9] VGC 2023 Regulation E\n|rule|Species Clause: Limit one of each Pok\u00e9mon\n|rule|Item Clause: Limit one of each item\n|clearpoke\n|poke|p1|Urshifu-*, L50, M|\n|poke|p1|Tornadus, L50, M|\n|poke|p1|Flutter Mane, L50|\n|poke|p1|Landorus-Therian, L50, M|\n|poke|p1|Ogerpon-Wellspring, L50, F|\n|poke|p1|Heatran, L50, M|\n|poke|p2|Indeedee-F, L50, F|\n|poke|p2|Ogerpon-Hearthflame, L50, F|\n|poke|p2|Armarouge, L50, F|\n|poke|p2|Flutter Mane, L50|\n|poke|p2|Torkoal, L50, F|\n|poke|p2|Tornadus, L50, M|\n|teampreview|4\n|\n|t:|1699984111\n|start\n|switch|p1a: Tornadus|Tornadus, L50, M|100\/100\n|switch|p1b: Landorus|Landorus-Therian, L50, M|100\/100\n|switch|p2a: Indeedee|Indeedee-F, L50, F, shiny|100\/100\n|switch|p2b: Armarouge|Armarouge, L50, F|100\/100\n|-ability|p1b: Landorus|Intimidate|boost\n|-unboost|p2a: Indeedee|atk|1\n|-unboost|p2b: Armarouge|atk|1\n|-fieldstart|move: Psychic Terrain|[from] ability: Psychic Surge|[of] p2a: Indeedee\n|turn|1\n|\n|t:|1699984131\n|move|p2a: Indeedee|Follow Me|p2a: Indeedee\n|-singleturn|p2a: Indeedee|move: Follow Me\n|move|p1a: Tornadus|Tailwind|p1a: Tornadus\n|-sidestart|p1: sirazurill|move: Tailwind\n|move|p1b: Landorus|Earthquake|p2b: Armarouge|[spread] p2a,p2b\n|-immune|p1a: Tornadus\n|-supereffective|p2b: Armarouge\n|-damage|p2a: Indeedee|32\/100\n|-damage|p2b: Armarouge|0 fnt\n|faint|p2b: Armarouge\n|\n|upkeep\n|\n|t:|1699984138\n|switch|p2b: Torkoal|Torkoal, L50, F, shiny|100\/100\n|-weather|SunnyDay|[from] ability: Drought|[of] p2b: Torkoal\n|turn|2\n|\n|t:|1699984158\n|move|p1b: Landorus|Earthquake|p2b: Torkoal|[spread] p2a,p2b\n|-immune|p1a: Tornadus\n|-supereffective|p2b: Torkoal\n|-damage|p2a: Indeedee|0 fnt\n|-damage|p2b: Torkoal|1\/100\n|faint|p2a: Indeedee\n|move|p1a: Tornadus|Bleakwind Storm|p2b: Torkoal\n|-damage|p2b: Torkoal|0 fnt\n|faint|p2b: Torkoal\n|\n|-weather|SunnyDay|[upkeep]\n|upkeep\n|\n|t:|1699984175\n|switch|p2a: Flutter Mane|Flutter Mane, L50|100\/100\n|-activate|p2a: Flutter Mane|ability: Protosynthesis\n|-start|p2a: Flutter Mane|protosynthesisspe\n|turn|3\n|\n|t:|1699984197\n|-terastallize|p2a: Flutter Mane|Fairy\n|-terastallize|p1b: Landorus|Ground\n|move|p1a: Tornadus|Scary Face|p2a: Flutter Mane\n|-activate|p2a: Flutter Mane|move: Psychic Terrain\n|move|p2a: Flutter Mane|Dazzling Gleam|p1a: Tornadus|[spread] p1a,p1b\n|-damage|p1a: Tornadus|49\/100\n|-damage|p1b: Landorus|41\/100\n|-enditem|p1a: Tornadus|Eject Button\n|\n|t:|1699984206\n|switch|p1a: Urshifu|Urshifu-Rapid-Strike, L50, M|100\/100\n|move|p1b: Landorus|Earthquake|p2a: Flutter Mane|[spread] p1a,p2a\n|-damage|p1a: Urshifu|11\/100\n|-damage|p2a: Flutter Mane|0 fnt\n|faint|p2a: Flutter Mane\n|-end|p2a: Flutter Mane|Protosynthesis|[silent]\n|\n|win|sirazurill\n|l|\u2606JaezRR\n","uploadtime":1699984311,"views":19,"p1id":"sirazurill","p2id":"jaezrr","formatid":"gen9vgc2023regulatione","rating":0,"private":0,"password":""}