{"id":"gen9vgc2023regulatione-1999418596","p1":"Lsxy","p2":"Jippt351","format":"[Gen 9] VGC 2023 Regulation E","log":"|j|\u2606Lsxy\n|j|\u2606Jippt351\n|t:|1701077284\n|gametype|doubles\n|player|p1|Lsxy|170|1227\n|player|p2|Jippt351|266|1313\n|teamsize|p1|6\n|teamsize|p2|6\n|gen|9\n|tier|[Gen 9] VGC 2023 Regulation E\n|rated|\n|rule|Species Clause: Limit one of each Pok\u00e9mon\n|rule|Item Clause: Limit one of each item\n|clearpoke\n|poke|p1|Scizor, L50, M|\n|poke|p1|Politoed, L50, F|\n|poke|p1|Farigiraf, L50, M|\n|poke|p1|Palafin, L50, F|\n|poke|p1|Basculegion, L50, M|\n|poke|p1|Roaring Moon, L50|\n|poke|p2|Lilligant-Hisui, L50, F|\n|poke|p2|Torkoal, L50, F|\n|poke|p2|Regidrago, L50|\n|poke|p2|Ursaluna, L50, M|\n|poke|p2|Armarouge, L50, F|\n|poke|p2|Indeedee-F, L50, F|\n|teampreview|4\n|inactive|Battle timer is ON: inactive players will automatically lose when time's up. (requested by Lsxy)\n|inactive|Jippt351 also wants the timer to be on.\n|\n|t:|1701077311\n|start\n|switch|p1a: Farigiraf|Farigiraf, L50, M|100\/100\n|switch|p1b: Roaring Moon|Roaring Moon, L50|100\/100\n|switch|p2a: Armarouge|Armarouge, L50, F|100\/100\n|switch|p2b: Indeedee|Indeedee-F, L50, F|100\/100\n|-fieldstart|move: Psychic Terrain|[from] ability: Psychic Surge|[of] p2b: Indeedee\n|-enditem|p1b: Roaring Moon|Booster Energy\n|-activate|p1b: Roaring Moon|ability: Protosynthesis|[fromitem]\n|-start|p1b: Roaring Moon|protosynthesisspe\n|turn|1\n|\n|t:|1701077324\n|move|p2b: Indeedee|Follow Me|p2b: Indeedee\n|-singleturn|p2b: Indeedee|move: Follow Me\n|move|p1b: Roaring Moon|Knock Off|p2b: Indeedee\n|-supereffective|p2b: Indeedee\n|-damage|p2b: Indeedee|0 fnt\n|-damage|p1b: Roaring Moon|84\/100|[from] item: Rocky Helmet|[of] p2b: Indeedee\n|-enditem|p2b: Indeedee|Rocky Helmet|[from] move: Knock Off|[of] p1b: Roaring Moon\n|faint|p2b: Indeedee\n|move|p1a: Farigiraf|Imprison|p1a: Farigiraf\n|-start|p1a: Farigiraf|move: Imprison\n|cant|p2a: Armarouge|move: Imprison|Trick Room\n|\n|upkeep\n|\n|t:|1701077336\n|switch|p2b: Ursaluna|Ursaluna, L50, M|100\/100\n|turn|2\n|l|\u2606Jippt351\n|inactive|Jippt351 disconnected and has a minute to reconnect!\n|player|p2|\n|j|\u2606Jippt351\n|inactive|Jippt351 reconnected and has 35 seconds left.\n|player|p2|Jippt351|266\n|inactive|Jippt351 has 30 seconds left.\n|\n|t:|1701077370\n|move|p1b: Roaring Moon|Knock Off|p2a: Armarouge\n|-supereffective|p2a: Armarouge\n|-damage|p2a: Armarouge|8\/100\n|-enditem|p2a: Armarouge|Life Orb|[from] move: Knock Off|[of] p1b: Roaring Moon\n|move|p1a: Farigiraf|Hyper Voice|p2a: Armarouge|[spread] p2a,p2b\n|-damage|p2a: Armarouge|0 fnt\n|-damage|p2b: Ursaluna|78\/100\n|faint|p2a: Armarouge\n|move|p2b: Ursaluna|Facade|p1b: Roaring Moon\n|-damage|p1b: Roaring Moon|28\/100\n|\n|-status|p2b: Ursaluna|brn|[from] item: Flame Orb\n|upkeep\n|\n|t:|1701077379\n|switch|p2a: Torkoal|Torkoal, L50, F|100\/100\n|-weather|SunnyDay|[from] ability: Drought|[of] p2a: Torkoal\n|turn|3\n|-message|Jippt351 forfeited.\n|\n|win|Lsxy\n|raw|Lsxy's rating: 1227 &rarr; <strong>1258<\/strong><br \/>(+31 for winning)\n|raw|Jippt351's rating: 1313 &rarr; <strong>1288<\/strong><br \/>(-25 for losing)\n|l|\u2606Lsxy\n","uploadtime":1701077386,"views":9,"p1id":"lsxy","p2id":"jippt351","formatid":"gen9vgc2023regulatione","rating":1258,"private":0,"password":""}