{"id":"gen9vgc2023regulatione-1998741112","p1":"adanzio","p2":"PAWNSTORM2","format":"[Gen 9] VGC 2023 Regulation E","log":"|j|\u2606adanzio\n|j|\u2606PAWNSTORM2\n|t:|1700981322\n|gametype|doubles\n|player|p1|adanzio|265|1110\n|player|p2|PAWNSTORM2|backersf|1125\n|teamsize|p1|6\n|teamsize|p2|6\n|gen|9\n|tier|[Gen 9] VGC 2023 Regulation E\n|rated|\n|rule|Species Clause: Limit one of each Pok\u00e9mon\n|rule|Item Clause: Limit one of each item\n|clearpoke\n|poke|p1|Flutter Mane, L50|\n|poke|p1|Tornadus, L50, M|\n|poke|p1|Urshifu-*, L50, M|\n|poke|p1|Arcanine-Hisui, L50, F|\n|poke|p1|Chien-Pao, L50|\n|poke|p1|Rillaboom, L50, F|\n|poke|p2|Iron Hands, L50|\n|poke|p2|Flutter Mane, L50|\n|poke|p2|Landorus-Therian, L50, M|\n|poke|p2|Ogerpon-Wellspring, L50, F|\n|poke|p2|Chi-Yu, L50|\n|poke|p2|Sinistcha, L50|\n|teampreview|4\nPAWNSTORM2 rejected open team sheets.\n|inactive|Battle timer is ON: inactive players will automatically lose when time's up. (requested by PAWNSTORM2)\n|inactive|adanzio has 60 seconds left.\n|\n|t:|1700981380\n|start\n|switch|p1a: Tornadus|Tornadus, L50, M|100\/100\n|switch|p1b: Arcanine|Arcanine-Hisui, L50, F|100\/100\n|switch|p2a: Brian|Iron Hands, L50|100\/100\n|switch|p2b: Sinistcha|Sinistcha, L50|100\/100\n|turn|1\n|inactive|PAWNSTORM2 has 30 seconds left.\n|\n|t:|1700981415\n|switch|p1b: Flutter Mane|Flutter Mane, L50|100\/100\n|-enditem|p1b: Flutter Mane|Booster Energy\n|-activate|p1b: Flutter Mane|ability: Protosynthesis|[fromitem]\n|-start|p1b: Flutter Mane|protosynthesisspa\n|move|p1a: Tornadus|Tailwind|p1a: Tornadus\n|-sidestart|p1: adanzio|move: Tailwind\n|move|p2a: Brian|Wild Charge|p1a: Tornadus\n|-supereffective|p1a: Tornadus\n|-damage|p1a: Tornadus|0 fnt\n|faint|p1a: Tornadus\n|-damage|p2a: Brian|80\/100|[from] Recoil\n|move|p2b: Sinistcha|Trick Room|p2b: Sinistcha\n|-fieldstart|move: Trick Room|[of] p2b: Sinistcha\n|\n|upkeep\n|inactive|adanzio has 30 seconds left.\n|inactive|adanzio has 20 seconds left.\n|inactive|adanzio has 15 seconds left.\n|inactive|adanzio has 10 seconds left.\n|inactive|adanzio has 5 seconds left.\n|\n|t:|1700981470\n|switch|p1a: Urshifu|Urshifu-Rapid-Strike, L50, M|100\/100\n|turn|2\n|inactive|adanzio has 30 seconds left.\n|inactive|adanzio has 20 seconds left.\n|inactive|adanzio has 15 seconds left.\n|inactive|adanzio has 10 seconds left.\n|inactive|adanzio has 5 seconds left.\n|\n|t:|1700981525\n|move|p2b: Sinistcha|Rage Powder|p2b: Sinistcha\n|-singleturn|p2b: Sinistcha|move: Rage Powder\n|move|p2a: Brian|Heavy Slam|p1b: Flutter Mane\n|-supereffective|p1b: Flutter Mane\n|-damage|p1b: Flutter Mane|0 fnt\n|faint|p1b: Flutter Mane\n|-end|p1b: Flutter Mane|Protosynthesis|[silent]\n|move|p1a: Urshifu|Surging Strikes|p2b: Sinistcha\n|-resisted|p2b: Sinistcha\n|-crit|p2b: Sinistcha\n|-damage|p2b: Sinistcha|92\/100\n|-damage|p1a: Urshifu|84\/100|[from] item: Rocky Helmet|[of] p2b: Sinistcha\n|-resisted|p2b: Sinistcha\n|-crit|p2b: Sinistcha\n|-damage|p2b: Sinistcha|82\/100\n|-damage|p1a: Urshifu|67\/100|[from] item: Rocky Helmet|[of] p2b: Sinistcha\n|-resisted|p2b: Sinistcha\n|-crit|p2b: Sinistcha\n|-damage|p2b: Sinistcha|73\/100\n|-damage|p1a: Urshifu|51\/100|[from] item: Rocky Helmet|[of] p2b: Sinistcha\n|-hitcount|p2b: Sinistcha|3\n|\n|upkeep\n|inactive|adanzio has 30 seconds left.\n|inactive|adanzio has 20 seconds left.\n|inactive|adanzio has 15 seconds left.\n|inactive|adanzio has 10 seconds left.\n|inactive|adanzio has 5 seconds left.\n|\n|t:|1700981580\n|switch|p1b: Arcanine|Arcanine-Hisui, L50, F|100\/100\n|turn|3\n|-message|adanzio forfeited.\n|\n|win|PAWNSTORM2\n|raw|adanzio's rating: 1110 &rarr; <strong>1086<\/strong><br \/>(-24 for losing)\n|raw|PAWNSTORM2's rating: 1125 &rarr; <strong>1149<\/strong><br \/>(+24 for winning)\n|l|\u2606adanzio\n","uploadtime":1700981592,"views":9,"p1id":"adanzio","p2id":"pawnstorm2","formatid":"gen9vgc2023regulatione","rating":1086,"private":0,"password":""}