{"id":"gen9vgc2023regulatione-1993972228","p1":"rennui-","p2":"Eduardo22","format":"[Gen 9] VGC 2023 Regulation E","log":"|j|\u2606rennui-\n|j|\u2606Eduardo22\n|t:|1700385775\n|gametype|doubles\n|player|p1|rennui-|erika|1549\n|player|p2|Eduardo22|li|1461\n|teamsize|p1|6\n|teamsize|p2|5\n|gen|9\n|tier|[Gen 9] VGC 2023 Regulation E\n|rated|\n|rule|Species Clause: Limit one of each Pok\u00e9mon\n|rule|Item Clause: Limit one of each item\n|clearpoke\n|poke|p1|Flutter Mane, L50|\n|poke|p1|Chi-Yu, L50|\n|poke|p1|Torkoal, L50, F|\n|poke|p1|Ogerpon-Wellspring, L50, F|\n|poke|p1|Farigiraf, L50, F|\n|poke|p1|Iron Hands, L50|\n|poke|p2|Hatterene, L50, F|\n|poke|p2|Iron Hands, L50|\n|poke|p2|Ursaluna-Bloodmoon, L50, M|\n|poke|p2|Sinistcha-Masterpiece, L50|\n|poke|p2|Kingambit, L50, F|\n|teampreview|4\nrennui- has agreed to open team sheets.\n|inactive|Battle timer is ON: inactive players will automatically lose when time's up. (requested by Eduardo22)\nEduardo22 rejected open team sheets.\n|\n|t:|1700385815\n|start\n|switch|p1a: Flutter Mane|Flutter Mane, L50|100\/100\n|switch|p1b: Chi-Yu|Chi-Yu, L50|100\/100\n|switch|p2a: Hatterene|Hatterene, L50, F|100\/100\n|switch|p2b: Kingambit|Kingambit, L50, F, shiny|100\/100\n|-ability|p1b: Chi-Yu|Beads of Ruin\n|turn|1\n|\n|t:|1700385829\n|-terastallize|p1a: Flutter Mane|Fairy\n|-terastallize|p2b: Kingambit|Dark\n|move|p2b: Kingambit|Sucker Punch|p1a: Flutter Mane\n|-resisted|p1a: Flutter Mane\n|-damage|p1a: Flutter Mane|49\/100\n|move|p1a: Flutter Mane|Dazzling Gleam|p2a: Hatterene|[spread] p2a,p2b\n|-supereffective|p2b: Kingambit\n|-damage|p2a: Hatterene|16\/100\n|-damage|p2b: Kingambit|0 fnt\n|faint|p2b: Kingambit\n|move|p1b: Chi-Yu|Heat Wave|p2a: Hatterene\n|-damage|p2a: Hatterene|0 fnt\n|faint|p2a: Hatterene\n|-damage|p1b: Chi-Yu|91\/100|[from] item: Life Orb\n|\n|upkeep\n|\n|t:|1700385837\n|switch|p2b: Ursaluna|Ursaluna-Bloodmoon, L50, M|100\/100\n|switch|p2a: Iron Hands|Iron Hands, L50|100\/100\n|turn|2\n|-message|Eduardo22 forfeited.\n|\n|win|rennui-\n|raw|rennui-'s rating: 1549 &rarr; <strong>1564<\/strong><br \/>(+15 for winning)\n|raw|Eduardo22's rating: 1461 &rarr; <strong>1446<\/strong><br \/>(-15 for losing)\n|l|\u2606Eduardo22\n","uploadtime":1700385849,"views":15,"p1id":"rennui","p2id":"eduardo22","formatid":"gen9vgc2023regulatione","rating":1446,"private":0,"password":""}