{"id":"gen9vgc2023regulatione-1995714956","p1":"Wangaggagagag","p2":"ginginese","format":"[Gen 9] VGC 2023 Regulation E","log":"|j|\u2606Wangaggagagag\n|j|\u2606ginginese\n|t:|1700596412\n|gametype|doubles\n|player|p1|Wangaggagagag|170|1046\n|player|p2|ginginese|rocketgrunt|1015\n|teamsize|p1|6\n|teamsize|p2|6\n|gen|9\n|tier|[Gen 9] VGC 2023 Regulation E\n|rated|\n|rule|Species Clause: Limit one of each Pok\u00e9mon\n|rule|Item Clause: Limit one of each item\n|clearpoke\n|poke|p1|Glimmora, L50, M|\n|poke|p1|Farigiraf, L50, M|\n|poke|p1|Iron Moth, L50|\n|poke|p1|Urshifu-*, L50, F|\n|poke|p1|Ogerpon, L50, F|\n|poke|p1|Landorus-Therian, L50, M|\n|poke|p2|Dondozo, L50, F|\n|poke|p2|Iron Hands, L50|\n|poke|p2|Rabsca, L50, M|\n|poke|p2|Golem-Alola, L50, M|\n|poke|p2|Sinistcha, L50|\n|poke|p2|Ursaluna-Bloodmoon, L50, M|\n|teampreview|4\n|\n|t:|1700596435\n|start\n|switch|p1a: Farigiraf|Farigiraf, L50, M|100\/100\n|switch|p1b: Glimmora|Glimmora, L50, M|100\/100\n|switch|p2a: Golem|Golem-Alola, L50, M|100\/100\n|switch|p2b: Dondozo|Dondozo, L50, F|100\/100\n|turn|1\n|inactive|Battle timer is ON: inactive players will automatically lose when time's up. (requested by Wangaggagagag)\n|\n|t:|1700596478\n|move|p1b: Glimmora|Spiky Shield|p1b: Glimmora\n|-singleturn|p1b: Glimmora|move: Protect\n|move|p1a: Farigiraf|Protect|p1a: Farigiraf\n|-singleturn|p1a: Farigiraf|Protect\n|move|p2b: Dondozo|Protect|p2b: Dondozo\n|-singleturn|p2b: Dondozo|Protect\n|move|p2a: Golem|Explosion|p1b: Glimmora|[spread] \n|-activate|p2b: Dondozo|move: Protect\n|-activate|p1a: Farigiraf|move: Protect\n|-activate|p1b: Glimmora|move: Protect\n|faint|p2a: Golem\n|\n|upkeep\n|-message|ginginese forfeited.\n|\n|win|Wangaggagagag\n|raw|Wangaggagagag's rating: 1046 &rarr; <strong>1076<\/strong><br \/>(+30 for winning)\n|raw|ginginese's rating: 1015 &rarr; <strong>1004<\/strong><br \/>(-11 for losing)\n|l|\u2606ginginese\n","uploadtime":1700596503,"views":1,"p1id":"wangaggagagag","p2id":"ginginese","formatid":"gen9vgc2023regulatione","rating":1004,"private":0,"password":""}