{"id":"gen9vgc2023regulatione-1999277726","p1":"AbstractPoetic7x60","p2":"MC MazelTov","format":"[Gen 9] VGC 2023 Regulation E","log":"|j|\u2606AbstractPoetic7x60\n|j|\u2606MC MazelTov\n|t:|1701054129\n|gametype|doubles\n|player|p1|AbstractPoetic7x60|170|1061\n|player|p2|MC MazelTov|266|1160\n|teamsize|p1|6\n|teamsize|p2|6\n|gen|9\n|tier|[Gen 9] VGC 2023 Regulation E\n|rated|\n|rule|Species Clause: Limit one of each Pok\u00e9mon\n|rule|Item Clause: Limit one of each item\n|clearpoke\n|poke|p1|Dragapult, L50, F|\n|poke|p1|Landorus-Therian, L50, M|\n|poke|p1|Iron Bundle, L50|\n|poke|p1|Flutter Mane, L50|\n|poke|p1|Heatran, L50, M|\n|poke|p1|Rillaboom, L50, F|\n|poke|p2|Sinistcha, L50|\n|poke|p2|Okidogi, L50, M|\n|poke|p2|Landorus-Therian, L50, M|\n|poke|p2|Rillaboom, L50, F|\n|poke|p2|Arcanine, L50, F|\n|poke|p2|Iron Hands, L50|\n|teampreview|4\n|inactive|Battle timer is ON: inactive players will automatically lose when time's up. (requested by AbstractPoetic7x60)\nAbstractPoetic7x60 has agreed to open team sheets.\n|inactive|MC MazelTov has 60 seconds left.\nMC MazelTov has agreed to open team sheets.\n|inactive|MC MazelTov has 30 seconds left.\n|inactive|MC MazelTov has 20 seconds left.\n|\n|t:|1701054201\n|start\n|switch|p1a: Dragapult|Dragapult, L50, F|100\/100\n|switch|p1b: Rillaboom|Rillaboom, L50, F|100\/100\n|switch|p2a: Okidogi|Okidogi, L50, M|100\/100\n|switch|p2b: Landorus|Landorus-Therian, L50, M|100\/100\n|-ability|p2b: Landorus|Intimidate|boost\n|-unboost|p1a: Dragapult|atk|1\n|-unboost|p1b: Rillaboom|atk|1\n|-fieldstart|move: Grassy Terrain|[from] ability: Grassy Surge|[of] p1b: Rillaboom\n|turn|1\n|inactive|AbstractPoetic7x60 has 30 seconds left.\n|inactive|MC MazelTov has 30 seconds left.\n|inactive|MC MazelTov has 20 seconds left.\n|inactive|MC MazelTov has 15 seconds left.\n|\n|t:|1701054242\n|move|p1a: Dragapult|Protect|p1a: Dragapult\n|-singleturn|p1a: Dragapult|Protect\n|move|p2a: Okidogi|Protect|p2a: Okidogi\n|-singleturn|p2a: Okidogi|Protect\n|move|p2b: Landorus|U-turn|p1b: Rillaboom\n|-supereffective|p1b: Rillaboom\n|-damage|p1b: Rillaboom|36\/100\n|\n|t:|1701054256\n|switch|p2b: Arcanine|Arcanine, L50, F|100\/100|[from] U-turn\n|-ability|p2b: Arcanine|Intimidate|boost\n|-unboost|p1a: Dragapult|atk|1\n|-unboost|p1b: Rillaboom|atk|1\n|move|p1b: Rillaboom|High Horsepower|p2a: Okidogi\n|-activate|p2a: Okidogi|move: Protect\n|\n|-heal|p1b: Rillaboom|42\/100|[from] Grassy Terrain\n|upkeep\n|turn|2\n|inactive|MC MazelTov has 30 seconds left.\n|\n|t:|1701054282\n|switch|p1a: Landorus|Landorus-Therian, L50, M|100\/100\n|-ability|p1a: Landorus|Intimidate|boost\n|-ability|p2a: Okidogi|Guard Dog|boost\n|-boost|p2a: Okidogi|atk|1\n|-unboost|p2b: Arcanine|atk|1\n|switch|p1b: Heatran|Heatran, L50, M|100\/100\n|switch|p2b: Landorus|Landorus-Therian, L50, M|100\/100\n|-ability|p2b: Landorus|Intimidate|boost\n|-unboost|p1a: Landorus|atk|1\n|-unboost|p1b: Heatran|atk|1\n|move|p2a: Okidogi|Bulk Up|p2a: Okidogi\n|-boost|p2a: Okidogi|atk|1\n|-boost|p2a: Okidogi|def|1\n|\n|upkeep\n|turn|3\n|-message|AbstractPoetic7x60 forfeited.\n|\n|win|MC MazelTov\n|raw|AbstractPoetic7x60's rating: 1061 &rarr; <strong>1047<\/strong><br \/>(-14 for losing)\n|raw|MC MazelTov's rating: 1160 &rarr; <strong>1178<\/strong><br \/>(+18 for winning)\n|l|\u2606AbstractPoetic7x60\n","uploadtime":1701054358,"views":10,"p1id":"abstractpoetic7x60","p2id":"mcmazeltov","formatid":"gen9vgc2023regulatione","rating":1047,"private":0,"password":""}