{"id":"gen9vgc2023regulatione-1999108291","p1":"RangeUnlimited","p2":"TheGreatMutwa","format":"[Gen 9] VGC 2023 Regulation E","log":"|j|\u2606RangeUnlimited\n|j|\u2606TheGreatMutwa\n|t:|1701034003\n|gametype|doubles\n|player|p1|RangeUnlimited|hilda-wonderlauncher|1462\n|player|p2|TheGreatMutwa|theroyal|1405\n|teamsize|p1|6\n|teamsize|p2|6\n|gen|9\n|tier|[Gen 9] VGC 2023 Regulation E\n|rated|\n|rule|Species Clause: Limit one of each Pok\u00e9mon\n|rule|Item Clause: Limit one of each item\n|clearpoke\n|poke|p1|Farigiraf, L50, M|\n|poke|p1|Ogerpon-Cornerstone, L50, F|\n|poke|p1|Ursaluna-Bloodmoon, L50, M|\n|poke|p1|Chi-Yu, L50|\n|poke|p1|Torkoal, L50, F|\n|poke|p1|Iron Hands, L50|\n|poke|p2|Chi-Yu, L50|\n|poke|p2|Munkidori, L50, M|\n|poke|p2|Rillaboom, L50, F|\n|poke|p2|Annihilape, L50, M|\n|poke|p2|Arcanine-Hisui, L50, M|\n|poke|p2|Maushold, L50|\n|teampreview|4\n|inactive|Battle timer is ON: inactive players will automatically lose when time's up. (requested by RangeUnlimited)\n|inactive|TheGreatMutwa has 60 seconds left.\n|\n|t:|1701034062\n|start\n|switch|p1a: Farigiraf|Farigiraf, L50, M|100\/100\n|switch|p1b: Ogerpon|Ogerpon-Cornerstone, L50, F|100\/100\n|switch|p2a: Chi-Yu|Chi-Yu, L50|100\/100\n|switch|p2b: Munkidori|Munkidori, L50, M|100\/100\n|-ability|p2a: Chi-Yu|Beads of Ruin\n|turn|1\n|\n|t:|1701034083\n|-terastallize|p2a: Chi-Yu|Steel\n|move|p2b: Munkidori|Sludge Wave|p1a: Farigiraf|[spread] p1a,p1b\n|-immune|p2a: Chi-Yu\n|-damage|p1a: Farigiraf|47\/100\n|-damage|p1b: Ogerpon|30\/100\n|-status|p1b: Ogerpon|tox|[from] ability: Toxic Chain|[of] p2b: Munkidori\n|move|p2a: Chi-Yu|Heat Wave|p1b: Ogerpon|[spread] p1a,p1b\n|-damage|p1a: Farigiraf|0 fnt\n|-damage|p1b: Ogerpon|0 fnt\n|faint|p1a: Farigiraf\n|faint|p1b: Ogerpon\n|-damage|p2a: Chi-Yu|90\/100|[from] item: Life Orb\n|\n|upkeep\n|\n|t:|1701034089\n|switch|p1b: Chi-Yu|Chi-Yu, L50|100\/100\n|switch|p1a: Ursaluna|Ursaluna-Bloodmoon, L50, M|100\/100\n|-ability|p1b: Chi-Yu|Beads of Ruin\n|turn|2\n|\n|t:|1701034113\n|-terastallize|p1b: Chi-Yu|Fire\n|move|p2b: Munkidori|Sludge Wave|p1a: Ursaluna|[spread] p1a,p1b\n|-immune|p2a: Chi-Yu\n|-resisted|p1a: Ursaluna\n|-crit|p1b: Chi-Yu\n|-damage|p1a: Ursaluna|55\/100\n|-damage|p1b: Chi-Yu|28\/100\n|move|p2a: Chi-Yu|Heat Wave|p1b: Chi-Yu|[spread] p1a,p1b\n|-resisted|p1b: Chi-Yu\n|-damage|p1a: Ursaluna|0 fnt\n|-damage|p1b: Chi-Yu|4\/100\n|faint|p1a: Ursaluna\n|-damage|p2a: Chi-Yu|80\/100|[from] item: Life Orb\n|move|p1b: Chi-Yu|Heat Wave|p2a: Chi-Yu|[spread] p2a,p2b\n|-supereffective|p2a: Chi-Yu\n|-damage|p2a: Chi-Yu|0 fnt\n|-damage|p2b: Munkidori|15\/100\n|faint|p2a: Chi-Yu\n|\n|upkeep\n|-message|RangeUnlimited forfeited.\n|\n|win|TheGreatMutwa\n|raw|RangeUnlimited's rating: 1462 &rarr; <strong>1439<\/strong><br \/>(-23 for losing)\n|raw|TheGreatMutwa's rating: 1405 &rarr; <strong>1428<\/strong><br \/>(+23 for winning)\n|l|\u2606RangeUnlimited\n","uploadtime":1701034132,"views":11,"p1id":"rangeunlimited","p2id":"thegreatmutwa","formatid":"gen9vgc2023regulatione","rating":1428,"private":0,"password":""}