{"id":"gen9vgc2023regulatione-1989150707","p1":"BigSteveVGC","p2":"vamplordyt","format":"[Gen 9] VGC 2023 Regulation E","log":"|j|\u2606BigSteveVGC\n|j|\u2606vamplordyt\n|t:|1699817622\n|gametype|doubles\n|player|p1|BigSteveVGC|266|1420\n|player|p2|vamplordyt|acerola|1323\n|teamsize|p1|6\n|teamsize|p2|6\n|gen|9\n|tier|[Gen 9] VGC 2023 Regulation E\n|rated|\n|rule|Species Clause: Limit one of each Pok\u00e9mon\n|rule|Item Clause: Limit one of each item\n|clearpoke\n|poke|p1|Regidrago, L50|\n|poke|p1|Regieleki, L50|\n|poke|p1|Tornadus, L50, M|\n|poke|p1|Urshifu-*, L50, M|\n|poke|p1|Arcanine-Hisui, L50, F|\n|poke|p1|Farigiraf, L50, F|\n|poke|p2|Espathra, L50, F|\n|poke|p2|Milotic, L50, M|\n|poke|p2|Chi-Yu, L50|\n|poke|p2|Stonjourner, L50, F|\n|poke|p2|Gholdengo, L50|\n|poke|p2|Gastrodon, L50, F|\n|teampreview|4\n|inactive|Battle timer is ON: inactive players will automatically lose when time's up. (requested by vamplordyt)\nvamplordyt has agreed to open team sheets.\n|inactive|vamplordyt has 60 seconds left.\n|\n|t:|1699817669\n|start\n|switch|p1a: Regieleki|Regieleki, L50|100\/100\n|switch|p1b: Regidrago|Regidrago, L50|100\/100\n|switch|p2a: Gholdengo|Gholdengo, L50, shiny|100\/100\n|switch|p2b: Milotic|Milotic, L50, M, shiny|100\/100\n|turn|1\n|inactive|vamplordyt has 30 seconds left.\n|\n|t:|1699817695\n|switch|p2b: Chi-Yu|Chi-Yu, L50|100\/100\n|-ability|p2b: Chi-Yu|Beads of Ruin\n|-terastallize|p1a: Regieleki|Electric\n|move|p1a: Regieleki|Thunderbolt|p2a: Gholdengo\n|-damage|p2a: Gholdengo|3\/100\n|-status|p2a: Gholdengo|par\n|move|p1b: Regidrago|Dragon Energy|p2b: Chi-Yu|[spread] p2a,p2b\n|-resisted|p2a: Gholdengo\n|-damage|p2a: Gholdengo|0 fnt\n|-damage|p2b: Chi-Yu|0 fnt\n|faint|p2a: Gholdengo\n|faint|p2b: Chi-Yu\n|\n|upkeep\n|-message|vamplordyt forfeited.\n|\n|win|BigSteveVGC\n|raw|BigSteveVGC's rating: 1420 &rarr; <strong>1435<\/strong><br \/>(+15 for winning)\n|raw|vamplordyt's rating: 1323 &rarr; <strong>1308<\/strong><br \/>(-15 for losing)\n|l|\u2606vamplordyt\n","uploadtime":1699817713,"views":8,"p1id":"bigstevevgc","p2id":"vamplordyt","formatid":"gen9vgc2023regulatione","rating":1308,"private":0,"password":""}