{"id":"gen9vgc2023regulatione-1990182760","p1":"venidlosmoradores","p2":"Edgo2834","format":"[Gen 9] VGC 2023 Regulation E","log":"|j|\u2606venidlosmoradores\n|j|\u2606Edgo2834\n|t:|1699934020\n|gametype|doubles\n|player|p1|venidlosmoradores|1|1523\n|player|p2|Edgo2834|lance|1593\n|teamsize|p1|6\n|teamsize|p2|6\n|gen|9\n|tier|[Gen 9] VGC 2023 Regulation E\n|rated|\n|rule|Species Clause: Limit one of each Pok\u00e9mon\n|rule|Item Clause: Limit one of each item\n|clearpoke\n|poke|p1|Sableye, L50, F|\n|poke|p1|Milotic, L50, M|\n|poke|p1|Rillaboom, L50, M|\n|poke|p1|Arcanine-Hisui, L50, F|\n|poke|p1|Kommo-o, L50, F|\n|poke|p1|Clefairy, L50, F|\n|poke|p2|Tornadus, L50, M|\n|poke|p2|Urshifu-*, L50, M|\n|poke|p2|Chi-Yu, L50|\n|poke|p2|Flutter Mane, L50|\n|poke|p2|Amoonguss, L50, M|\n|poke|p2|Iron Hands, L50|\n|teampreview|4\n|\n|t:|1699934063\n|start\n|switch|p1a: Arcanine|Arcanine-Hisui, L50, F|100\/100\n|switch|p1b: Rillaboom|Rillaboom, L50, M|100\/100\n|switch|p2a: Tornadus|Tornadus, L50, M|100\/100\n|switch|p2b: Flutter Mane|Flutter Mane, L50|100\/100\n|-ability|p1a: Arcanine|Intimidate|boost\n|-unboost|p2a: Tornadus|atk|1\n|-unboost|p2b: Flutter Mane|atk|1\n|-fieldstart|move: Grassy Terrain|[from] ability: Grassy Surge|[of] p1b: Rillaboom\n|turn|1\n|inactive|Battle timer is ON: inactive players will automatically lose when time's up. (requested by Edgo2834)\n|\n|t:|1699934087\n|-terastallize|p2b: Flutter Mane|Fairy\n|move|p1b: Rillaboom|Grassy Glide|p2b: Flutter Mane\n|-damage|p2b: Flutter Mane|46\/100\n|move|p2b: Flutter Mane|Moonblast|p1b: Rillaboom\n|-damage|p1b: Rillaboom|3\/100\n|-unboost|p1b: Rillaboom|spa|1\n|move|p2a: Tornadus|Bleakwind Storm|p1a: Arcanine|[spread] p1a\n|-miss|p2a: Tornadus|p1b: Rillaboom\n|-resisted|p1a: Arcanine\n|-damage|p1a: Arcanine|84\/100\n|move|p1a: Arcanine|Howl|p1a: Arcanine|[spread] p1a,p1b\n|-boost|p1a: Arcanine|atk|1\n|-boost|p1b: Rillaboom|atk|1\n|\n|-heal|p2b: Flutter Mane|52\/100|[from] Grassy Terrain\n|-heal|p1a: Arcanine|90\/100|[from] Grassy Terrain\n|-heal|p1b: Rillaboom|9\/100|[from] Grassy Terrain\n|upkeep\n|turn|2\n|\n|t:|1699934109\n|-end|p2b: Flutter Mane|Protosynthesis|[silent]\n|switch|p2b: Iron Hands|Iron Hands, L50|100\/100\n|move|p1b: Rillaboom|Protect|p1b: Rillaboom\n|-singleturn|p1b: Rillaboom|Protect\n|move|p2a: Tornadus|Bleakwind Storm|p1a: Arcanine|[spread] p1a\n|-activate|p1b: Rillaboom|move: Protect\n|-resisted|p1a: Arcanine\n|-damage|p1a: Arcanine|72\/100\n|move|p1a: Arcanine|Rock Slide|p2a: Tornadus|[spread] p2a\n|-miss|p1a: Arcanine|p2b: Iron Hands\n|-supereffective|p2a: Tornadus\n|-damage|p2a: Tornadus|19\/100\n|\n|-heal|p1a: Arcanine|78\/100|[from] Grassy Terrain\n|-heal|p1b: Rillaboom|15\/100|[from] Grassy Terrain\n|upkeep\n|turn|3\n|inactive|venidlosmoradores has 30 seconds left.\n|\n|t:|1699934137\n|switch|p2a: Urshifu|Urshifu-Rapid-Strike, L50, M|100\/100\n|switch|p1b: Clefairy|Clefairy, L50, F|100\/100\n|-terastallize|p1a: Arcanine|Fairy\n|move|p2b: Iron Hands|Fake Out|p1b: Clefairy\n|-damage|p1b: Clefairy|88\/100\n|move|p1a: Arcanine|Howl|p1a: Arcanine|[spread] p1a,p1b\n|-boost|p1a: Arcanine|atk|1\n|-boost|p1b: Clefairy|atk|1\n|\n|-heal|p1a: Arcanine|84\/100|[from] Grassy Terrain\n|-heal|p1b: Clefairy|94\/100|[from] Grassy Terrain\n|upkeep\n|turn|4\n|inactive|Edgo2834 has 30 seconds left.\n|\n|t:|1699934168\n|switch|p2a: Tornadus|Tornadus, L50, M|19\/100\n|move|p1b: Clefairy|Follow Me|p1b: Clefairy\n|-singleturn|p1b: Clefairy|move: Follow Me\n|move|p1a: Arcanine|Flare Blitz|p2b: Iron Hands\n|-crit|p2b: Iron Hands\n|-damage|p2b: Iron Hands|0 fnt\n|faint|p2b: Iron Hands\n|-end|p2b: Iron Hands|Quark Drive|[silent]\n|-damage|p1a: Arcanine|41\/100|[from] Recoil\n|-enditem|p1a: Arcanine|Sitrus Berry|[eat]\n|-heal|p1a: Arcanine|66\/100|[from] item: Sitrus Berry\n|\n|-heal|p1a: Arcanine|72\/100|[from] Grassy Terrain\n|-heal|p1b: Clefairy|100\/100|[from] Grassy Terrain\n|upkeep\n|-message|Edgo2834 forfeited.\n|\n|win|venidlosmoradores\n|raw|venidlosmoradores's rating: 1523 &rarr; <strong>1547<\/strong><br \/>(+24 for winning)\n|raw|Edgo2834's rating: 1593 &rarr; <strong>1569<\/strong><br \/>(-24 for losing)\n|l|\u2606Edgo2834\n","uploadtime":1699934199,"views":8,"p1id":"venidlosmoradores","p2id":"edgo2834","formatid":"gen9vgc2023regulatione","rating":1547,"private":0,"password":""}