{"id":"gen9vgc2023regulatione-1998333004","p1":"TeamSkyGruntMeli","p2":"haamgamer07","format":"[Gen 9] VGC 2023 Regulation E","log":"|j|\u2606TeamSkyGruntMeli\n|j|\u2606haamgamer07\n|t:|1700930542\n|gametype|doubles\n|player|p1|TeamSkyGruntMeli|169|1228\n|player|p2|haamgamer07|169|1296\n|teamsize|p1|6\n|teamsize|p2|6\n|gen|9\n|tier|[Gen 9] VGC 2023 Regulation E\n|rated|\n|rule|Species Clause: Limit one of each Pok\u00e9mon\n|rule|Item Clause: Limit one of each item\n|clearpoke\n|poke|p1|Ninetales, L50, F|\n|poke|p1|Scovillain, L50, M|\n|poke|p1|Ogerpon-Cornerstone, L50, F|\n|poke|p1|Tornadus, L50, M|\n|poke|p1|Heatran, L50, F|\n|poke|p1|Dragapult, L50, M|\n|poke|p2|Flutter Mane, L50|\n|poke|p2|Iron Hands, L50|\n|poke|p2|Ogerpon-Hearthflame, L50, F|\n|poke|p2|Cresselia, L50, F|\n|poke|p2|Ursaluna, L50, F|\n|poke|p2|Empoleon, L50, M|\n|teampreview|4\n|inactive|Battle timer is ON: inactive players will automatically lose when time's up. (requested by TeamSkyGruntMeli)\n|inactive|TeamSkyGruntMeli has 60 seconds left.\n|inactive|haamgamer07 has 60 seconds left.\n|inactive|haamgamer07 has 30 seconds left.\n|inactive|haamgamer07 has 20 seconds left.\n|inactive|haamgamer07 has 15 seconds left.\n|inactive|haamgamer07 has 10 seconds left.\n|\n|t:|1700930626\n|start\n|switch|p1a: Ninetales|Ninetales, L50, F|100\/100\n|switch|p1b: Scovillain|Scovillain, L50, M|100\/100\n|switch|p2a: Flutter Mane|Flutter Mane, L50|100\/100\n|switch|p2b: Empoleon|Empoleon, L50, M|100\/100\n|-weather|SunnyDay|[from] ability: Drought|[of] p1a: Ninetales\n|-activate|p2a: Flutter Mane|ability: Protosynthesis\n|-start|p2a: Flutter Mane|protosynthesisspa\n|turn|1\n|inactive|TeamSkyGruntMeli has 30 seconds left.\n|\n|t:|1700930654\n|move|p1b: Scovillain|Protect|p1b: Scovillain\n|-singleturn|p1b: Scovillain|Protect\n|move|p2a: Flutter Mane|Protect|p2a: Flutter Mane\n|-singleturn|p2a: Flutter Mane|Protect\n|move|p1a: Ninetales|Overheat|p2b: Empoleon\n|-damage|p2b: Empoleon|55\/100\n|-unboost|p1a: Ninetales|spa|2\n|-enditem|p1a: Ninetales|Eject Pack\n|\n|t:|1700930664\n|switch|p1a: Dragapult|Dragapult, L50, M|100\/100\n|move|p2b: Empoleon|Ice Beam|p1b: Scovillain\n|-activate|p1b: Scovillain|move: Protect\n|\n|-weather|SunnyDay|[upkeep]\n|upkeep\n|turn|2\n|inactive|haamgamer07 has 30 seconds left.\n|\n|t:|1700930691\n|-terastallize|p1a: Dragapult|Steel\n|move|p1b: Scovillain|Spicy Extract|p1a: Dragapult\n|-fail|p1a: Dragapult|unboost|[from] ability: Clear Body|[of] p1a: Dragapult\n|-boost|p1a: Dragapult|atk|2\n|move|p1a: Dragapult|Tera Blast|p2a: Flutter Mane|[anim] Tera Blast Steel\n|-supereffective|p2a: Flutter Mane\n|-enditem|p2a: Flutter Mane|Focus Sash\n|-damage|p2a: Flutter Mane|1\/100\n|move|p2b: Empoleon|Ice Beam|p1b: Scovillain\n|-damage|p1b: Scovillain|58\/100\n|move|p2a: Flutter Mane|Trick Room|p2a: Flutter Mane\n|-fieldstart|move: Trick Room|[of] p2a: Flutter Mane\n|\n|-weather|SunnyDay|[upkeep]\n|upkeep\n|turn|3\n|inactive|TeamSkyGruntMeli has 30 seconds left.\n|inactive|haamgamer07 has 30 seconds left.\n|\n|t:|1700930722\n|-terastallize|p2b: Empoleon|Flying\n|move|p1b: Scovillain|Rage Powder|p1b: Scovillain\n|-singleturn|p1b: Scovillain|move: Rage Powder\n|move|p2b: Empoleon|Tera Blast|p1b: Scovillain|[anim] Tera Blast Flying\n|-supereffective|p1b: Scovillain\n|-damage|p1b: Scovillain|0 fnt\n|faint|p1b: Scovillain\n|move|p2a: Flutter Mane|Shadow Ball|p1a: Dragapult\n|-damage|p1a: Dragapult|20\/100\n|move|p1a: Dragapult|Dragon Darts|p2b: Empoleon\n|-damage|p2b: Empoleon|11\/100\n|-anim|p1a: Dragapult|Dragon Darts|p2b: Empoleon\n|-damage|p2b: Empoleon|0 fnt\n|faint|p2b: Empoleon\n|\n|-weather|SunnyDay|[upkeep]\n|upkeep\n|\n|t:|1700930743\n|switch|p2b: Ursaluna|Ursaluna, L50, F|100\/100\n|switch|p1b: Ninetales|Ninetales, L50, F|100\/100\n|turn|4\n|inactive|TeamSkyGruntMeli has 30 seconds left.\n|inactive|TeamSkyGruntMeli has 20 seconds left.\n|inactive|TeamSkyGruntMeli has 15 seconds left.\n|\n|t:|1700930787\n|move|p2a: Flutter Mane|Protect|p2a: Flutter Mane\n|-singleturn|p2a: Flutter Mane|Protect\n|move|p2b: Ursaluna|Earthquake|p1b: Ninetales|[spread] p1a,p1b\n|-activate|p2a: Flutter Mane|move: Protect\n|-supereffective|p1a: Dragapult\n|-supereffective|p1b: Ninetales\n|-damage|p1a: Dragapult|0 fnt\n|-damage|p1b: Ninetales|0 fnt\n|faint|p1a: Dragapult\n|faint|p1b: Ninetales\n|\n|-weather|SunnyDay|[upkeep]\n|-status|p2b: Ursaluna|brn|[from] item: Flame Orb\n|upkeep\n|-message|TeamSkyGruntMeli forfeited.\n|\n|win|haamgamer07\n|raw|TeamSkyGruntMeli's rating: 1228 &rarr; <strong>1208<\/strong><br \/>(-20 for losing)\n|raw|haamgamer07's rating: 1296 &rarr; <strong>1316<\/strong><br \/>(+20 for winning)\n|l|\u2606TeamSkyGruntMeli\n","uploadtime":1700930801,"views":13,"p1id":"teamskygruntmeli","p2id":"haamgamer07","formatid":"gen9vgc2023regulatione","rating":1208,"private":0,"password":""}