{"id":"gen9vgc2023regulatione-1991601412","p1":"CryBabyMachine","p2":"Urshifu Hater","format":"[Gen 9] VGC 2023 Regulation E","log":"|j|\u2606CryBabyMachine\n|j|\u2606Urshifu Hater\n|t:|1700092918\n|gametype|doubles\n|player|p1|CryBabyMachine|clerkf|1296\n|player|p2|Urshifu Hater|psychic-gen4|1318\n|teamsize|p1|6\n|teamsize|p2|6\n|gen|9\n|tier|[Gen 9] VGC 2023 Regulation E\n|rated|\n|rule|Species Clause: Limit one of each Pok\u00e9mon\n|rule|Item Clause: Limit one of each item\n|clearpoke\n|poke|p1|Chi-Yu, L50|\n|poke|p1|Flutter Mane, L50|\n|poke|p1|Iron Bundle, L50|\n|poke|p1|Tornadus, L50, M|\n|poke|p1|Sneasler, L50, F|\n|poke|p1|Sinistcha-Masterpiece, L50|\n|poke|p2|Arcanine-Hisui, L50, M|\n|poke|p2|Chien-Pao, L50|\n|poke|p2|Rillaboom, L50, F|\n|poke|p2|Urshifu-*, L50, M|\n|poke|p2|Tyranitar, L50, M|\n|poke|p2|Flutter Mane, L50|\n|teampreview|4\n|inactive|Battle timer is ON: inactive players will automatically lose when time's up. (requested by Urshifu Hater)\n|inactive|CryBabyMachine has 60 seconds left.\n|inactive|Urshifu Hater has 60 seconds left.\n|\n|t:|1700092959\n|start\n|switch|p1a: Flutter Mane|Flutter Mane, L50|100\/100\n|switch|p1b: Iron Bundle|Iron Bundle, L50|100\/100\n|switch|p2a: Flutter Mane|Flutter Mane, L50|100\/100\n|switch|p2b: Arcanine|Arcanine-Hisui, L50, M|100\/100\n|-ability|p2b: Arcanine|Intimidate|boost\n|-unboost|p1a: Flutter Mane|atk|1\n|-unboost|p1b: Iron Bundle|atk|1\n|-enditem|p1b: Iron Bundle|Booster Energy\n|-activate|p1b: Iron Bundle|ability: Quark Drive|[fromitem]\n|-start|p1b: Iron Bundle|quarkdrivespe\n|-enditem|p2a: Flutter Mane|Booster Energy\n|-activate|p2a: Flutter Mane|ability: Protosynthesis|[fromitem]\n|-start|p2a: Flutter Mane|protosynthesisspe\n|turn|1\n|inactive|CryBabyMachine has 30 seconds left.\n|inactive|Urshifu Hater has 30 seconds left.\n|inactive|CryBabyMachine has 20 seconds left.\n|\n|t:|1700092995\n|-end|p1b: Iron Bundle|Quark Drive|[silent]\n|switch|p1b: Sinistcha|Sinistcha-Masterpiece, L50|100\/100\n|-terastallize|p1a: Flutter Mane|Fairy\n|move|p2a: Flutter Mane|Shadow Ball|p1a: Flutter Mane\n|-crit|p1a: Flutter Mane\n|-damage|p1a: Flutter Mane|33\/100\n|move|p1a: Flutter Mane|Shadow Ball|p2a: Flutter Mane\n|-supereffective|p2a: Flutter Mane\n|-damage|p2a: Flutter Mane|0 fnt\n|faint|p2a: Flutter Mane\n|-end|p2a: Flutter Mane|Protosynthesis|[silent]\n|move|p2b: Arcanine|Rock Slide|p1b: Sinistcha|[spread] p1b\n|-miss|p2b: Arcanine|p1a: Flutter Mane\n|-damage|p1b: Sinistcha|63\/100\n|\n|upkeep\n|\n|t:|1700093012\n|switch|p2a: Tyranitar|Tyranitar, L50, M|100\/100\n|-weather|Sandstorm|[from] ability: Sand Stream|[of] p2a: Tyranitar\n|turn|2\n|\n|t:|1700093027\n|-end|p1a: Flutter Mane|Protosynthesis|[silent]\n|switch|p1a: Iron Bundle|Iron Bundle, L50|100\/100\n|move|p2b: Arcanine|Rock Slide|p1b: Sinistcha|[spread] p1a\n|-miss|p2b: Arcanine|p1b: Sinistcha\n|-supereffective|p1a: Iron Bundle\n|-damage|p1a: Iron Bundle|7\/100\n|move|p2a: Tyranitar|Knock Off|p1b: Sinistcha\n|-supereffective|p1b: Sinistcha\n|-damage|p1b: Sinistcha|0 fnt\n|-enditem|p1b: Sinistcha|Focus Sash|[from] move: Knock Off|[of] p2a: Tyranitar\n|faint|p1b: Sinistcha\n|\n|-weather|Sandstorm|[upkeep]\n|-damage|p1a: Iron Bundle|1\/100|[from] Sandstorm\n|upkeep\n|\n|t:|1700093042\n|switch|p1b: Flutter Mane|Flutter Mane, L50, tera:Fairy|33\/100\n|turn|3\n|\n|t:|1700093051\n|move|p1a: Iron Bundle|Hydro Pump|p2b: Arcanine\n|-supereffective|p2b: Arcanine\n|-damage|p2b: Arcanine|0 fnt\n|faint|p2b: Arcanine\n|move|p1b: Flutter Mane|Moonblast|p2a: Tyranitar\n|-supereffective|p2a: Tyranitar\n|-damage|p2a: Tyranitar|25\/100\n|move|p2a: Tyranitar|Rock Slide|p1b: Flutter Mane|[spread] p1a,p1b\n|-supereffective|p1a: Iron Bundle\n|-damage|p1a: Iron Bundle|0 fnt\n|-damage|p1b: Flutter Mane|0 fnt\n|faint|p1a: Iron Bundle\n|-end|p1a: Iron Bundle|Quark Drive|[silent]\n|faint|p1b: Flutter Mane\n|-end|p1b: Flutter Mane|Protosynthesis|[silent]\n|\n|-weather|Sandstorm|[upkeep]\n|upkeep\n|\n|t:|1700093060\n|switch|p1b: Chi-Yu|Chi-Yu, L50|100\/100\n|switch|p2b: Chien-Pao|Chien-Pao, L50|100\/100\n|-ability|p1b: Chi-Yu|Beads of Ruin\n|-ability|p2b: Chien-Pao|Sword of Ruin\n|turn|4\n|\n|t:|1700093066\n|move|p2b: Chien-Pao|Protect|p2b: Chien-Pao\n|-singleturn|p2b: Chien-Pao|Protect\n|move|p1b: Chi-Yu|Heat Wave|p2b: Chien-Pao|[spread] p2a\n|-activate|p2b: Chien-Pao|move: Protect\n|-resisted|p2a: Tyranitar\n|-damage|p2a: Tyranitar|16\/100\n|move|p2a: Tyranitar|Rock Slide|p1b: Chi-Yu\n|-supereffective|p1b: Chi-Yu\n|-damage|p1b: Chi-Yu|0 fnt\n|faint|p1b: Chi-Yu\n|\n|win|Urshifu Hater\n|raw|CryBabyMachine's rating: 1296 &rarr; <strong>1273<\/strong><br \/>(-23 for losing)\n|raw|Urshifu Hater's rating: 1318 &rarr; <strong>1337<\/strong><br \/>(+19 for winning)\n|l|\u2606CryBabyMachine\n","uploadtime":1700093094,"views":7,"p1id":"crybabymachine","p2id":"urshifuhater","formatid":"gen9vgc2023regulatione","rating":1273,"private":0,"password":""}