{"id":"gen9vgc2023regulatione-1996036959","p1":"An0nymoose","p2":"ZionLJ07","format":"[Gen 9] VGC 2023 Regulation E","log":"|j|\u2606An0nymoose\n|j|\u2606ZionLJ07\n|t:|1700633198\n|gametype|doubles\n|player|p1|An0nymoose|170|1081\n|player|p2|ZionLJ07|sisandbro|1140\n|teamsize|p1|6\n|teamsize|p2|6\n|gen|9\n|tier|[Gen 9] VGC 2023 Regulation E\n|rated|\n|rule|Species Clause: Limit one of each Pok\u00e9mon\n|rule|Item Clause: Limit one of each item\n|clearpoke\n|poke|p1|Enamorus, L50, F|\n|poke|p1|Kommo-o, L50, F|\n|poke|p1|Grafaiai, L50, M|\n|poke|p1|Urshifu-*, L50, F|\n|poke|p1|Tornadus, L50, M|\n|poke|p1|Iron Bundle, L50|\n|poke|p2|Torkoal, L50, F|\n|poke|p2|Maushold, L50|\n|poke|p2|Bruxish, L50, M|\n|poke|p2|Urshifu-*, L50, M|\n|poke|p2|Cresselia, L50, F|\n|poke|p2|Ursaluna, L50, F|\n|teampreview|4\n|inactive|Battle timer is ON: inactive players will automatically lose when time's up. (requested by An0nymoose)\n|inactive|An0nymoose has 60 seconds left.\n|\n|t:|1700633231\n|start\n|switch|p1a: Grafaiai|Grafaiai, L50, M|100\/100\n|switch|p1b: Enamorus|Enamorus, L50, F|100\/100\n|switch|p2a: Bruxish|Bruxish, L50, M|100\/100\n|switch|p2b: Maushold|Maushold, L50|100\/100\n|turn|1\n|inactive|An0nymoose has 30 seconds left.\n|\n|t:|1700633258\n|move|p2b: Maushold|Follow Me|p2b: Maushold\n|-singleturn|p2b: Maushold|move: Follow Me\n|move|p1a: Grafaiai|Scary Face||[still]\n|cant|p2a: Bruxish|ability: Dazzling|Scary Face|[of] p1a: Grafaiai\n|move|p1b: Enamorus|Superpower|p2b: Maushold\n|-supereffective|p2b: Maushold\n|-damage|p2b: Maushold|0 fnt\n|-boost|p1b: Enamorus|atk|1\n|-boost|p1b: Enamorus|def|1\n|faint|p2b: Maushold\n|move|p2a: Bruxish|Trick Room|p2a: Bruxish\n|-fieldstart|move: Trick Room|[of] p2a: Bruxish\n|\n|upkeep\n|\n|t:|1700633270\n|switch|p2b: Torkoal|Torkoal, L50, F|100\/100\n|-weather|SunnyDay|[from] ability: Drought|[of] p2b: Torkoal\n|turn|2\n|inactive|An0nymoose has 30 seconds left.\n|\n|t:|1700633301\n|-terastallize|p2b: Torkoal|Fire\n|-terastallize|p1b: Enamorus|Ground\n|move|p2a: Bruxish|Aqua Jet|p2b: Torkoal\n|-supereffective|p2b: Torkoal\n|-damage|p2b: Torkoal|89\/100\n|-enditem|p2b: Torkoal|Weakness Policy\n|-boost|p2b: Torkoal|atk|2|[from] item: Weakness Policy\n|-boost|p2b: Torkoal|spa|2|[from] item: Weakness Policy\n|move|p2b: Torkoal|Eruption|p1b: Enamorus|[spread] p1a,p1b\n|-damage|p1a: Grafaiai|0 fnt\n|-damage|p1b: Enamorus|0 fnt\n|faint|p1a: Grafaiai\n|faint|p1b: Enamorus\n|\n|-weather|SunnyDay|[upkeep]\n|upkeep\n|\n|t:|1700633317\n|switch|p1b: Iron Bundle|Iron Bundle, L50|100\/100\n|switch|p1a: Urshifu|Urshifu-Rapid-Strike, L50, F|100\/100\n|-enditem|p1b: Iron Bundle|Booster Energy\n|-activate|p1b: Iron Bundle|ability: Quark Drive|[fromitem]\n|-start|p1b: Iron Bundle|quarkdrivespe\n|turn|3\n|\n|t:|1700633334\n|move|p2b: Torkoal|Eruption|p1a: Urshifu|[spread] p1a,p1b\n|-resisted|p1a: Urshifu\n|-damage|p1a: Urshifu|0 fnt\n|-damage|p1b: Iron Bundle|0 fnt\n|faint|p1a: Urshifu\n|faint|p1b: Iron Bundle\n|-end|p1b: Iron Bundle|Quark Drive|[silent]\n|\n|win|ZionLJ07\n|raw|An0nymoose's rating: 1081 &rarr; <strong>1063<\/strong><br \/>(-18 for losing)\n|raw|ZionLJ07's rating: 1140 &rarr; <strong>1161<\/strong><br \/>(+21 for winning)\n|l|\u2606An0nymoose\n","uploadtime":1700633359,"views":11,"p1id":"an0nymoose","p2id":"zionlj07","formatid":"gen9vgc2023regulatione","rating":1063,"private":0,"password":""}