{"id":"gen9vgc2023regulatione-1989414285","p1":"Live WC Reaction","p2":"Auraen","format":"[Gen 9] VGC 2023 Regulation E","log":"|j|\u2606Live WC Reaction\n|j|\u2606Auraen\n|t:|1699847169\n|gametype|doubles\n|player|p1|Live WC Reaction|lady-gen4|1596\n|player|p2|Auraen|plumeria|1665\n|teamsize|p1|6\n|teamsize|p2|6\n|gen|9\n|tier|[Gen 9] VGC 2023 Regulation E\n|rated|\n|rule|Species Clause: Limit one of each Pok\u00e9mon\n|rule|Item Clause: Limit one of each item\n|clearpoke\n|poke|p1|Flutter Mane, L50|\n|poke|p1|Iron Hands, L50|\n|poke|p1|Ogerpon, L50, F|\n|poke|p1|Arcanine-Hisui, L50, M|\n|poke|p1|Urshifu-*, L50, F|\n|poke|p1|Tornadus, L50, M|\n|poke|p2|Heatran, L50, M|\n|poke|p2|Ursaluna-Bloodmoon, L50, M|\n|poke|p2|Tornadus, L50, M|\n|poke|p2|Urshifu-*, L50, F|\n|poke|p2|Spectrier, L50|\n|poke|p2|Toxtricity, L50, F|\n|teampreview|4\nLive WC Reaction has agreed to open team sheets.\n|j| PcistaMasterRace\n|\n|t:|1699847210\n|start\n|switch|p1a: Urshifu|Urshifu-Rapid-Strike, L50, F|100\/100\n|switch|p1b: Ogerpon|Ogerpon, L50, F|100\/100\n|switch|p2a: Ursaluna|Ursaluna-Bloodmoon, L50, M|100\/100\n|switch|p2b: Tornadus|Tornadus, L50, M|100\/100\n|turn|1\n|\n|t:|1699847226\n|-terastallize|p1a: Urshifu|Water\n|-terastallize|p2a: Ursaluna|Fairy\n|move|p2b: Tornadus|Tailwind|p2b: Tornadus\n|-sidestart|p2: Auraen|move: Tailwind\n|move|p2a: Ursaluna|Blood Moon|p1a: Urshifu\n|-damage|p1a: Urshifu|0 fnt\n|faint|p1a: Urshifu\n|move|p1b: Ogerpon|Ivy Cudgel|p2a: Ursaluna\n|-damage|p2a: Ursaluna|49\/100\n|-damage|p1b: Ogerpon|91\/100|[from] item: Life Orb\n|\n|upkeep\n|\n|t:|1699847237\n|switch|p1a: Flutter Mane|Flutter Mane, L50|100\/100\n|-enditem|p1a: Flutter Mane|Booster Energy\n|-activate|p1a: Flutter Mane|ability: Protosynthesis|[fromitem]\n|-start|p1a: Flutter Mane|protosynthesisspa\n|turn|2\n|\n|t:|1699847244\n|move|p2b: Tornadus|Bleakwind Storm|p1b: Ogerpon|[spread] p1a,p1b\n|-crit|p1a: Flutter Mane\n|-supereffective|p1b: Ogerpon\n|-damage|p1a: Flutter Mane|55\/100\n|-damage|p1b: Ogerpon|19\/100\n|-unboost|p1a: Flutter Mane|spe|1\n|move|p2a: Ursaluna|Moonblast|p1b: Ogerpon\n|-damage|p1b: Ogerpon|0 fnt\n|faint|p1b: Ogerpon\n|move|p1a: Flutter Mane|Moonblast|p2b: Tornadus\n|-crit|p2b: Tornadus\n|-damage|p2b: Tornadus|0 fnt\n|faint|p2b: Tornadus\n|\n|upkeep\n|\n|t:|1699847256\n|switch|p1b: Iron Hands|Iron Hands, L50|100\/100\n|switch|p2b: Spectrier|Spectrier, L50|100\/100\n|turn|3\n|\n|t:|1699847269\n|move|p1a: Flutter Mane|Protect|p1a: Flutter Mane\n|-singleturn|p1a: Flutter Mane|Protect\n|move|p2b: Spectrier|Shadow Ball|p1a: Flutter Mane\n|-activate|p1a: Flutter Mane|move: Protect\n|move|p2a: Ursaluna|Moonblast|p1b: Iron Hands\n|-supereffective|p1b: Iron Hands\n|-crit|p1b: Iron Hands\n|-damage|p1b: Iron Hands|4\/100\n|move|p1b: Iron Hands|Heavy Slam|p2a: Ursaluna\n|-supereffective|p2a: Ursaluna\n|-damage|p2a: Ursaluna|26\/100\n|\n|upkeep\n|turn|4\n|-message|Live WC Reaction forfeited.\n|\n|win|Auraen\n|raw|Live WC Reaction's rating: 1596 &rarr; <strong>1580<\/strong><br \/>(-16 for losing)\n|raw|Auraen's rating: 1665 &rarr; <strong>1681<\/strong><br \/>(+16 for winning)\n|l|\u2606Live WC Reaction\n|l|\u2606Auraen\n","uploadtime":1699847645,"views":21,"p1id":"livewcreaction","p2id":"auraen","formatid":"gen9vgc2023regulatione","rating":1580,"private":0,"password":""}