{"id":"gen9vgc2023regulatione-1992665048","p1":"Henzai","p2":"vgbnomkjhugvbhnjk","format":"[Gen 9] VGC 2023 Regulation E","log":"|j|\u2606Henzai\n|j|\u2606vgbnomkjhugvbhnjk\n|t:|1700222444\n|gametype|doubles\n|player|p1|Henzai|allister|1068\n|player|p2|vgbnomkjhugvbhnjk|101|1037\n|teamsize|p1|6\n|teamsize|p2|6\n|gen|9\n|tier|[Gen 9] VGC 2023 Regulation E\n|rated|\n|rule|Species Clause: Limit one of each Pok\u00e9mon\n|rule|Item Clause: Limit one of each item\n|clearpoke\n|poke|p1|Gothitelle, L50, M|\n|poke|p1|Urshifu-*, L50, M|\n|poke|p1|Arcanine-Hisui, L50, M|\n|poke|p1|Flutter Mane, L50|\n|poke|p1|Ogerpon-Wellspring, L50, F|\n|poke|p1|Tornadus, L50, M|\n|poke|p2|Arcanine, L50, F|\n|poke|p2|Roaring Moon, L50|\n|poke|p2|Iron Hands, L50|\n|poke|p2|Ogerpon-Cornerstone, L50, F|\n|poke|p2|Gastrodon-East, L50, M|\n|poke|p2|Spectrier, L50|\n|teampreview|4\nHenzai rejected open team sheets.\n|inactive|Battle timer is ON: inactive players will automatically lose when time's up. (requested by vgbnomkjhugvbhnjk)\n|\n|t:|1700222485\n|start\n|switch|p1a: Gothitelle|Gothitelle, L50, M|100\/100\n|switch|p1b: Urshifu|Urshifu-Rapid-Strike, L50, M|100\/100\n|switch|p2a: Arcanine|Arcanine, L50, F|100\/100\n|switch|p2b: Iron Hands|Iron Hands, L50, shiny|100\/100\n|-ability|p2a: Arcanine|Intimidate|boost\n|-unboost|p1a: Gothitelle|atk|1\n|-unboost|p1b: Urshifu|atk|1\n|turn|1\n|inactive|Henzai has 30 seconds left.\n|inactive|vgbnomkjhugvbhnjk has 30 seconds left.\n|inactive|vgbnomkjhugvbhnjk has 20 seconds left.\n|\n|t:|1700222523\n|move|p1a: Gothitelle|Fake Out|p2b: Iron Hands\n|-damage|p2b: Iron Hands|98\/100\n|cant|p2b: Iron Hands|flinch\n|move|p1b: Urshifu|Surging Strikes|p2a: Arcanine\n|-supereffective|p2a: Arcanine\n|-crit|p2a: Arcanine\n|-damage|p2a: Arcanine|45\/100\n|-supereffective|p2a: Arcanine\n|-crit|p2a: Arcanine\n|-damage|p2a: Arcanine|0 fnt\n|faint|p2a: Arcanine\n|-hitcount|p2: Arcanine|2\n|\n|upkeep\n|-message|vgbnomkjhugvbhnjk forfeited.\n|\n|win|Henzai\n|raw|Henzai's rating: 1068 &rarr; <strong>1095<\/strong><br \/>(+27 for winning)\n|raw|vgbnomkjhugvbhnjk's rating: 1037 &rarr; <strong>1023<\/strong><br \/>(-14 for losing)\n|l|\u2606vgbnomkjhugvbhnjk\n","uploadtime":1700222542,"views":9,"p1id":"henzai","p2id":"vgbnomkjhugvbhnjk","formatid":"gen9vgc2023regulatione","rating":1023,"private":0,"password":""}