{"id":"gen9vgc2023regulatione-1994976386","p1":"AnnaWott","p2":"secretstudent","format":"[Gen 9] VGC 2023 Regulation E","log":"|j|\u2606AnnaWott\n|j|\u2606secretstudent\n|t:|1700509725\n|gametype|doubles\n|player|p1|AnnaWott|skyla|1000\n|player|p2|secretstudent|beauty|1041\n|teamsize|p1|6\n|teamsize|p2|6\n|gen|9\n|tier|[Gen 9] VGC 2023 Regulation E\n|rated|\n|rule|Species Clause: Limit one of each Pok\u00e9mon\n|rule|Item Clause: Limit one of each item\n|clearpoke\n|poke|p1|Arcanine-Hisui, L50, M|\n|poke|p1|Ogerpon, L50, F|\n|poke|p1|Gholdengo, L50|\n|poke|p1|Iron Hands, L50|\n|poke|p1|Florges-White, L50, F|\n|poke|p1|Milotic, L50, F|\n|poke|p2|Chien-Pao, L50|\n|poke|p2|Amoonguss, L50, F|\n|poke|p2|Hatterene, L50, F|\n|poke|p2|Gyarados, L50, M|\n|poke|p2|Volcarona, L50, M|\n|poke|p2|Ogerpon, L50, F|\n|teampreview|4\n|\n|t:|1700509763\n|start\n|switch|p1a: Ogerpon|Ogerpon, L50, F|100\/100\n|switch|p1b: Arcanine|Arcanine-Hisui, L50, M|100\/100\n|switch|p2a: Hatterene|Hatterene, L50, F|100\/100\n|switch|p2b: Volcarona|Volcarona, L50, M|100\/100\n|-ability|p1b: Arcanine|Intimidate|boost\n|-unboost|p2a: Hatterene|atk|1\n|-unboost|p2b: Volcarona|atk|1\n|turn|1\n|\n|t:|1700509787\n|switch|p2b: Ogerpon|Ogerpon, L50, F|100\/100\n|move|p1a: Ogerpon|Spiky Shield|p1a: Ogerpon\n|-singleturn|p1a: Ogerpon|move: Protect\n|move|p1b: Arcanine|Rock Slide|p2b: Ogerpon|[spread] p2a,p2b\n|-damage|p2a: Hatterene|50\/100\n|-damage|p2b: Ogerpon|38\/100\n|move|p2a: Hatterene|Trick Room|p2a: Hatterene\n|-fieldstart|move: Trick Room|[of] p2a: Hatterene\n|\n|upkeep\n|turn|2\n|\n|t:|1700509812\n|move|p2a: Hatterene|Psychic|p1a: Ogerpon\n|-damage|p1a: Ogerpon|35\/100\n|move|p1b: Arcanine|Rock Slide|p2b: Ogerpon|[spread] p2a,p2b\n|-damage|p2a: Hatterene|2\/100\n|-damage|p2b: Ogerpon|0 fnt\n|faint|p2b: Ogerpon\n|move|p1a: Ogerpon|Swords Dance|p1a: Ogerpon\n|-boost|p1a: Ogerpon|atk|2\n|\n|upkeep\n|\n|t:|1700509830\n|switch|p2b: Volcarona|Volcarona, L50, M|100\/100\n|turn|3\n|\n|t:|1700509848\n|move|p2a: Hatterene|Protect|p2a: Hatterene\n|-singleturn|p2a: Hatterene|Protect\n|move|p1a: Ogerpon|Spiky Shield|p1a: Ogerpon\n|-singleturn|p1a: Ogerpon|move: Protect\n|move|p2b: Volcarona|Heat Wave|p1b: Arcanine|[spread] p1b\n|-activate|p1a: Ogerpon|move: Protect\n|-resisted|p1b: Arcanine\n|-damage|p1b: Arcanine|90\/100\n|move|p1b: Arcanine|Rock Slide|p2b: Volcarona|[spread] p2b\n|-activate|p2a: Hatterene|move: Protect\n|-supereffective|p2b: Volcarona\n|-damage|p2b: Volcarona|0 fnt\n|faint|p2b: Volcarona\n|\n|upkeep\n|\n|t:|1700509856\n|switch|p2b: Chien-Pao|Chien-Pao, L50|100\/100\n|-ability|p2b: Chien-Pao|Sword of Ruin\n|turn|4\n|c|\u2606secretstudent|gg\n|-message|secretstudent forfeited.\n|\n|win|AnnaWott\n|raw|AnnaWott's rating: 1000 &rarr; <strong>1045<\/strong><br \/>(+45 for winning)\n|raw|secretstudent's rating: 1041 &rarr; <strong>1023<\/strong><br \/>(-18 for losing)\n","uploadtime":1700509866,"views":2,"p1id":"annawott","p2id":"secretstudent","formatid":"gen9vgc2023regulatione","rating":1023,"private":0,"password":""}