{"id":"gen9vgc2023regulatione-1989665940","p1":"TapedCrusader","p2":"potato87","format":"[Gen 9] VGC 2023 Regulation E","log":"|j|\u2606TapedCrusader\n|j|\u2606potato87\n|t:|1699884836\n|gametype|doubles\n|player|p1|TapedCrusader|blue|1322\n|player|p2|potato87|roughneck|1273\n|teamsize|p1|6\n|teamsize|p2|6\n|gen|9\n|tier|[Gen 9] VGC 2023 Regulation E\n|rated|\n|rule|Species Clause: Limit one of each Pok\u00e9mon\n|rule|Item Clause: Limit one of each item\n|clearpoke\n|poke|p1|Oranguru, L50, F|\n|poke|p1|Ursaluna-Bloodmoon, L50, M|\n|poke|p1|Iron Hands, L50|\n|poke|p1|Chandelure, L50, M|\n|poke|p1|Rillaboom, L50, M|\n|poke|p1|Ogerpon-Cornerstone, L50, F|\n|poke|p2|Urshifu-*, L50, M|\n|poke|p2|Chien-Pao, L50|\n|poke|p2|Sinistcha, L50|\n|poke|p2|Cresselia, L50, F|\n|poke|p2|Ursaluna-Bloodmoon, L50, M|\n|poke|p2|Chi-Yu, L50|\n|teampreview|4\n|inactive|Battle timer is ON: inactive players will automatically lose when time's up. (requested by potato87)\n|\n|t:|1699884866\n|start\n|switch|p1a: Rillaboom|Rillaboom, L50, M|100\/100\n|switch|p1b: Ogerpon|Ogerpon-Cornerstone, L50, F|100\/100\n|switch|p2a: Cresselia|Cresselia, L50, F|100\/100\n|switch|p2b: Ursaluna|Ursaluna-Bloodmoon, L50, M|100\/100\n|-fieldstart|move: Grassy Terrain|[from] ability: Grassy Surge|[of] p1a: Rillaboom\n|turn|1\n|\n|t:|1699884886\n|move|p2b: Ursaluna|Protect|p2b: Ursaluna\n|-singleturn|p2b: Ursaluna|Protect\n|move|p1a: Rillaboom|Fake Out|p2a: Cresselia\n|-damage|p2a: Cresselia|91\/100\n|move|p1b: Ogerpon|Grassy Glide|p2b: Ursaluna\n|-activate|p2b: Ursaluna|move: Protect\n|cant|p2a: Cresselia|flinch\n|\n|upkeep\n|turn|2\n|\n|t:|1699884909\n|switch|p2b: Chi-Yu|Chi-Yu, L50|100\/100\n|-ability|p2b: Chi-Yu|Beads of Ruin\n|-terastallize|p1a: Rillaboom|Grass\n|move|p1b: Ogerpon|Ivy Cudgel|p2b: Chi-Yu\n|-supereffective|p2b: Chi-Yu\n|-damage|p2b: Chi-Yu|0 fnt\n|faint|p2b: Chi-Yu\n|move|p2a: Cresselia|Psychic|p1a: Rillaboom\n|-damage|p1a: Rillaboom|72\/100\n|move|p1a: Rillaboom|Wood Hammer|p2a: Cresselia\n|-damage|p2a: Cresselia|1\/100\n|-damage|p1a: Rillaboom|40\/100|[from] Recoil\n|\n|-heal|p1a: Rillaboom|46\/100|[from] Grassy Terrain\n|upkeep\n|\n|t:|1699884922\n|switch|p2b: Ursaluna|Ursaluna-Bloodmoon, L50, M|100\/100\n|turn|3\n|\n|t:|1699884937\n|move|p1b: Ogerpon|Grassy Glide|p2a: Cresselia\n|-damage|p2a: Cresselia|0 fnt\n|faint|p2a: Cresselia\n|move|p1a: Rillaboom|Wood Hammer|p2b: Ursaluna\n|-supereffective|p2b: Ursaluna\n|-damage|p2b: Ursaluna|0 fnt\n|faint|p2b: Ursaluna\n|-damage|p1a: Rillaboom|12\/100|[from] Recoil\n|\n|-heal|p1a: Rillaboom|17\/100|[from] Grassy Terrain\n|upkeep\n|\n|t:|1699884948\n|switch|p2b: Urshifu|Urshifu-Rapid-Strike, L50, M|100\/100\n|turn|4\n|\n|t:|1699884953\n|move|p1b: Ogerpon|Grassy Glide|p2b: Urshifu\n|-supereffective|p2b: Urshifu\n|-damage|p2b: Urshifu|23\/100\n|move|p1a: Rillaboom|Grassy Glide|p2b: Urshifu\n|-supereffective|p2b: Urshifu\n|-damage|p2b: Urshifu|0 fnt\n|faint|p2b: Urshifu\n|\n|win|TapedCrusader\n|raw|TapedCrusader's rating: 1322 &rarr; <strong>1339<\/strong><br \/>(+17 for winning)\n|raw|potato87's rating: 1273 &rarr; <strong>1252<\/strong><br \/>(-21 for losing)\n|l|\u2606potato87\n","uploadtime":1699884973,"views":28,"p1id":"tapedcrusader","p2id":"potato87","formatid":"gen9vgc2023regulatione","rating":1252,"private":0,"password":""}