{"id":"gen9vgc2023regulatione-1995256817","p1":"smolikansl","p2":"Ransei Is Ugly","format":"[Gen 9] VGC 2023 Regulation E","log":"|j|\u2606smolikansl\n|j|\u2606Ransei Is Ugly\n|n|\u2606smolikansl|smolikansl\n|n|\u2606Ransei Is Ugly|ranseiisugly\n|html|View the match progress at <a href=\"\/game-bestof3-gen9vgc2023regulatione-1995255431\">game-bestof3-gen9vgc2023regulatione-1995255431<\/a>\n|t:|1700542158\n|gametype|doubles\n|player|p1|smolikansl|steven|\n|player|p2|Ransei Is Ugly|hilbert-wonderlauncher|\n|teamsize|p1|6\n|teamsize|p2|4\n|gen|9\n|tier|[Gen 9] VGC 2023 Regulation E\n|rated|Tournament battle\n|rule|Species Clause: Limit one of each Pok\u00e9mon\n|rule|Item Clause: Limit one of each item\n|clearpoke\n|poke|p1|Moltres-Galar, L50|\n|poke|p1|Urshifu-*, L50, F|\n|poke|p1|Flamigo, L50, M|\n|poke|p1|Tauros-Paldea-Aqua, L50, M|\n|poke|p1|Farigiraf, L50, M|\n|poke|p1|Dragapult, L50, M|\n|poke|p2|Alomomola, L50, M|\n|poke|p2|Abomasnow, L50, M|\n|poke|p2|Ambipom, L50, M|\n|poke|p2|Altaria, L50, M|\n|teampreview|4\n|showteam|p1|Moltres-Galar||PowerHerb|Berserk|DarkPulse,FieryWrath,SkyAttack,AncientPower||||||50|,,,,,Ground]Urshifu-Rapid-Strike||AssaultVest|UnseenFist|SurgingStrikes,Uturn,AuraSphere,BodyPress|||F|||50|,,,,,Ground]Flamigo||HeavyDutyBoots|TangledFeet|Liquidation,WideGuard,ChillingWater,CloseCombat|||M|||50|,,,,,Ground]Tauros-Paldea-Aqua||AguavBerry|CudChew|Earthquake,DrillRun,HighHorsepower,RagingBull|||M|||50|,,,,,Ground]Farigiraf||IapapaBerry|CudChew|Substitute,DazzlingGleam,Earthquake,ZenHeadbutt|||M|||50|,,,,,Fairy]Dragapult||FigyBerry|CursedBody|ConfuseRay,Acrobatics,DragonDarts,Facade|||M|||50|,,,,,Dragon\n|showteam|p2|Alomomola||ChoiceBand|Healer|Acrobatics|||M|||50|,,,,,Water]Abomasnow|||SnowWarning|AuroraVeil|||M|||50|,,,,,Grass]Ambipom|||Technician|AerialAce|||M|||50|,,,,,Normal]Altaria|||NaturalCure|Acrobatics|||M|||50|,,,,,Dragon\n|inactive|Battle timer is ON: inactive players will automatically lose when time's up. (requested by smolikansl)\n|c|\u2606smolikansl|glhf\n|inactive|Ransei Is Ugly has 60 seconds left.\n|c|\u2606smolikansl|i hate you\n|j| vgc bought slaking\n|c|\u2606smolikansl|HURRRY\n|inactive|Ransei Is Ugly has 30 seconds left.\n|inactive|Ransei Is Ugly has 20 seconds left.\n|inactive|Ransei Is Ugly has 15 seconds left.\n|inactive|Ransei Is Ugly has 10 seconds left.\n|\n|t:|1700542240\n|start\n|switch|p1a: Moltres-Kanto|Moltres-Galar, L50, shiny|100\/100\n|switch|p1b: Urshifu|Urshifu-Rapid-Strike, L50, F|100\/100\n|switch|p2a: Alomomola|Alomomola, L50, M|100\/100\n|switch|p2b: Abomasnow|Abomasnow, L50, M|100\/100\n|-weather|Snow|[from] ability: Snow Warning|[of] p2b: Abomasnow\n|turn|1\n|\n|t:|1700542260\n|-terastallize|p2a: Alomomola|Water\n|move|p1b: Urshifu|Surging Strikes|p2b: Abomasnow\n|-resisted|p2b: Abomasnow\n|-crit|p2b: Abomasnow\n|-damage|p2b: Abomasnow|93\/100\n|-resisted|p2b: Abomasnow\n|-crit|p2b: Abomasnow\n|-damage|p2b: Abomasnow|86\/100\n|-resisted|p2b: Abomasnow\n|-crit|p2b: Abomasnow\n|-damage|p2b: Abomasnow|79\/100\n|-hitcount|p2b: Abomasnow|3\n|move|p1a: Moltres-Kanto|Sky Attack||[still]\n|-prepare|p1a: Moltres-Kanto|Sky Attack\n|-enditem|p1a: Moltres-Kanto|Power Herb\n|-anim|p1a: Moltres-Kanto|Sky Attack|p2b: Abomasnow\n|-supereffective|p2b: Abomasnow\n|-damage|p2b: Abomasnow|0 fnt\n|faint|p2b: Abomasnow\n|move|p2a: Alomomola|Acrobatics|p1b: Urshifu\n|-supereffective|p1b: Urshifu\n|-damage|p1b: Urshifu|74\/100\n|\n|-weather|Snow|[upkeep]\n|upkeep\n|inactive|Ransei Is Ugly has 30 seconds left.\n|inactive|Ransei Is Ugly has 20 seconds left.\n|\n|t:|1700542300\n|switch|p2b: Altaria|Altaria, L50, M|100\/100\n|turn|2\n|c|\u2606smolikansl|I HAVE SCHOOL SOON\n|inactive|Ransei Is Ugly has 30 seconds left.\n|inactive|Ransei Is Ugly has 20 seconds left.\n|inactive|Ransei Is Ugly has 15 seconds left.\n|inactive|Ransei Is Ugly has 10 seconds left.\n|\n|t:|1700542346\n|move|p1b: Urshifu|U-turn|p2a: Alomomola\n|-damage|p2a: Alomomola|86\/100\n|\n|t:|1700542350\n|switch|p1b: Farigiraf|Farigiraf, L50, M|100\/100|[from] U-turn\n|move|p1a: Moltres-Kanto|Ancient Power|p2b: Altaria\n|-supereffective|p2b: Altaria\n|-damage|p2b: Altaria|59\/100\n|move|p2b: Altaria|Acrobatics|p1b: Farigiraf\n|-damage|p1b: Farigiraf|70\/100\n|move|p2a: Alomomola|Acrobatics|p1b: Farigiraf\n|-damage|p1b: Farigiraf|55\/100\n|\n|-weather|Snow|[upkeep]\n|upkeep\n|turn|3\n|inactive|Ransei Is Ugly has 30 seconds left.\n|inactive|Ransei Is Ugly has 20 seconds left.\n|inactive|Ransei Is Ugly has 15 seconds left.\n|inactive|Ransei Is Ugly has 10 seconds left.\n|inactive|Ransei Is Ugly has 5 seconds left.\n|\n|t:|1700542402\n|move|p1a: Moltres-Kanto|Ancient Power|p2b: Altaria\n|-supereffective|p2b: Altaria\n|-damage|p2b: Altaria|15\/100\n|move|p2b: Altaria|Acrobatics|p1b: Farigiraf\n|-damage|p1b: Farigiraf|25\/100\n|-enditem|p1b: Farigiraf|Iapapa Berry|[eat]\n|-heal|p1b: Farigiraf|58\/100|[from] item: Iapapa Berry\n|move|p2a: Alomomola|Acrobatics|p1b: Farigiraf\n|-damage|p1b: Farigiraf|41\/100\n|move|p1b: Farigiraf|Dazzling Gleam|p2a: Alomomola|[spread] p2a,p2b\n|-supereffective|p2b: Altaria\n|-damage|p2a: Alomomola|67\/100\n|-damage|p2b: Altaria|0 fnt\n|faint|p2b: Altaria\n|\n|-weather|Snow|[upkeep]\n|upkeep\n|\n|t:|1700542419\n|switch|p2b: Ambipom|Ambipom, L50, M|100\/100\n|turn|4\n|inactive|Ransei Is Ugly has 30 seconds left.\n|inactive|Ransei Is Ugly has 20 seconds left.\n|inactive|Ransei Is Ugly has 15 seconds left.\n|inactive|Ransei Is Ugly has 10 seconds left.\n|n|!smolikansl|smolikansl\n|inactive|Ransei Is Ugly has 5 seconds left.\n|\n|t:|1700542474\n|move|p1a: Moltres-Kanto|Fiery Wrath|p2b: Ambipom|[spread] p2a,p2b\n|-damage|p2a: Alomomola|25\/100\n|-damage|p2b: Ambipom|50\/100\n|move|p2b: Ambipom|Aerial Ace|p1a: Moltres-Kanto\n|-crit|p1a: Moltres-Kanto\n|-damage|p1a: Moltres-Kanto|56\/100\n|move|p2a: Alomomola|Acrobatics|p1a: Moltres-Kanto\n|-damage|p1a: Moltres-Kanto|34\/100\n|-ability|p1a: Moltres-Kanto|Berserk|boost\n|-boost|p1a: Moltres-Kanto|spa|1\n|move|p1b: Farigiraf|Dazzling Gleam|p2b: Ambipom|[spread] p2a,p2b\n|-damage|p2a: Alomomola|4\/100\n|-damage|p2b: Ambipom|24\/100\n|\n|-weather|Snow|[upkeep]\n|-activate|p1b: Farigiraf|ability: Cud Chew\n|-enditem|p1b: Farigiraf|Iapapa Berry|[eat]\n|-heal|p1b: Farigiraf|74\/100|[from] item: Iapapa Berry\n|upkeep\n|turn|5\n|j| cutmyselfvgc\n|l|\u2606Ransei Is Ugly\n|inactive|Ransei Is Ugly disconnected and has a minute to reconnect!\n|player|p2|\n|inactive|Ransei Is Ugly has 30 seconds left.\n|inactive|Ransei Is Ugly has 20 seconds left.\n|inactive|Ransei Is Ugly has 15 seconds left.\n|inactive|Ransei Is Ugly has 10 seconds left.\n|inactive|Ransei Is Ugly has 5 seconds left.\n|-message|Ransei Is Ugly lost due to inactivity.\n|\n|win|smolikansl\n","uploadtime":1700542291,"views":4,"p1id":"smolikansl","p2id":"ranseiisugly","formatid":"gen9vgc2023regulatione","rating":0,"private":0,"password":""}