{"id":"gen9vgc2023regulatione-1989511334","p1":"CzeckUp","p2":"good on ya mate","format":"[Gen 9] VGC 2023 Regulation E","log":"|j|\u2606CzeckUp\n|j|\u2606good on ya mate\n|t:|1699863237\n|gametype|doubles\n|player|p1|CzeckUp|102|1332\n|player|p2|good on ya mate|hooligans|1381\n|teamsize|p1|6\n|teamsize|p2|6\n|gen|9\n|tier|[Gen 9] VGC 2023 Regulation E\n|rated|\n|rule|Species Clause: Limit one of each Pok\u00e9mon\n|rule|Item Clause: Limit one of each item\n|clearpoke\n|poke|p1|Chandelure, L50, F|\n|poke|p1|Moltres-Galar, L50|\n|poke|p1|Articuno, L50|\n|poke|p1|Ninetales-Alola, L50, F|\n|poke|p1|Ogerpon-Wellspring, L50, F|\n|poke|p1|Ursaluna-Bloodmoon, L50, M|\n|poke|p2|Kingambit, L50, F|\n|poke|p2|Chien-Pao, L50|\n|poke|p2|Amoonguss, L50, M|\n|poke|p2|Urshifu-*, L50, M|\n|poke|p2|Dragonite, L50, F|\n|poke|p2|Ogerpon-Hearthflame, L50, F|\n|teampreview|4\n|inactive|Battle timer is ON: inactive players will automatically lose when time's up. (requested by CzeckUp)\n|\n|t:|1699863263\n|start\n|switch|p1a: Ogerpon|Ogerpon-Wellspring, L50, F|100\/100\n|switch|p1b: Chandelure|Chandelure, L50, F|100\/100\n|switch|p2a: Chien-Pao|Chien-Pao, L50|100\/100\n|switch|p2b: Kingambit|Kingambit, L50, F|100\/100\n|-ability|p2a: Chien-Pao|Sword of Ruin\n|turn|1\n|\n|t:|1699863283\n|move|p1a: Ogerpon|Follow Me|p1a: Ogerpon\n|-singleturn|p1a: Ogerpon|move: Follow Me\n|move|p2a: Chien-Pao|Ice Spinner|p1a: Ogerpon\n|-damage|p1a: Ogerpon|32\/100\n|move|p2b: Kingambit|Kowtow Cleave|p1a: Ogerpon\n|-damage|p1a: Ogerpon|0 fnt\n|faint|p1a: Ogerpon\n|move|p1b: Chandelure|Trick Room|p1b: Chandelure\n|-fieldstart|move: Trick Room|[of] p1b: Chandelure\n|\n|upkeep\n|\n|t:|1699863291\n|switch|p1a: Ursaluna|Ursaluna-Bloodmoon, L50, M|100\/100\n|turn|2\n|\n|t:|1699863309\n|move|p2b: Kingambit|Sucker Punch|p1b: Chandelure\n|-supereffective|p1b: Chandelure\n|-crit|p1b: Chandelure\n|-damage|p1b: Chandelure|0 fnt\n|faint|p1b: Chandelure\n|move|p1a: Ursaluna|Hyper Voice|p2a: Chien-Pao|[spread] p2a,p2b\n|-resisted|p2b: Kingambit\n|-damage|p2a: Chien-Pao|42\/100\n|-damage|p2b: Kingambit|83\/100\n|-enditem|p1a: Ursaluna|Throat Spray\n|-boost|p1a: Ursaluna|spa|1|[from] item: Throat Spray\n|move|p2a: Chien-Pao|Ice Spinner|p1a: Ursaluna\n|-supereffective|p1a: Ursaluna\n|-damage|p1a: Ursaluna|26\/100\n|\n|upkeep\n|\n|t:|1699863320\n|switch|p1b: Ninetales|Ninetales-Alola, L50, F, shiny|100\/100\n|-weather|Snow|[from] ability: Snow Warning|[of] p1b: Ninetales\n|turn|3\n|\n|t:|1699863338\n|move|p1a: Ursaluna|Protect|p1a: Ursaluna\n|-singleturn|p1a: Ursaluna|Protect\n|move|p2a: Chien-Pao|Sucker Punch||[still]\n|-fail|p2a: Chien-Pao\n|move|p2b: Kingambit|Iron Head|p1b: Ninetales\n|-supereffective|p1b: Ninetales\n|-damage|p1b: Ninetales|0 fnt\n|faint|p1b: Ninetales\n|\n|-weather|Snow|[upkeep]\n|upkeep\n|turn|4\n|c|\u2606good on ya mate|gg\n|-message|CzeckUp forfeited.\n|\n|win|good on ya mate\n|raw|CzeckUp's rating: 1332 &rarr; <strong>1315<\/strong><br \/>(-17 for losing)\n|raw|good on ya mate's rating: 1381 &rarr; <strong>1398<\/strong><br \/>(+17 for winning)\n|l|\u2606CzeckUp\n","uploadtime":1699863399,"views":11,"p1id":"czeckup","p2id":"goodonyamate","formatid":"gen9vgc2023regulatione","rating":1315,"private":0,"password":""}