{"id":"gen9vgc2023regulatione-1996556233","p1":"Jumong","p2":"Zujjj","format":"[Gen 9] VGC 2023 Regulation E","log":"|j|\u2606Jumong\n|j|\u203dZujjj\n|t:|1700693913\n|gametype|doubles\n|player|p1|Jumong|brock|1203\n|player|p2|Zujjj|ninjaboy|1262\n|teamsize|p1|6\n|teamsize|p2|6\n|gen|9\n|tier|[Gen 9] VGC 2023 Regulation E\n|rated|\n|rule|Species Clause: Limit one of each Pok\u00e9mon\n|rule|Item Clause: Limit one of each item\n|clearpoke\n|poke|p1|Flutter Mane, L50|\n|poke|p1|Torkoal, L50, M|\n|poke|p1|Tornadus, L50, M|\n|poke|p1|Landorus-Therian, L50, M|\n|poke|p1|Iron Hands, L50|\n|poke|p1|Chi-Yu, L50|\n|poke|p2|Braviary-Hisui, L50, M|\n|poke|p2|Ogerpon-Hearthflame, L50, F|\n|poke|p2|Regieleki, L50|\n|poke|p2|Indeedee-F, L50, F|\n|poke|p2|Urshifu-*, L50, M|\n|poke|p2|Regidrago, L50|\n|teampreview|4\n|inactive|Battle timer is ON: inactive players will automatically lose when time's up. (requested by Jumong)\n|\n|t:|1700693984\n|start\n|switch|p1a: Flutter Mane|Flutter Mane, L50|100\/100\n|switch|p1b: Torkoal|Torkoal, L50, M|100\/100\n|switch|p2a: Regieleki|Regieleki, L50, shiny|100\/100\n|switch|p2b: Urshifu|Urshifu-Rapid-Strike, L50, M|100\/100\n|-weather|SunnyDay|[from] ability: Drought|[of] p1b: Torkoal\n|-activate|p1a: Flutter Mane|ability: Protosynthesis\n|-start|p1a: Flutter Mane|protosynthesisspa\n|turn|1\n|\n|t:|1700694008\n|switch|p1b: Chi-Yu|Chi-Yu, L50|100\/100\n|-ability|p1b: Chi-Yu|Beads of Ruin\n|-terastallize|p1a: Flutter Mane|Fairy\n|move|p1a: Flutter Mane|Dazzling Gleam|p2b: Urshifu|[spread] p2a,p2b\n|-supereffective|p2b: Urshifu\n|-damage|p2a: Regieleki|0 fnt\n|-damage|p2b: Urshifu|0 fnt\n|faint|p2a: Regieleki\n|faint|p2b: Urshifu\n|\n|-weather|SunnyDay|[upkeep]\n|upkeep\n|inactive|Zujjj has 30 seconds left.\n|inactive|Zujjj has 20 seconds left.\n|\n|t:|1700694046\n|switch|p2a: Ogerpon|Ogerpon-Hearthflame, L50, F|100\/100\n|switch|p2b: Braviary|Braviary-Hisui, L50, M, shiny|100\/100\n|-ability|p2a: Ogerpon|Mold Breaker\n|turn|2\n|\n|t:|1700694069\n|-terastallize|p2a: Ogerpon|Fire\n|detailschange|p2a: Ogerpon|Ogerpon-Hearthflame-Tera, L50, F, tera:Fire\n|-ability|p2a: Ogerpon|Embody Aspect (Hearthflame)|boost\n|-boost|p2a: Ogerpon|atk|1\n|move|p1a: Flutter Mane|Dazzling Gleam|p2b: Braviary|[spread] p2a,p2b\n|-resisted|p2a: Ogerpon\n|-damage|p2a: Ogerpon|56\/100\n|-damage|p2b: Braviary|9\/100\n|move|p2a: Ogerpon|Ivy Cudgel|p1a: Flutter Mane|[anim] Ivy Cudgel Fire\n|-damage|p1a: Flutter Mane|0 fnt\n|faint|p1a: Flutter Mane\n|-end|p1a: Flutter Mane|Protosynthesis|[silent]\n|move|p1b: Chi-Yu|Overheat|p2a: Ogerpon\n|-resisted|p2a: Ogerpon\n|-damage|p2a: Ogerpon|0 fnt\n|-unboost|p1b: Chi-Yu|spa|2\n|faint|p2a: Ogerpon\n|move|p2b: Braviary|Calm Mind|p2b: Braviary\n|-boost|p2b: Braviary|spa|1\n|-boost|p2b: Braviary|spd|1\n|\n|-weather|SunnyDay|[upkeep]\n|upkeep\n|\n|t:|1700694088\n|switch|p1a: Iron Hands|Iron Hands, L50|100\/100\n|turn|3\n|inactive|Zujjj has 30 seconds left.\n|inactive|Zujjj has 20 seconds left.\n|\n|t:|1700694125\n|move|p1a: Iron Hands|Fake Out|p2b: Braviary\n|-damage|p2b: Braviary|0 fnt\n|faint|p2b: Braviary\n|\n|win|Jumong\n|raw|Jumong's rating: 1203 &rarr; <strong>1232<\/strong><br \/>(+29 for winning)\n|raw|Zujjj's rating: 1262 &rarr; <strong>1233<\/strong><br \/>(-29 for losing)\n","uploadtime":1700694132,"views":31,"p1id":"jumong","p2id":"zujjj","formatid":"gen9vgc2023regulatione","rating":1232,"private":0,"password":""}