{"id":"gen9vgc2023regulatione-1997833470","p1":"Lithoriorm","p2":"Mo mo 15","format":"[Gen 9] VGC 2023 Regulation E","log":"|j|\u2606Lithoriorm\n|j|\u2606Mo mo 15\n|t:|1700857679\n|gametype|doubles\n|player|p1|Lithoriorm|101|1359\n|player|p2|Mo mo 15|red|1286\n|teamsize|p1|6\n|teamsize|p2|6\n|gen|9\n|tier|[Gen 9] VGC 2023 Regulation E\n|rated|\n|rule|Species Clause: Limit one of each Pok\u00e9mon\n|rule|Item Clause: Limit one of each item\n|clearpoke\n|poke|p1|Chi-Yu, L50|\n|poke|p1|Flutter Mane, L50|\n|poke|p1|Iron Hands, L50|\n|poke|p1|Tornadus, L50, M|\n|poke|p1|Arcanine-Hisui, L50, M|\n|poke|p1|Urshifu-*, L50, M|\n|poke|p2|Iron Bundle, L50|\n|poke|p2|Talonflame, L50, F|\n|poke|p2|Flutter Mane, L50|\n|poke|p2|Cresselia, L50, F|\n|poke|p2|Tyranitar, L50, F|\n|poke|p2|Iron Hands, L50|\n|teampreview|4\n|inactive|Battle timer is ON: inactive players will automatically lose when time's up. (requested by Lithoriorm)\nLithoriorm has agreed to open team sheets.\n|c|\u2606Lithoriorm|glhf!\n|\n|t:|1700857698\n|start\n|switch|p1a: Flutter Mane|Flutter Mane, L50, shiny|100\/100\n|switch|p1b: Chi-Yu|Chi-Yu, L50|100\/100\n|switch|p2a: Tyranitar|Tyranitar, L50, F|100\/100\n|switch|p2b: Iron Hands|Iron Hands, L50|100\/100\n|-ability|p1b: Chi-Yu|Beads of Ruin\n|-weather|Sandstorm|[from] ability: Sand Stream|[of] p2a: Tyranitar\n|-enditem|p1a: Flutter Mane|Booster Energy\n|-activate|p1a: Flutter Mane|ability: Protosynthesis|[fromitem]\n|-start|p1a: Flutter Mane|protosynthesisspe\n|turn|1\n|\n|t:|1700857711\n|-terastallize|p1b: Chi-Yu|Ghost\n|move|p1a: Flutter Mane|Moonblast|p2a: Tyranitar\n|-supereffective|p2a: Tyranitar\n|-damage|p2a: Tyranitar|36\/100\n|-enditem|p2a: Tyranitar|Weakness Policy\n|-boost|p2a: Tyranitar|atk|2|[from] item: Weakness Policy\n|-boost|p2a: Tyranitar|spa|2|[from] item: Weakness Policy\n|move|p1b: Chi-Yu|Heat Wave|p2b: Iron Hands|[spread] p2a,p2b\n|-resisted|p2a: Tyranitar\n|-damage|p2a: Tyranitar|20\/100\n|-damage|p2b: Iron Hands|67\/100\n|-status|p2a: Tyranitar|brn\n|move|p2a: Tyranitar|Rock Slide|p1a: Flutter Mane|[spread] p1a,p1b\n|-damage|p1a: Flutter Mane|59\/100\n|-damage|p1b: Chi-Yu|49\/100\n|move|p2b: Iron Hands|Heavy Slam|p1a: Flutter Mane\n|-supereffective|p1a: Flutter Mane\n|-crit|p1a: Flutter Mane\n|-damage|p1a: Flutter Mane|0 fnt\n|faint|p1a: Flutter Mane\n|-end|p1a: Flutter Mane|Protosynthesis|[silent]\n|\n|-weather|Sandstorm|[upkeep]\n|-damage|p1b: Chi-Yu|43\/100|[from] Sandstorm\n|-damage|p2b: Iron Hands|61\/100|[from] Sandstorm\n|-damage|p2a: Tyranitar|15\/100 brn|[from] brn\n|upkeep\n|\n|t:|1700857726\n|switch|p1a: Iron Hands|Iron Hands, L50, shiny|100\/100\n|turn|2\n|\n|t:|1700857740\n|move|p1a: Iron Hands|Fake Out|p2b: Iron Hands\n|-damage|p2b: Iron Hands|52\/100\n|move|p1b: Chi-Yu|Heat Wave|p2a: Tyranitar|[spread] p2a,p2b\n|-resisted|p2a: Tyranitar\n|-damage|p2a: Tyranitar|0 fnt\n|-damage|p2b: Iron Hands|22\/100\n|faint|p2a: Tyranitar\n|cant|p2b: Iron Hands|flinch\n|\n|-weather|Sandstorm|[upkeep]\n|-damage|p1b: Chi-Yu|37\/100|[from] Sandstorm\n|-damage|p1a: Iron Hands|95\/100|[from] Sandstorm\n|-damage|p2b: Iron Hands|15\/100|[from] Sandstorm\n|upkeep\n|\n|t:|1700857745\n|switch|p2a: Flutter Mane|Flutter Mane, L50|100\/100\n|turn|3\n|\n|t:|1700857756\n|-terastallize|p2a: Flutter Mane|Steel\n|move|p1b: Chi-Yu|Protect|p1b: Chi-Yu\n|-singleturn|p1b: Chi-Yu|Protect\n|move|p2a: Flutter Mane|Dazzling Gleam|p1b: Chi-Yu|[spread] p1a\n|-activate|p1b: Chi-Yu|move: Protect\n|-supereffective|p1a: Iron Hands\n|-damage|p1a: Iron Hands|35\/100\n|move|p2b: Iron Hands|Drain Punch|p1a: Iron Hands\n|-damage|p1a: Iron Hands|4\/100\n|-heal|p2b: Iron Hands|30\/100|[from] drain|[of] p1a: Iron Hands\n|move|p1a: Iron Hands|Heavy Slam|p2a: Flutter Mane\n|-resisted|p2a: Flutter Mane\n|-damage|p2a: Flutter Mane|50\/100\n|\n|-weather|Sandstorm|[upkeep]\n|-damage|p1b: Chi-Yu|30\/100|[from] Sandstorm\n|-damage|p2b: Iron Hands|24\/100|[from] Sandstorm\n|-damage|p1a: Iron Hands|0 fnt|[from] Sandstorm\n|faint|p1a: Iron Hands\n|-end|p1a: Iron Hands|Quark Drive|[silent]\n|upkeep\n|\n|t:|1700857769\n|switch|p1a: Arcanine|Arcanine-Hisui, L50, M, shiny|100\/100\n|-ability|p1a: Arcanine|Intimidate|boost\n|-unboost|p2a: Flutter Mane|atk|1\n|-unboost|p2b: Iron Hands|atk|1\n|turn|4\n|\n|t:|1700857778\n|move|p2a: Flutter Mane|Dazzling Gleam|p1b: Chi-Yu|[spread] p1a,p1b\n|-resisted|p1a: Arcanine\n|-crit|p1b: Chi-Yu\n|-damage|p1a: Arcanine|74\/100\n|-damage|p1b: Chi-Yu|0 fnt\n|faint|p1b: Chi-Yu\n|move|p1a: Arcanine|Flare Blitz|p2a: Flutter Mane\n|-supereffective|p2a: Flutter Mane\n|-damage|p2a: Flutter Mane|0 fnt\n|faint|p2a: Flutter Mane\n|-end|p2a: Flutter Mane|Protosynthesis|[silent]\n|-damage|p1a: Arcanine|62\/100|[from] Recoil\n|move|p2b: Iron Hands|Drain Punch|p1a: Arcanine\n|-supereffective|p1a: Arcanine\n|-damage|p1a: Arcanine|0 fnt\n|-heal|p2b: Iron Hands|45\/100|[from] drain|[of] p1a: Arcanine\n|faint|p1a: Arcanine\n|\n|win|Mo mo 15\n|raw|Lithoriorm's rating: 1359 &rarr; <strong>1335<\/strong><br \/>(-24 for losing)\n|raw|Mo mo 15's rating: 1286 &rarr; <strong>1316<\/strong><br \/>(+30 for winning)\n|c|\u2606Lithoriorm|gg\n|c|\u2606Mo mo 15|Gg\n|c|\u2606Mo mo 15|Ggwp\n","uploadtime":1700857797,"views":4,"p1id":"lithoriorm","p2id":"momo15","formatid":"gen9vgc2023regulatione","rating":1316,"private":0,"password":""}