{"id":"gen9vgc2023regulatione-1988840553","p1":"daddychuck","p2":"Omegateck","format":"[Gen 9] VGC 2023 Regulation E","log":"|j|\u2606daddychuck\n|j|\u2606Omegateck\n|n|\u2606daddychuck|daddychuck\n|n|\u2606Omegateck|omegateck\n|html|View the match progress at <a href=\"\/game-bestof3-gen9vgc2023regulatione-1988840552\">game-bestof3-gen9vgc2023regulatione-1988840552<\/a>\n|t:|1699771503\n|gametype|doubles\n|player|p1|daddychuck|firebreather|\n|player|p2|Omegateck|pokefan-gen4|\n|teamsize|p1|6\n|teamsize|p2|6\n|gen|9\n|tier|[Gen 9] VGC 2023 Regulation E\n|rated|Tournament battle\n|rule|Species Clause: Limit one of each Pok\u00e9mon\n|rule|Item Clause: Limit one of each item\n|clearpoke\n|poke|p1|Tornadus, L50, M|\n|poke|p1|Rillaboom, L50, F|\n|poke|p1|Urshifu-*, L50, F|\n|poke|p1|Gholdengo, L50|\n|poke|p1|Arcanine-Hisui, L50, F|\n|poke|p1|Regidrago, L50|\n|poke|p2|Ogerpon, L50, F|\n|poke|p2|Roaring Moon, L50|\n|poke|p2|Urshifu-*, L50, M|\n|poke|p2|Arcanine-Hisui, L50, F|\n|poke|p2|Thundurus-Therian, L50, M|\n|poke|p2|Gholdengo, L50|\n|teampreview|4\n|showteam|p1|Tornadus||CovertCloak|Prankster|BleakwindStorm,RainDance,Tailwind,Taunt|||M|||50|,,,,,Ghost]Rillaboom||AssaultVest|GrassySurge|GrassyGlide,WoodHammer,HighHorsepower,FakeOut|||F|||50|,,,,,Fire]Urshifu-Rapid-Strike||MysticWater|UnseenFist|Detect,SurgingStrikes,CloseCombat,AquaJet|||F|||50|,,,,,Water]Gholdengo||ChoiceSpecs|GoodasGold|MakeItRain,ShadowBall,Thunderbolt,Trick||||||50|,,,,,Steel]Arcanine-Hisui||ChoiceBand|Intimidate|RockSlide,FlareBlitz,ExtremeSpeed,TeraBlast|||F|||50|,,,,,Fairy]Regidrago||DragonFang|DragonsMaw|Protect,DragonEnergy,DracoMeteor,EarthPower||||||50|,,,,,Steel\n|showteam|p2|Ogerpon||RazorClaw|Defiant|IvyCudgel,StompingTantrum,SwordsDance,SpikyShield|||F|||50|,,,,,Grass]Roaring Moon||BoosterEnergy|Protosynthesis|KnockOff,BreakingSwipe,Tailwind,Protect||||||50|,,,,,Poison]Urshifu-Rapid-Strike||MysticWater|UnseenFist|SurgingStrikes,CloseCombat,Substitute,Detect|||M|||50|,,,,,Water]Arcanine-Hisui||ChoiceBand|Intimidate|FlareBlitz,RockSlide,TeraBlast,ExtremeSpeed|||F|||50|,,,,,Fairy]Thundurus-Therian||AssaultVest|VoltAbsorb|Thunderbolt,TeraBlast,WildboltStorm,GrassKnot|||M|||50|,,,,,Flying]Gholdengo||Leftovers|GoodasGold|MakeItRain,ShadowBall,NastyPlot,Protect||||||50|,,,,,Dragon\n|inactive|Battle timer is ON: inactive players will automatically lose when time's up. (requested by daddychuck)\n|j| HunterKK\n|c|\u2606daddychuck|glhf bro\n|j| Fair Playz Gamer\n|j| Grewt\n|j| O1OOO11O\n|c|\u2606Omegateck|u2\n|c| Fair Playz Gamer|Make it quick\n|l| HunterKK\n|c|\u2606daddychuck|fair playz meat me bby\n|c| Fair Playz Gamer|Lol\n|j| fyfyy\n|inactive|daddychuck has 60 seconds left.\n|inactive|Omegateck has 60 seconds left.\n|inactive|daddychuck has 30 seconds left.\n|inactive|daddychuck has 20 seconds left.\n|inactive|daddychuck has 15 seconds left.\n|\n|t:|1699771580\n|start\n|switch|p1a: Arcanine|Arcanine-Hisui, L50, F|100\/100\n|switch|p1b: Regidrago|Regidrago, L50|100\/100\n|switch|p2a: Roaring Moon|Roaring Moon, L50|100\/100\n|switch|p2b: Arcanine|Arcanine-Hisui, L50, F|100\/100\n|-ability|p1a: Arcanine|Intimidate|boost\n|-unboost|p2a: Roaring Moon|atk|1\n|-unboost|p2b: Arcanine|atk|1\n|-ability|p2b: Arcanine|Intimidate|boost\n|-unboost|p1a: Arcanine|atk|1\n|-unboost|p1b: Regidrago|atk|1\n|-enditem|p2a: Roaring Moon|Booster Energy\n|-activate|p2a: Roaring Moon|ability: Protosynthesis|[fromitem]\n|-start|p2a: Roaring Moon|protosynthesisspe\n|turn|1\n|inactive|daddychuck has 30 seconds left.\n|inactive|daddychuck has 20 seconds left.\n|\n|t:|1699771618\n|-terastallize|p1a: Arcanine|Fairy\n|-terastallize|p2b: Arcanine|Fairy\n|move|p1b: Regidrago|Protect|p1b: Regidrago\n|-singleturn|p1b: Regidrago|Protect\n|move|p2a: Roaring Moon|Tailwind|p2a: Roaring Moon\n|-sidestart|p2: Omegateck|move: Tailwind\n|move|p2b: Arcanine|Tera Blast|p1b: Regidrago|[anim] Tera Blast Fairy\n|-activate|p1b: Regidrago|move: Protect\n|move|p1a: Arcanine|Tera Blast|p2a: Roaring Moon|[anim] Tera Blast Fairy\n|-supereffective|p2a: Roaring Moon\n|-damage|p2a: Roaring Moon|0 fnt\n|faint|p2a: Roaring Moon\n|-end|p2a: Roaring Moon|Protosynthesis|[silent]\n|\n|upkeep\n|\n|t:|1699771632\n|switch|p2a: Gholdengo|Gholdengo, L50|100\/100\n|turn|2\n|inactive|daddychuck has 30 seconds left.\n|\n|t:|1699771667\n|switch|p1b: Tornadus|Tornadus, L50, M|100\/100\n|move|p2b: Arcanine|Tera Blast|p1b: Tornadus|[anim] Tera Blast Fairy\n|-damage|p1b: Tornadus|55\/100\n|move|p2a: Gholdengo|Make It Rain|p1a: Arcanine|[spread] p1a,p1b\n|-supereffective|p1a: Arcanine\n|-damage|p1a: Arcanine|0 fnt\n|-damage|p1b: Tornadus|8\/100\n|-unboost|p2a: Gholdengo|spa|1\n|faint|p1a: Arcanine\n|\n|upkeep\n|\n|t:|1699771675\n|switch|p1a: Urshifu|Urshifu-Rapid-Strike, L50, F|100\/100\n|turn|3\n|\n|t:|1699771689\n|move|p1b: Tornadus|Tailwind|p1b: Tornadus\n|-sidestart|p1: daddychuck|move: Tailwind\n|move|p1a: Urshifu|Surging Strikes|p2b: Arcanine\n|-crit|p2b: Arcanine\n|-damage|p2b: Arcanine|72\/100\n|-crit|p2b: Arcanine\n|-damage|p2b: Arcanine|44\/100\n|-crit|p2b: Arcanine\n|-damage|p2b: Arcanine|14\/100\n|-hitcount|p2b: Arcanine|3\n|move|p2b: Arcanine|Tera Blast|p1a: Urshifu|[anim] Tera Blast Fairy\n|-supereffective|p1a: Urshifu\n|-damage|p1a: Urshifu|18\/100\n|move|p2a: Gholdengo|Shadow Ball|p1a: Urshifu\n|-crit|p1a: Urshifu\n|-damage|p1a: Urshifu|0 fnt\n|faint|p1a: Urshifu\n|\n|upkeep\n|\n|t:|1699771694\n|switch|p1a: Regidrago|Regidrago, L50|100\/100\n|turn|4\n|\n|t:|1699771711\n|move|p1b: Tornadus|Bleakwind Storm|p2b: Arcanine|[spread] p2a\n|-miss|p1b: Tornadus|p2b: Arcanine\n|-resisted|p2a: Gholdengo\n|-damage|p2a: Gholdengo|86\/100\n|move|p1a: Regidrago|Earth Power|p2a: Gholdengo\n|-supereffective|p2a: Gholdengo\n|-damage|p2a: Gholdengo|31\/100\n|move|p2b: Arcanine|Tera Blast|p1a: Regidrago|[anim] Tera Blast Fairy\n|-supereffective|p1a: Regidrago\n|-crit|p1a: Regidrago\n|-damage|p1a: Regidrago|0 fnt\n|faint|p1a: Regidrago\n|move|p2a: Gholdengo|Make It Rain|p1b: Tornadus\n|-damage|p1b: Tornadus|0 fnt\n|-unboost|p2a: Gholdengo|spa|1\n|faint|p1b: Tornadus\n|\n|win|Omegateck\n|c|\u2606daddychuck|gg\n","uploadtime":1699771716,"views":22,"p1id":"daddychuck","p2id":"omegateck","formatid":"gen9vgc2023regulatione","rating":0,"private":0,"password":""}