{"id":"gen9vgc2023regulatione-1998332653","p1":"CeaselessSamurott","p2":"newusernovice","format":"[Gen 9] VGC 2023 Regulation E","log":"|j|\u2606CeaselessSamurott\n|j|\u2606newusernovice\n|t:|1700930502\n|gametype|doubles\n|player|p1|CeaselessSamurott|2|1490\n|player|p2|newusernovice|brawly|1373\n|teamsize|p1|6\n|teamsize|p2|6\n|gen|9\n|tier|[Gen 9] VGC 2023 Regulation E\n|rated|\n|rule|Species Clause: Limit one of each Pok\u00e9mon\n|rule|Item Clause: Limit one of each item\n|clearpoke\n|poke|p1|Armarouge, L50, M|\n|poke|p1|Indeedee-F, L50, F|\n|poke|p1|Torkoal, L50, M|\n|poke|p1|Ursaluna, L50, M|\n|poke|p1|Urshifu-*, L50, M|\n|poke|p1|Slither Wing, L50|\n|poke|p2|Tornadus, L50, M|\n|poke|p2|Flutter Mane, L50|\n|poke|p2|Rillaboom, L50, F|\n|poke|p2|Ogerpon-Hearthflame, L50, F|\n|poke|p2|Arcanine-Hisui, L50, M|\n|poke|p2|Urshifu-*, L50, M|\n|teampreview|4\n|inactive|Battle timer is ON: inactive players will automatically lose when time's up. (requested by newusernovice)\n|inactive|CeaselessSamurott has 60 seconds left.\n|\n|t:|1700930551\n|start\n|switch|p1a: Urshifu|Urshifu, L50, M|100\/100\n|switch|p1b: Indeedee|Indeedee-F, L50, F|100\/100\n|switch|p2a: Tornadus|Tornadus, L50, M, shiny|100\/100\n|switch|p2b: Arcanine|Arcanine-Hisui, L50, M|100\/100\n|-ability|p2b: Arcanine|Intimidate|boost\n|-unboost|p1a: Urshifu|atk|1\n|-unboost|p1b: Indeedee|atk|1\n|-fieldstart|move: Psychic Terrain|[from] ability: Psychic Surge|[of] p1b: Indeedee\n|turn|1\n|inactive|newusernovice has 30 seconds left.\n|\n|t:|1700930585\n|-terastallize|p1a: Urshifu|Dark\n|-terastallize|p2b: Arcanine|Fairy\n|move|p1b: Indeedee|Helping Hand|p1a: Urshifu\n|-singleturn|p1a: Urshifu|Helping Hand|[of] p1b: Indeedee\n|move|p1a: Urshifu|Wicked Blow|p2b: Arcanine\n|-resisted|p2b: Arcanine\n|-crit|p2b: Arcanine\n|-damage|p2b: Arcanine|31\/100\n|-enditem|p2b: Arcanine|Sitrus Berry|[eat]\n|-heal|p2b: Arcanine|55\/100|[from] item: Sitrus Berry\n|move|p2a: Tornadus|Bleakwind Storm|p1a: Urshifu|[spread] p1a,p1b\n|-crit|p1b: Indeedee\n|-damage|p1a: Urshifu|46\/100\n|-damage|p1b: Indeedee|46\/100\n|move|p2b: Arcanine|Rock Slide|p1a: Urshifu|[spread] p1a,p1b\n|-damage|p1a: Urshifu|16\/100\n|-damage|p1b: Indeedee|20\/100\n|\n|upkeep\n|turn|2\n|inactive|CeaselessSamurott has 30 seconds left.\n|inactive|newusernovice has 30 seconds left.\n|inactive|newusernovice has 20 seconds left.\n|inactive|newusernovice has 15 seconds left.\n|\n|t:|1700930630\n|move|p2a: Tornadus|Tailwind|p2a: Tornadus\n|-sidestart|p2: newusernovice|move: Tailwind\n|move|p2b: Arcanine|Rock Slide|p1a: Urshifu|[spread] p1a,p1b\n|-damage|p1a: Urshifu|0 fnt\n|-damage|p1b: Indeedee|0 fnt\n|faint|p1a: Urshifu\n|faint|p1b: Indeedee\n|\n|upkeep\n|\n|t:|1700930635\n|switch|p1a: Torkoal|Torkoal, L50, M|100\/100\n|switch|p1b: Armarouge|Armarouge, L50, M|100\/100\n|-weather|SunnyDay|[from] ability: Drought|[of] p1a: Torkoal\n|turn|3\n|\n|t:|1700930642\n|move|p2a: Tornadus|Rain Dance|p2a: Tornadus\n|-weather|RainDance\n|move|p2b: Arcanine|Rock Slide|p1b: Armarouge|[spread] p1a,p1b\n|-supereffective|p1a: Torkoal\n|-supereffective|p1b: Armarouge\n|-damage|p1a: Torkoal|60\/100\n|-damage|p1b: Armarouge|49\/100\n|cant|p1b: Armarouge|flinch\n|cant|p1a: Torkoal|flinch\n|\n|-weather|RainDance|[upkeep]\n|upkeep\n|turn|4\n|-message|CeaselessSamurott forfeited.\n|\n|win|newusernovice\n|raw|CeaselessSamurott's rating: 1490 &rarr; <strong>1464<\/strong><br \/>(-26 for losing)\n|raw|newusernovice's rating: 1373 &rarr; <strong>1399<\/strong><br \/>(+26 for winning)\n|l|\u2606CeaselessSamurott\n","uploadtime":1700930669,"views":3,"p1id":"ceaselesssamurott","p2id":"newusernovice","formatid":"gen9vgc2023regulatione","rating":1399,"private":0,"password":""}