{"id":"gen9vgc2023regulatione-1990302047","p1":"XTBGHJK","p2":"Drunkendengo","format":"[Gen 9] VGC 2023 Regulation E","log":"|j|\u2606XTBGHJK\n|j|\u2606Drunkendengo\n|t:|1699953457\n|gametype|doubles\n|player|p1|XTBGHJK|ghetsis-gen5bw|\n|player|p2|Drunkendengo|266|\n|teamsize|p1|6\n|teamsize|p2|6\n|gen|9\n|tier|[Gen 9] VGC 2023 Regulation E\n|rated|Tournament battle\n|rule|Species Clause: Limit one of each Pok\u00e9mon\n|rule|Item Clause: Limit one of each item\n|clearpoke\n|poke|p1|Ursaluna-Bloodmoon, L50, M|\n|poke|p1|Arcanine-Hisui, L50, F|\n|poke|p1|Ogerpon-Hearthflame, L50, F|\n|poke|p1|Meowscarada, L50, M|\n|poke|p1|Oranguru, L50, F|\n|poke|p1|Amoonguss, L50, M|\n|poke|p2|Urshifu-*, L50, M|\n|poke|p2|Tornadus, L50, M|\n|poke|p2|Landorus-Therian, L50, M|\n|poke|p2|Chien-Pao, L50|\n|poke|p2|Amoonguss, L50, F|\n|poke|p2|Gholdengo, L50|\n|teampreview|4\n|showteam|p1|Ursaluna-Bloodmoon||LifeOrb|MindsEye|BloodMoon,CalmMind,EarthPower,Moonlight|||M|||50|,,,,,Ground]Arcanine-Hisui||AirBalloon|RockHead|FlareBlitz,HeadSmash,BodySlam,ExtremeSpeed|||F|||50|,,,,,Fire]Ogerpon-Hearthflame||HearthflameMask|MoldBreaker|IvyCudgel,PlayRough,SpikyShield,BrickBreak|||F|||50|,,,,,Fire]Meowscarada||HeavyDutyBoots|Protean|FlowerTrick,BrickBreak,AllySwitch,KnockOff|||M|||50|,,,,,Grass]Oranguru||TwistedSpoon|Telepathy|Instruct,Psychic,EnergyBall,ShadowBall|||F|||50|,,,,,Normal]Amoonguss||KingsRock|Regenerator|PollenPuff,RagePowder,Spore,EnergyBall|||M|||50|,,,,,Grass\n|showteam|p2|Urshifu-Rapid-Strike||MysticWater|UnseenFist|SurgingStrikes,AquaJet,CloseCombat,Detect|||M|||50|,,,,,Water]Tornadus||RockyHelmet|Prankster|Tailwind,BleakwindStorm,Taunt,ScaryFace|||M|||50|,,,,,Ghost]Landorus-Therian||ChoiceScarf|Intimidate|StompingTantrum,TeraBlast,Uturn,RockSlide|||M|||50|,,,,,Flying]Chien-Pao||FocusSash|SwordofRuin|IceSpinner,SuckerPunch,SacredSword,Protect||||||50|,,,,,Ghost]Amoonguss||SitrusBerry|Regenerator|PollenPuff,Spore,RagePowder,Protect|||F|||50|,,,,,Water]Gholdengo||Leftovers|GoodasGold|MakeItRain,ShadowBall,NastyPlot,Protect||||||50|,,,,,Dragon\n|\n|t:|1699953481\n|start\n|switch|p1a: doge|Arcanine-Hisui, L50, F|100\/100\n|switch|p1b: Meowscarada|Meowscarada, L50, M|100\/100\n|switch|p2a: Landorus|Landorus-Therian, L50, M|100\/100\n|switch|p2b: Urshifu|Urshifu-Rapid-Strike, L50, M|100\/100\n|-ability|p2a: Landorus|Intimidate|boost\n|-unboost|p1a: doge|atk|1\n|-unboost|p1b: Meowscarada|atk|1\n|-item|p1a: doge|Air Balloon\n|turn|1\n|\n|t:|1699953497\n|move|p2b: Urshifu|Detect|p2b: Urshifu\n|-singleturn|p2b: Urshifu|Protect\n|move|p2a: Landorus|U-turn|p1b: Meowscarada\n|-supereffective|p1b: Meowscarada\n|-damage|p1b: Meowscarada|0 fnt\n|faint|p1b: Meowscarada\n|\n|t:|1699953503\n|switch|p2a: amoonguss bus|Amoonguss, L50, F, shiny|100\/100|[from] U-turn\n|move|p1a: doge|Head Smash|p2a: amoonguss bus\n|-damage|p2a: amoonguss bus|61\/100\n|\n|upkeep\n|\n|t:|1699953512\n|switch|p1b: Ursaluna|Ursaluna-Bloodmoon, L50, M|100\/100\n|turn|2\n|\n|t:|1699953527\n|-terastallize|p2b: Urshifu|Water\n|move|p1a: doge|Flare Blitz|p2a: amoonguss bus\n|-supereffective|p2a: amoonguss bus\n|-damage|p2a: amoonguss bus|0 fnt\n|faint|p2a: amoonguss bus\n|move|p2b: Urshifu|Surging Strikes|p1b: Ursaluna\n|-supereffective|p1b: Ursaluna\n|-crit|p1b: Ursaluna\n|-damage|p1b: Ursaluna|47\/100\n|-supereffective|p1b: Ursaluna\n|-crit|p1b: Ursaluna\n|-damage|p1b: Ursaluna|0 fnt\n|faint|p1b: Ursaluna\n|-hitcount|p1: Ursaluna|2\n|\n|upkeep\n|\n|t:|1699953542\n|switch|p1b: Heartburn|Ogerpon-Hearthflame, L50, F|100\/100\n|switch|p2a: Landorus|Landorus-Therian, L50, M|100\/100\n|-ability|p2a: Landorus|Intimidate|boost\n|-unboost|p1a: doge|atk|1\n|-unboost|p1b: Heartburn|atk|1\n|-ability|p1b: Heartburn|Mold Breaker\n|turn|3\n|\n|t:|1699953580\n|-terastallize|p1b: Heartburn|Fire\n|detailschange|p1b: Heartburn|Ogerpon-Hearthflame-Tera, L50, F, tera:Fire\n|-ability|p1b: Heartburn|Embody Aspect (Hearthflame)|boost\n|-boost|p1b: Heartburn|atk|1\n|move|p2b: Urshifu|Aqua Jet|p1a: doge\n|-supereffective|p1a: doge\n|-damage|p1a: doge|0 fnt\n|-enditem|p1a: doge|Air Balloon\n|faint|p1a: doge\n|move|p2a: Landorus|Rock Slide|p1b: Heartburn\n|-supereffective|p1b: Heartburn\n|-damage|p1b: Heartburn|18\/100\n|move|p1b: Heartburn|Ivy Cudgel|p2a: Landorus|[anim] Ivy Cudgel Fire\n|-damage|p2a: Landorus|3\/100\n|\n|upkeep\n|turn|4\n|\n|t:|1699953596\n|switch|p2a: Scarf|Gholdengo, L50|100\/100\n|move|p1b: Heartburn|Spiky Shield|p1b: Heartburn\n|-singleturn|p1b: Heartburn|move: Protect\n|move|p2b: Urshifu|Aqua Jet|p1b: Heartburn\n|-supereffective|p1b: Heartburn\n|-damage|p1b: Heartburn|0 fnt\n|faint|p1b: Heartburn\n|\n|win|Drunkendengo\n|n|\u2606XTBGHJK|xtbghjk\n|n|\u2606Drunkendengo|drunkendengo\n|l|\u2606XTBGHJK\n","uploadtime":1699953639,"views":9,"p1id":"xtbghjk","p2id":"drunkendengo","formatid":"gen9vgc2023regulatione","rating":0,"private":0,"password":""}