{"id":"gen9vgc2023regulatione-1994465601","p1":"E4Mence","p2":"Zakmancho","format":"[Gen 9] VGC 2023 Regulation E","log":"|j|\u2606E4Mence\n|j|\u2606Zakmancho\n|t:|1700447084\n|gametype|doubles\n|player|p1|E4Mence|170|1226\n|player|p2|Zakmancho|169|1216\n|teamsize|p1|6\n|teamsize|p2|6\n|gen|9\n|tier|[Gen 9] VGC 2023 Regulation E\n|rated|\n|rule|Species Clause: Limit one of each Pok\u00e9mon\n|rule|Item Clause: Limit one of each item\n|clearpoke\n|poke|p1|Tauros-Paldea-Blaze, L50, M|\n|poke|p1|Ogerpon, L50, F|\n|poke|p1|Iron Bundle, L50|\n|poke|p1|Indeedee-F, L50, F|\n|poke|p1|Urshifu-*, L50, M|\n|poke|p1|Regidrago, L50|\n|poke|p2|Tyranitar, L50, M|\n|poke|p2|Ogerpon-Wellspring, L50, F|\n|poke|p2|Ursaluna-Bloodmoon, L50, M|\n|poke|p2|Rillaboom, L50, M|\n|poke|p2|Urshifu-*, L50, F|\n|poke|p2|Flutter Mane, L50|\n|teampreview|4\n|inactive|Battle timer is ON: inactive players will automatically lose when time's up. (requested by Zakmancho)\n|inactive|E4Mence has 60 seconds left.\n|\n|t:|1700447120\n|start\n|switch|p1a: Iron Bundle|Iron Bundle, L50|100\/100\n|switch|p1b: Urshifu|Urshifu, L50, M|100\/100\n|switch|p2a: Rillaboom|Rillaboom, L50, M|100\/100\n|switch|p2b: Ursaluna|Ursaluna-Bloodmoon, L50, M|100\/100\n|-fieldstart|move: Grassy Terrain|[from] ability: Grassy Surge|[of] p2a: Rillaboom\n|-enditem|p1a: Iron Bundle|Booster Energy\n|-activate|p1a: Iron Bundle|ability: Quark Drive|[fromitem]\n|-start|p1a: Iron Bundle|quarkdrivespe\n|turn|1\n|\n|t:|1700447143\n|-terastallize|p1a: Iron Bundle|Ghost\n|-terastallize|p2b: Ursaluna|Steel\n|move|p2a: Rillaboom|Grassy Glide|p1a: Iron Bundle\n|-damage|p1a: Iron Bundle|56\/100\n|move|p1a: Iron Bundle|Freeze-Dry|p2b: Ursaluna\n|-resisted|p2b: Ursaluna\n|-damage|p2b: Ursaluna|88\/100\n|-status|p2b: Ursaluna|frz\n|move|p1b: Urshifu|Wicked Blow|p2b: Ursaluna\n|-crit|p2b: Ursaluna\n|-damage|p2b: Ursaluna|32\/100 frz\n|cant|p2b: Ursaluna|frz\n|\n|-heal|p1a: Iron Bundle|62\/100|[from] Grassy Terrain\n|-heal|p2b: Ursaluna|38\/100 frz|[from] Grassy Terrain\n|-heal|p2b: Ursaluna|44\/100 frz|[from] item: Leftovers\n|upkeep\n|turn|2\n|\n|t:|1700447168\n|move|p2a: Rillaboom|Grassy Glide|p1b: Urshifu\n|-damage|p1b: Urshifu|54\/100\n|move|p1a: Iron Bundle|Freeze-Dry|p2a: Rillaboom\n|-supereffective|p2a: Rillaboom\n|-damage|p2a: Rillaboom|17\/100\n|move|p1b: Urshifu|Wicked Blow|p2a: Rillaboom\n|-crit|p2a: Rillaboom\n|-damage|p2a: Rillaboom|0 fnt\n|faint|p2a: Rillaboom\n|cant|p2b: Ursaluna|frz\n|\n|-heal|p1a: Iron Bundle|69\/100|[from] Grassy Terrain\n|-heal|p1b: Urshifu|60\/100|[from] Grassy Terrain\n|-heal|p2b: Ursaluna|50\/100 frz|[from] Grassy Terrain\n|-heal|p2b: Ursaluna|56\/100 frz|[from] item: Leftovers\n|upkeep\n|inactive|Zakmancho has 30 seconds left.\n|\n|t:|1700447196\n|switch|p2a: Urshifu|Urshifu-Rapid-Strike, L50, F|100\/100\n|turn|3\n|\n|t:|1700447212\n|move|p1a: Iron Bundle|Icy Wind|p2b: Ursaluna|[spread] p2a,p2b\n|-resisted|p2a: Urshifu\n|-resisted|p2b: Ursaluna\n|-damage|p2a: Urshifu|89\/100\n|-damage|p2b: Ursaluna|49\/100 frz\n|-unboost|p2a: Urshifu|spe|1\n|-unboost|p2b: Ursaluna|spe|1\n|move|p1b: Urshifu|Wicked Blow|p2b: Ursaluna\n|-crit|p2b: Ursaluna\n|-damage|p2b: Ursaluna|0 fnt\n|faint|p2b: Ursaluna\n|move|p2a: Urshifu|Surging Strikes|p1a: Iron Bundle\n|-crit|p1a: Iron Bundle\n|-damage|p1a: Iron Bundle|48\/100\n|-crit|p1a: Iron Bundle\n|-damage|p1a: Iron Bundle|29\/100\n|-crit|p1a: Iron Bundle\n|-damage|p1a: Iron Bundle|7\/100\n|-hitcount|p1a: Iron Bundle|3\n|\n|-heal|p1a: Iron Bundle|13\/100|[from] Grassy Terrain\n|-heal|p1b: Urshifu|65\/100|[from] Grassy Terrain\n|-heal|p2a: Urshifu|95\/100|[from] Grassy Terrain\n|upkeep\n|\n|t:|1700447232\n|switch|p2b: Tyranitar|Tyranitar, L50, M|100\/100\n|-weather|Sandstorm|[from] ability: Sand Stream|[of] p2b: Tyranitar\n|turn|4\n|\n|t:|1700447241\n|move|p1a: Iron Bundle|Freeze-Dry|p2a: Urshifu\n|-supereffective|p2a: Urshifu\n|-damage|p2a: Urshifu|5\/100\n|move|p1b: Urshifu|Close Combat|p2b: Tyranitar\n|-supereffective|p2b: Tyranitar\n|-damage|p2b: Tyranitar|0 fnt\n|-unboost|p1b: Urshifu|def|1\n|-unboost|p1b: Urshifu|spd|1\n|faint|p2b: Tyranitar\n|move|p2a: Urshifu|Surging Strikes|p1b: Urshifu\n|-crit|p1b: Urshifu\n|-damage|p1b: Urshifu|33\/100\n|-crit|p1b: Urshifu\n|-damage|p1b: Urshifu|5\/100\n|-crit|p1b: Urshifu\n|-damage|p1b: Urshifu|0 fnt\n|faint|p1b: Urshifu\n|-hitcount|p1: Urshifu|3\n|\n|-weather|Sandstorm|[upkeep]\n|-damage|p1a: Iron Bundle|7\/100|[from] Sandstorm\n|-damage|p2a: Urshifu|0 fnt|[from] Sandstorm\n|faint|p2a: Urshifu\n|\n|win|E4Mence\n|upkeep\n|raw|E4Mence's rating: 1226 &rarr; <strong>1250<\/strong><br \/>(+24 for winning)\n|raw|Zakmancho's rating: 1216 &rarr; <strong>1192<\/strong><br \/>(-24 for losing)\n|l|\u2606Zakmancho\n","uploadtime":1700447264,"views":14,"p1id":"e4mence","p2id":"zakmancho","formatid":"gen9vgc2023regulatione","rating":1192,"private":0,"password":""}