{"id":"gen9vgc2023regulatione-1998198304","p1":"Cyalia12","p2":"KaosCarter","format":"[Gen 9] VGC 2023 Regulation E","log":"|j|\u2606Cyalia12\n|j|\u2606KaosCarter\n|n|\u2606Cyalia12|cyalia12\n|n|\u2606KaosCarter|kaoscarter\n|html|View the match progress at <a href=\"\/game-bestof3-gen9vgc2023regulatione-1998198303\">game-bestof3-gen9vgc2023regulatione-1998198303<\/a>\n|t:|1700911039\n|gametype|doubles\n|player|p1|Cyalia12|youngster-gen4dp|\n|player|p2|KaosCarter|acetrainer-gen4dp|\n|teamsize|p1|6\n|teamsize|p2|6\n|gen|9\n|tier|[Gen 9] VGC 2023 Regulation E\n|rule|Species Clause: Limit one of each Pok\u00e9mon\n|rule|Item Clause: Limit one of each item\n|clearpoke\n|poke|p1|Arcanine-Hisui, L50, M|\n|poke|p1|Chien-Pao, L50|\n|poke|p1|Rillaboom, L50, F|\n|poke|p1|Gholdengo, L50|\n|poke|p1|Tornadus, L50, M|\n|poke|p1|Urshifu-*, L50, F|\n|poke|p2|Heatran, L50, M|\n|poke|p2|Tornadus, L50, M|\n|poke|p2|Sneasler, L50, F|\n|poke|p2|Shiftry, L50, M|\n|poke|p2|Chi-Yu, L50|\n|poke|p2|Indeedee-F, L50, F|\n|teampreview|4\n|inactive|Battle timer is ON: inactive players will automatically lose when time's up. (requested by KaosCarter)\nKaosCarter has agreed to open team sheets.\n|c|\u2606KaosCarter|Gl hf carissima\n|inactiveoff|Battle timer is now OFF.\n|c|\u2606Cyalia12|gl a te!\nCyalia12 has agreed to open team sheets.\n|showteam|p1|Arcanine-Hisui||ChoiceBand|Intimidate|ExtremeSpeed,FlareBlitz,RockSlide,TeraBlast|||M|||50|,,,,,Fairy]Chien-Pao||FocusSash|SwordofRuin|IcicleCrash,SuckerPunch,SacredSword,Protect||||||50|,,,,,Ghost]Rillaboom||AssaultVest|GrassySurge|WoodHammer,HighHorsepower,GrassyGlide,FakeOut|||F|||50|,,,,,Fire]Gholdengo||Leftovers|GoodasGold|Protect,MakeItRain,ShadowBall,NastyPlot||||||50|,,,,,Dragon]Tornadus||RockyHelmet|Prankster|Tailwind,BleakwindStorm,Taunt,RainDance|||M|||50|,,,,,Steel]Urshifu-Rapid-Strike||MysticWater|UnseenFist|SurgingStrikes,CloseCombat,AquaJet,Detect|||F|||50|,,,,,Water\n|showteam|p2|Heatran||SitrusBerry|FlashFire|Protect,HeatWave,EarthPower,FlashCannon|||M|||50|,,,,,Fairy]Tornadus||MentalHerb|Prankster|BleakwindStorm,Tailwind,SunnyDay,ScaryFace|||M|||50|,,,,,Ghost]Sneasler||ClearAmulet|PoisonTouch|Protect,DireClaw,CloseCombat,FakeOut|||F|||50|,,,,,Flying]Shiftry||FocusSash|WindRider|SuckerPunch,Reversal,LeafBlade,FakeOut|||M|||50|,,,,,Ghost]Chi-Yu||ChoiceSpecs|BeadsofRuin|HeatWave,Psychic,Overheat,DarkPulse||||||50|,,,,,Ghost]Indeedee-F||PsychicSeed|PsychicSurge|FollowMe,Psyshock,TrickRoom,Imprison|||F|||50|,,,,,Fairy\n|inactive|Battle timer is ON: inactive players will automatically lose when time's up. (requested by KaosCarter)\n|inactive|Cyalia12 has 30 seconds left.\n|inactive|Cyalia12 has 20 seconds left.\n|inactive|Cyalia12 has 15 seconds left.\n|inactive|Cyalia12 has 10 seconds left.\n|inactive|Cyalia12 has 5 seconds left.\n|\n|t:|1700911143\n|start\n|switch|p1a: Arcanine|Arcanine-Hisui, L50, M, shiny|100\/100\n|switch|p1b: Chien-Pao|Chien-Pao, L50|100\/100\n|switch|p2a: Sneasler|Sneasler, L50, F|100\/100\n|switch|p2b: Tornadus|Tornadus, L50, M|100\/100\n|-ability|p1b: Chien-Pao|Sword of Ruin\n|-ability|p1a: Arcanine|Intimidate|boost\n|-fail|p2a: Sneasler|unboost|[from] item: Clear Amulet|[of] p2a: Sneasler\n|-unboost|p2b: Tornadus|atk|1\n|turn|1\n|inactive|KaosCarter has 30 seconds left.\n|\n|t:|1700911168\n|-terastallize|p1a: Arcanine|Fairy\n|move|p1b: Chien-Pao|Protect|p1b: Chien-Pao\n|-singleturn|p1b: Chien-Pao|Protect\n|move|p2a: Sneasler|Fake Out|p1a: Arcanine\n|-damage|p1a: Arcanine|76\/100\n|move|p2b: Tornadus|Tailwind|p2b: Tornadus\n|-sidestart|p2: KaosCarter|move: Tailwind\n|cant|p1a: Arcanine|flinch\n|\n|upkeep\n|turn|2\n|c|\u2606Cyalia12|non mi ha preso l'ultimo ho timeouttato ahaha\n|\n|t:|1700911185\n|move|p2b: Tornadus|Bleakwind Storm|p1a: Arcanine|[spread] p1a,p1b\n|-crit|p1a: Arcanine\n|-damage|p1a: Arcanine|11\/100\n|-damage|p1b: Chien-Pao|44\/100\n|-unboost|p1a: Arcanine|spe|1\n|move|p2a: Sneasler|Dire Claw|p1b: Chien-Pao\n|-damage|p1b: Chien-Pao|0 fnt\n|faint|p1b: Chien-Pao\n|move|p1a: Arcanine|Rock Slide|p2b: Tornadus|[spread] p2a,p2b\n|-resisted|p2a: Sneasler\n|-supereffective|p2b: Tornadus\n|-damage|p2a: Sneasler|68\/100\n|-damage|p2b: Tornadus|0 fnt\n|faint|p2b: Tornadus\n|\n|upkeep\n|\n|t:|1700911200\n|switch|p1b: Rillaboom|Rillaboom, L50, F|100\/100\n|switch|p2b: Shiftry|Shiftry, L50, M|100\/100\n|-ability|p2b: Shiftry|Wind Rider|boost\n|-boost|p2b: Shiftry|atk|1\n|-fieldstart|move: Grassy Terrain|[from] ability: Grassy Surge|[of] p1b: Rillaboom\n|turn|3\n|\n|t:|1700911216\n|switch|p1a: Gholdengo|Gholdengo, L50|100\/100\n|move|p2b: Shiftry|Fake Out|p1b: Rillaboom\n|-damage|p1b: Rillaboom|83\/100\n|cant|p1b: Rillaboom|flinch\n|move|p2a: Sneasler|Dire Claw|p1a: Gholdengo\n|-immune|p1a: Gholdengo\n|\n|-heal|p2a: Sneasler|73\/100|[from] Grassy Terrain\n|-heal|p1b: Rillaboom|89\/100|[from] Grassy Terrain\n|upkeep\n|turn|4\n|\n|t:|1700911239\n|switch|p2b: Chi-Yu|Chi-Yu, L50|100\/100\n|-ability|p2b: Chi-Yu|Beads of Ruin\n|switch|p1b: Arcanine|Arcanine-Hisui, L50, M, shiny, tera:Fairy|11\/100\n|-ability|p1b: Arcanine|Intimidate|boost\n|-fail|p2a: Sneasler|unboost|[from] item: Clear Amulet|[of] p2a: Sneasler\n|-unboost|p2b: Chi-Yu|atk|1\n|move|p2a: Sneasler|Dire Claw|p1b: Arcanine\n|-supereffective|p1b: Arcanine\n|-damage|p1b: Arcanine|0 fnt\n|faint|p1b: Arcanine\n|move|p1a: Gholdengo|Nasty Plot|p1a: Gholdengo\n|-boost|p1a: Gholdengo|spa|2\n|\n|-heal|p2a: Sneasler|79\/100|[from] Grassy Terrain\n|-sideend|p2: KaosCarter|move: Tailwind\n|upkeep\n|\n|t:|1700911255\n|switch|p1b: Rillaboom|Rillaboom, L50, F|89\/100\n|turn|5\n|\n|t:|1700911263\n|-terastallize|p2b: Chi-Yu|Ghost\n|move|p1b: Rillaboom|Fake Out|p2b: Chi-Yu\n|-immune|p2b: Chi-Yu\n|move|p2b: Chi-Yu|Dark Pulse|p1a: Gholdengo\n|-supereffective|p1a: Gholdengo\n|-damage|p1a: Gholdengo|0 fnt\n|faint|p1a: Gholdengo\n|move|p2a: Sneasler|Dire Claw|p1b: Rillaboom\n|-supereffective|p1b: Rillaboom\n|-damage|p1b: Rillaboom|0 fnt\n|faint|p1b: Rillaboom\n|\n|win|KaosCarter\n|c|&|\/uhtml prompt-cyalia12,Cyalia12 is ready for game 2!\n|inactive|KaosCarter has 50 seconds to confirm battle start!\n|inactive|KaosCarter has 40 seconds to confirm battle start!\n|c|&|\/uhtml prompt-kaoscarter,KaosCarter is ready for game 2!\nBoth players are ready! Starting next match!\n|l|\u2606Cyalia12\n","uploadtime":1700911281,"views":0,"p1id":"cyalia12","p2id":"kaoscarter","formatid":"gen9vgc2023regulatione","rating":0,"private":0,"password":""}