{"id":"gen9vgc2023regulatione-1989864274","p1":"Electroman102","p2":"tomachovgc","format":"[Gen 9] VGC 2023 Regulation E","log":"|j|\u2606Electroman102\n|j|\u2606tomachovgc\n|t:|1699902103\n|gametype|doubles\n|player|p1|Electroman102|1|1201\n|player|p2|tomachovgc|265|1321\n|teamsize|p1|4\n|teamsize|p2|6\n|gen|9\n|tier|[Gen 9] VGC 2023 Regulation E\n|rated|\n|rule|Species Clause: Limit one of each Pok\u00e9mon\n|rule|Item Clause: Limit one of each item\n|clearpoke\n|poke|p1|Dondozo, L50, M|\n|poke|p1|Tatsugiri, L50, F|\n|poke|p1|Iron Bundle, L50|\n|poke|p1|Weavile, L50, M|\n|poke|p2|Weezing, L50, F|\n|poke|p2|Arcanine, L50, M|\n|poke|p2|Sinistcha, L50|\n|poke|p2|Urshifu-*, L50, M|\n|poke|p2|Cresselia, L50, F|\n|poke|p2|Enamorus, L50, F|\n|teampreview|4\n|\n|t:|1699902151\n|start\n|switch|p1a: Weavile|Weavile, L50, M|100\/100\n|switch|p1b: Iron Bundle|Iron Bundle, L50|100\/100\n|switch|p2a: Weezing|Weezing, L50, F|100\/100\n|switch|p2b: Urshifu|Urshifu-Rapid-Strike, L50, M|100\/100\n|-ability|p2a: Weezing|Neutralizing Gas\n|turn|1\n|inactive|Battle timer is ON: inactive players will automatically lose when time's up. (requested by tomachovgc)\n|\n|t:|1699902172\n|switch|p2b: Cresselia|Cresselia, L50, F|100\/100\n|move|p1b: Iron Bundle|U-turn|p1a: Weavile\n|-supereffective|p1a: Weavile\n|-damage|p1a: Weavile|60\/100\n|-enditem|p1a: Weavile|Weakness Policy\n|-boost|p1a: Weavile|atk|2|[from] item: Weakness Policy\n|-boost|p1a: Weavile|spa|2|[from] item: Weakness Policy\n|\n|t:|1699902179\n|-end|p1b: Iron Bundle|Quark Drive|[silent]\n|switch|p1b: Tatsugiri|Tatsugiri, L50, F|100\/100|[from] U-turn\n|move|p1a: Weavile|Baton Pass|p1a: Weavile\n|\n|t:|1699902184\n|switch|p1a: Dondozo|Dondozo, L50, M|100\/100|[from] Baton Pass\n|move|p2a: Weezing|Will-O-Wisp|p1a: Dondozo\n|-status|p1a: Dondozo|brn\n|\n|-damage|p1a: Dondozo|94\/100 brn|[from] brn\n|-damage|p1b: Tatsugiri|88\/100|[from] item: Sticky Barb\n|upkeep\n|turn|2\n|\n|t:|1699902203\n|move|p1b: Tatsugiri|Helping Hand|p1a: Dondozo\n|-singleturn|p1a: Dondozo|Helping Hand|[of] p1b: Tatsugiri\n|move|p2b: Cresselia|Lunar Blessing||[still]|[spread] \n|-fail|p2b: Cresselia\n|move|p2a: Weezing|Haze|p2a: Weezing\n|-clearallboost\n|move|p1a: Dondozo|Wave Crash|p2a: Weezing\n|-damage|p2a: Weezing|72\/100\n|-damage|p1a: Dondozo|88\/100 brn|[from] Recoil\n|\n|-heal|p2a: Weezing|78\/100|[from] item: Leftovers\n|-heal|p1a: Dondozo|94\/100 brn|[from] item: Leftovers\n|-damage|p1a: Dondozo|88\/100 brn|[from] brn\n|-damage|p1b: Tatsugiri|75\/100|[from] item: Sticky Barb\n|upkeep\n|turn|3\n|-message|Electroman102 forfeited.\n|\n|win|tomachovgc\n|raw|Electroman102's rating: 1201 &rarr; <strong>1184<\/strong><br \/>(-17 for losing)\n|raw|tomachovgc's rating: 1321 &rarr; <strong>1334<\/strong><br \/>(+13 for winning)\n|l|\u2606Electroman102\n","uploadtime":1699902222,"views":19,"p1id":"electroman102","p2id":"tomachovgc","formatid":"gen9vgc2023regulatione","rating":1184,"private":0,"password":""}