{"id":"gen9vgc2023regulatione-1988857215","p1":"kidturtle","p2":"outv cruciani","format":"[Gen 9] VGC 2023 Regulation E","log":"|j|\u2606kidturtle\n|j|\u2606outv cruciani\n|t:|1699775019\n|gametype|doubles\n|player|p1|kidturtle|hoopster|\n|player|p2|outv cruciani|2|\n|teamsize|p1|6\n|teamsize|p2|6\n|gen|9\n|tier|[Gen 9] VGC 2023 Regulation E\n|rated|Tournament battle\n|rule|Species Clause: Limit one of each Pok\u00e9mon\n|rule|Item Clause: Limit one of each item\n|clearpoke\n|poke|p1|Ursaluna, L50, M|\n|poke|p1|Cresselia, L50, F|\n|poke|p1|Flutter Mane, L50|\n|poke|p1|Chi-Yu, L50|\n|poke|p1|Iron Hands, L50|\n|poke|p1|Urshifu-*, L50, M|\n|poke|p2|Sneasler, L50, F|\n|poke|p2|Indeedee-F, L50, F|\n|poke|p2|Armarouge, L50, F|\n|poke|p2|Urshifu-*, L50, F|\n|poke|p2|Chien-Pao, L50|\n|poke|p2|Tornadus, L50, M|\n|teampreview|4\n|showteam|p1|Ursaluna||FlameOrb|Guts|Facade,Earthquake,SwordsDance,Protect|||M|||50|,,,,,Ghost]Cresselia||MentalHerb|Levitate|IceBeam,AllySwitch,LunarBlessing,TrickRoom|||F|||50|,,,,,Fairy]Flutter Mane||BoosterEnergy|Protosynthesis|IcyWind,ShadowBall,Moonblast,Protect||||||50|,,,,,Fairy]Chi-Yu||ChoiceSpecs|BeadsofRuin|BurningJealousy,DarkPulse,Overheat,Snarl||||||50|,,,,,Ghost]Iron Hands||SitrusBerry|QuarkDrive|DrainPunch,WildCharge,FakeOut,SwordsDance||||||50|,,,,,Fire]Urshifu||FocusSash|UnseenFist|Detect,WickedBlow,CloseCombat,SuckerPunch|||M|||50|,,,,,Dark\n|showteam|p2|Sneasler||PsychicSeed|Unburden|DireClaw,CloseCombat,RockSlide,Protect|||F|||50|,,,,,Rock]Indeedee-F||RockyHelmet|PsychicSurge|FollowMe,Psyshock,HelpingHand,Protect|||F|||50|,,,,,Water]Armarouge||FocusSash|WeakArmor|ExpandingForce,ArmorCannon,Endure,WideGuard|||F|||50|,,,,,Grass]Urshifu-Rapid-Strike||ChoiceScarf|UnseenFist|SurgingStrikes,CloseCombat,Uturn,AquaJet|||F|||50|,,,,,Water]Chien-Pao||LifeOrb|SwordofRuin|IcicleCrash,IceShard,Crunch,Protect||||||50|,,,,,Poison]Tornadus||SharpBeak|Prankster|BleakwindStorm,Substitute,Tailwind,Protect|||M|||50|,,,,,Water\noutv cruciani has agreed to open team sheets.\n|inactive|Battle timer is ON: inactive players will automatically lose when time's up. (requested by kidturtle)\nkidturtle has agreed to open team sheets.\n|showteam|p1|Ursaluna||FlameOrb|Guts|Facade,Earthquake,SwordsDance,Protect|||M|||50|,,,,,Ghost]Cresselia||MentalHerb|Levitate|IceBeam,AllySwitch,LunarBlessing,TrickRoom|||F|||50|,,,,,Fairy]Flutter Mane||BoosterEnergy|Protosynthesis|IcyWind,ShadowBall,Moonblast,Protect||||||50|,,,,,Fairy]Chi-Yu||ChoiceSpecs|BeadsofRuin|BurningJealousy,DarkPulse,Overheat,Snarl||||||50|,,,,,Ghost]Iron Hands||SitrusBerry|QuarkDrive|DrainPunch,WildCharge,FakeOut,SwordsDance||||||50|,,,,,Fire]Urshifu||FocusSash|UnseenFist|Detect,WickedBlow,CloseCombat,SuckerPunch|||M|||50|,,,,,Dark\n|showteam|p2|Sneasler||PsychicSeed|Unburden|DireClaw,CloseCombat,RockSlide,Protect|||F|||50|,,,,,Rock]Indeedee-F||RockyHelmet|PsychicSurge|FollowMe,Psyshock,HelpingHand,Protect|||F|||50|,,,,,Water]Armarouge||FocusSash|WeakArmor|ExpandingForce,ArmorCannon,Endure,WideGuard|||F|||50|,,,,,Grass]Urshifu-Rapid-Strike||ChoiceScarf|UnseenFist|SurgingStrikes,CloseCombat,Uturn,AquaJet|||F|||50|,,,,,Water]Chien-Pao||LifeOrb|SwordofRuin|IcicleCrash,IceShard,Crunch,Protect||||||50|,,,,,Poison]Tornadus||SharpBeak|Prankster|BleakwindStorm,Substitute,Tailwind,Protect|||M|||50|,,,,,Water\n|inactive|outv cruciani has 30 seconds left.\n|inactive|outv cruciani has 20 seconds left.\n|inactive|outv cruciani has 15 seconds left.\n|inactive|outv cruciani has 10 seconds left.\n|\n|t:|1699775104\n|start\n|switch|p1a: Flutter Mane|Flutter Mane, L50, shiny|100\/100\n|switch|p1b: Chi-Yu|Chi-Yu, L50|100\/100\n|switch|p2a: Urshifu|Urshifu-Rapid-Strike, L50, F|100\/100\n|switch|p2b: Chien-Pao|Chien-Pao, L50|100\/100\n|-ability|p2b: Chien-Pao|Sword of Ruin\n|-ability|p1b: Chi-Yu|Beads of Ruin\n|-enditem|p1a: Flutter Mane|Booster Energy\n|-activate|p1a: Flutter Mane|ability: Protosynthesis|[fromitem]\n|-start|p1a: Flutter Mane|protosynthesisspe\n|turn|1\n|\n|t:|1699775127\n|-terastallize|p2a: Urshifu|Water\n|move|p2b: Chien-Pao|Protect|p2b: Chien-Pao\n|-singleturn|p2b: Chien-Pao|Protect\n|move|p1a: Flutter Mane|Icy Wind|p2b: Chien-Pao|[spread] p2a\n|-activate|p2b: Chien-Pao|move: Protect\n|-resisted|p2a: Urshifu\n|-damage|p2a: Urshifu|87\/100\n|-unboost|p2a: Urshifu|spe|1\n|move|p1b: Chi-Yu|Dark Pulse|p2a: Urshifu\n|-damage|p2a: Urshifu|0 fnt\n|faint|p2a: Urshifu\n|\n|upkeep\n|\n|t:|1699775138\n|switch|p2a: Sneasler|Sneasler, L50, F|100\/100\n|turn|2\n|j| XxAlferdbozoxX\n|\n|t:|1699775157\n|switch|p2b: Indeedee|Indeedee-F, L50, F|100\/100\n|-fieldstart|move: Psychic Terrain|[from] ability: Psychic Surge|[of] p2b: Indeedee\n|-enditem|p2a: Sneasler|Psychic Seed\n|-boost|p2a: Sneasler|spd|1|[from] item: Psychic Seed\n|move|p2a: Sneasler|Close Combat|p1b: Chi-Yu\n|-supereffective|p1b: Chi-Yu\n|-damage|p1b: Chi-Yu|0 fnt\n|-unboost|p2a: Sneasler|def|1\n|-unboost|p2a: Sneasler|spd|1\n|faint|p1b: Chi-Yu\n|move|p1a: Flutter Mane|Moonblast|p2a: Sneasler\n|-crit|p2a: Sneasler\n|-damage|p2a: Sneasler|2\/100\n|\n|upkeep\n|\n|t:|1699775172\n|switch|p1b: Cresselia|Cresselia, L50, F|100\/100\n|turn|3\n|\n|t:|1699775193\n|switch|p1b: Ursaluna|Ursaluna, L50, M|100\/100\n|move|p2b: Indeedee|Helping Hand|p2a: Sneasler\n|-singleturn|p2a: Sneasler|Helping Hand|[of] p2b: Indeedee\n|move|p2a: Sneasler|Dire Claw|p1a: Flutter Mane\n|-damage|p1a: Flutter Mane|0 fnt\n|faint|p1a: Flutter Mane\n|-end|p1a: Flutter Mane|Protosynthesis|[silent]\n|\n|-status|p1b: Ursaluna|brn|[from] item: Flame Orb\n|upkeep\n|\n|t:|1699775197\n|switch|p1a: Cresselia|Cresselia, L50, F|100\/100\n|turn|4\n|c| XxAlferdbozoxX|Protect flutter\n|inactive|kidturtle has 30 seconds left.\n|inactive|outv cruciani has 30 seconds left.\n|\n|t:|1699775224\n|move|p1b: Ursaluna|Protect|p1b: Ursaluna\n|-singleturn|p1b: Ursaluna|Protect\n|move|p2b: Indeedee|Follow Me|p2b: Indeedee\n|-singleturn|p2b: Indeedee|move: Follow Me\n|move|p2a: Sneasler|Close Combat|p1b: Ursaluna\n|-activate|p1b: Ursaluna|move: Protect\n|move|p1a: Cresselia|Trick Room|p1a: Cresselia\n|-fieldstart|move: Trick Room|[of] p1a: Cresselia\n|\n|-damage|p1b: Ursaluna|95\/100 brn|[from] brn\n|upkeep\n|turn|5\n|\n|t:|1699775240\n|-terastallize|p1b: Ursaluna|Ghost\n|move|p2b: Indeedee|Follow Me|p2b: Indeedee\n|-singleturn|p2b: Indeedee|move: Follow Me\n|move|p1b: Ursaluna|Facade|p2b: Indeedee\n|-damage|p2b: Indeedee|0 fnt\n|-damage|p1b: Ursaluna|78\/100 brn|[from] item: Rocky Helmet|[of] p2b: Indeedee\n|faint|p2b: Indeedee\n|move|p1a: Cresselia|Ice Beam|p2a: Sneasler\n|-damage|p2a: Sneasler|0 fnt\n|faint|p2a: Sneasler\n|\n|-damage|p1b: Ursaluna|72\/100 brn|[from] brn\n|upkeep\n|c| XxAlferdbozoxX|Earthquake\n|\n|t:|1699775250\n|switch|p2b: Chien-Pao|Chien-Pao, L50|100\/100\n|-ability|p2b: Chien-Pao|Sword of Ruin\n|turn|6\n|c|\u2606kidturtle|did you play in the wide league tour\n|inactive|kidturtle has 30 seconds left.\n|inactive|kidturtle has 20 seconds left.\n|\n|t:|1699775289\n|move|p2b: Chien-Pao|Protect|p2b: Chien-Pao\n|-singleturn|p2b: Chien-Pao|Protect\n|move|p1b: Ursaluna|Facade|p2b: Chien-Pao\n|-activate|p2b: Chien-Pao|move: Protect\n|move|p1a: Cresselia|Ice Beam|p2b: Chien-Pao\n|-activate|p2b: Chien-Pao|move: Protect\n|\n|-damage|p1b: Ursaluna|66\/100 brn|[from] brn\n|-fieldend|move: Psychic Terrain\n|upkeep\n|turn|7\n|\n|t:|1699775309\n|move|p2b: Chien-Pao|Protect|p2b: Chien-Pao\n|-singleturn|p2b: Chien-Pao|Protect\n|move|p1b: Ursaluna|Facade|p2b: Chien-Pao\n|-activate|p2b: Chien-Pao|move: Protect\n|move|p1a: Cresselia|Ice Beam|p2b: Chien-Pao\n|-activate|p2b: Chien-Pao|move: Protect\n|\n|-damage|p1b: Ursaluna|60\/100 brn|[from] brn\n|upkeep\n|turn|8\n|\n|t:|1699775313\n|move|p2b: Chien-Pao|Protect||[still]\n|-fail|p2b: Chien-Pao\n|move|p1b: Ursaluna|Facade|p2b: Chien-Pao\n|-damage|p2b: Chien-Pao|0 fnt\n|faint|p2b: Chien-Pao\n|\n|win|kidturtle\n|n|\u2606kidturtle|kidturtle\n|n|\u2606outv cruciani|outvcruciani\n|n| XxAlferdbozoxX|xxalferdbozoxx\n","uploadtime":1699775320,"views":13,"p1id":"kidturtle","p2id":"outvcruciani","formatid":"gen9vgc2023regulatione","rating":0,"private":0,"password":""}