{"id":"gen9vgc2023regulatione-1990244613","p1":"JamiWami","p2":"endygoto","format":"[Gen 9] VGC 2023 Regulation E","log":"|j|\u2606JamiWami\n|j|\u2606endygoto\n|n|\u2606JamiWami|jamiwami\n|n|\u2606endygoto|endygoto\n|html|View the match progress at <a href=\"\/game-bestof3-gen9vgc2023regulatione-1990242417\">game-bestof3-gen9vgc2023regulatione-1990242417<\/a>\n|t:|1699943555\n|gametype|doubles\n|player|p1|JamiWami|palmer|\n|player|p2|endygoto|pokemonranger-gen4|\n|teamsize|p1|6\n|teamsize|p2|6\n|gen|9\n|tier|[Gen 9] VGC 2023 Regulation E\n|rule|Species Clause: Limit one of each Pok\u00e9mon\n|rule|Item Clause: Limit one of each item\n|clearpoke\n|poke|p1|Cresselia, L50, F|\n|poke|p1|Iron Hands, L50|\n|poke|p1|Ursaluna-Bloodmoon, L50, M|\n|poke|p1|Urshifu-*, L50, M|\n|poke|p1|Ninetales-Alola, L50, F|\n|poke|p1|Torkoal, L50, M|\n|poke|p2|Landorus-Therian, L50, M|\n|poke|p2|Rillaboom, L50, M|\n|poke|p2|Heatran, L50, M|\n|poke|p2|Farigiraf, L50, F|\n|poke|p2|Empoleon, L50, F|\n|poke|p2|Zapdos, L50|\n|teampreview|4\nJamiWami has agreed to open team sheets.\nendygoto has agreed to open team sheets.\n|showteam|p1|Cresselia||MentalHerb|Levitate|LunarBlessing,TrickRoom,Psychic,HelpingHand|||F|||50|,,,,,Fairy]Iron Hands||AssaultVest|QuarkDrive|CloseCombat,FakeOut,WildCharge,IcePunch||||||50|,,,,,Grass]Ursaluna-Bloodmoon||LifeOrb|MindsEye|BloodMoon,EarthPower,Moonblast,Moonlight|||M|||50|,,,,,Fairy]Urshifu||ChoiceScarf|UnseenFist|Taunt,WickedBlow,CloseCombat,Uturn|||M|||50|,,,,,Dark]Ninetales-Alola||LightClay|SnowWarning|AuroraVeil,Blizzard,DazzlingGleam,Protect|||F|||50|,,,,,Ghost]Torkoal||Charcoal|Drought|Eruption,EarthPower,Flamethrower,Protect|||M|||50|,,,,,Fire\n|showteam|p2|Landorus-Therian||ChoiceScarf|Intimidate|StompingTantrum,RockSlide,Uturn,TeraBlast|||M|||50|,,,,,Flying]Rillaboom||AssaultVest|GrassySurge|WoodHammer,GrassyGlide,Uturn,FakeOut|||M|||50|,,,,,Fire]Heatran||LifeOrb|FlashFire|Protect,HeatWave,FlashCannon,EarthPower|||M|||50|,,,,,Grass]Farigiraf||SitrusBerry|ArmorTail|Protect,HyperVoice,ShadowBall,TrickRoom|||F|||50|,,,,,Normal]Empoleon||Leftovers|Competitive|Protect,HydroPump,FlashCannon,IceBeam|||F|||50|,,,,,Water]Zapdos||RockyHelmet|Static|Hurricane,Thunderbolt,Tailwind,Roost||||||50|,,,,,Electric\n|j| kinglysquizz\n|\n|t:|1699943657\n|start\n|switch|p1a: Urshifu|Urshifu, L50, M|100\/100\n|switch|p1b: Cresselia|Cresselia, L50, F, shiny|100\/100\n|switch|p2a: Landorus|Landorus-Therian, L50, M|100\/100\n|switch|p2b: Run|Heatran, L50, M|100\/100\n|-ability|p2a: Landorus|Intimidate|boost\n|-unboost|p1a: Urshifu|atk|1\n|-unboost|p1b: Cresselia|atk|1\n|turn|1\n|inactive|Battle timer is ON: inactive players will automatically lose when time's up. (requested by endygoto)\n|inactive|JamiWami has 60 seconds left.\n|inactive|endygoto has 60 seconds left.\n|inactive|JamiWami has 30 seconds left.\n|\n|t:|1699943726\n|-terastallize|p1a: Urshifu|Dark\n|move|p1a: Urshifu|Close Combat|p2b: Run\n|-supereffective|p2b: Run\n|-damage|p2b: Run|33\/100\n|-unboost|p1a: Urshifu|def|1\n|-unboost|p1a: Urshifu|spd|1\n|move|p2a: Landorus|U-turn|p1b: Cresselia\n|-supereffective|p1b: Cresselia\n|-damage|p1b: Cresselia|58\/100\n|\n|t:|1699943735\n|switch|p2a: Empress|Empoleon, L50, F|100\/100|[from] U-turn\n|move|p2b: Run|Flash Cannon|p1b: Cresselia\n|-damage|p1b: Cresselia|30\/100\n|-damage|p2b: Run|23\/100|[from] item: Life Orb\n|move|p1b: Cresselia|Trick Room|p1b: Cresselia\n|-fieldstart|move: Trick Room|[of] p1b: Cresselia\n|\n|upkeep\n|turn|2\n|inactive|JamiWami has 30 seconds left.\n|inactive|endygoto has 30 seconds left.\n|inactiveoff|Battle timer is now OFF.\n|inactive|Battle timer is ON: inactive players will automatically lose when time's up. (requested by endygoto)\n|inactive|endygoto has 30 seconds left.\n|\n|t:|1699943814\n|move|p2a: Empress|Flash Cannon|p1a: Urshifu\n|-damage|p1a: Urshifu|4\/100\n|move|p1b: Cresselia|Psychic|p2b: Run\n|-resisted|p2b: Run\n|-damage|p2b: Run|13\/100\n|move|p2b: Run|Heat Wave|p1a: Urshifu|[spread] p1a\n|-miss|p2b: Run|p1b: Cresselia\n|-damage|p1a: Urshifu|0 fnt\n|faint|p1a: Urshifu\n|-damage|p2b: Run|4\/100|[from] item: Life Orb\n|\n|upkeep\n|\n|t:|1699943834\n|switch|p1a: Iron Hands|Iron Hands, L50|100\/100\n|turn|3\n|\n|t:|1699943859\n|move|p1a: Iron Hands|Wild Charge|p2a: Empress\n|-supereffective|p2a: Empress\n|-damage|p2a: Empress|0 fnt\n|faint|p2a: Empress\n|-damage|p1a: Iron Hands|82\/100|[from] Recoil\n|move|p1b: Cresselia|Psychic|p2b: Run\n|-resisted|p2b: Run\n|-damage|p2b: Run|0 fnt\n|faint|p2b: Run\n|\n|upkeep\n|\n|t:|1699943868\n|switch|p2a: Zippy|Zapdos, L50|100\/100\n|switch|p2b: Landorus|Landorus-Therian, L50, M|100\/100\n|-ability|p2b: Landorus|Intimidate|boost\n|-unboost|p1a: Iron Hands|atk|1\n|-unboost|p1b: Cresselia|atk|1\n|turn|4\n|\n|t:|1699943892\n|-terastallize|p2b: Landorus|Flying\n|move|p1b: Cresselia|Helping Hand|p1a: Iron Hands\n|-singleturn|p1a: Iron Hands|Helping Hand|[of] p1b: Cresselia\n|move|p1a: Iron Hands|Ice Punch|p2b: Landorus\n|-supereffective|p2b: Landorus\n|-damage|p2b: Landorus|25\/100\n|move|p2a: Zippy|Hurricane|p1a: Iron Hands\n|-damage|p1a: Iron Hands|55\/100\n|move|p2b: Landorus|Tera Blast|p1b: Cresselia|[anim] Tera Blast Flying\n|-damage|p1b: Cresselia|0 fnt\n|faint|p1b: Cresselia\n|\n|upkeep\n|\n|t:|1699943904\n|switch|p1b: Ursaluna|Ursaluna-Bloodmoon, L50, M|100\/100\n|turn|5\n|\n|t:|1699943923\n|move|p1a: Iron Hands|Ice Punch|p2b: Landorus\n|-supereffective|p2b: Landorus\n|-damage|p2b: Landorus|0 fnt\n|faint|p2b: Landorus\n|move|p1b: Ursaluna|Blood Moon|p2a: Zippy\n|-damage|p2a: Zippy|0 fnt\n|faint|p2a: Zippy\n|-damage|p1b: Ursaluna|90\/100|[from] item: Life Orb\n|\n|win|JamiWami\n|l|\u2606JamiWami\n","uploadtime":1699943978,"views":15,"p1id":"jamiwami","p2id":"endygoto","formatid":"gen9vgc2023regulatione","rating":0,"private":0,"password":""}