{"id":"gen9vgc2023regulatione-1998522765","p1":"DomsDome","p2":"Spookz_Legend","format":"[Gen 9] VGC 2023 Regulation E","log":"|j|\u2606DomsDome\n|j|\u2606Spookz_Legend\n|n|\u2606DomsDome|domsdome\n|n|\u2606Spookz_Legend|spookzlegend\n|html|View the match progress at <a href=\"\/game-bestof3-gen9vgc2023regulatione-1998519818\">game-bestof3-gen9vgc2023regulatione-1998519818<\/a>\n|t:|1700951951\n|gametype|doubles\n|player|p1|DomsDome|101|\n|player|p2|Spookz_Legend|cheren|\n|teamsize|p1|6\n|teamsize|p2|6\n|gen|9\n|tier|[Gen 9] VGC 2023 Regulation E\n|rule|Species Clause: Limit one of each Pok\u00e9mon\n|rule|Item Clause: Limit one of each item\n|clearpoke\n|poke|p1|Meowscarada, L50, F|\n|poke|p1|Indeedee-F, L50, F|\n|poke|p1|Dusclops, L50, M|\n|poke|p1|Hydreigon, L50, F|\n|poke|p1|Glaceon, L50, F|\n|poke|p1|Torkoal, L50, M|\n|poke|p2|Ursaluna-Bloodmoon, L50, M|\n|poke|p2|Sneasler, L50, M|\n|poke|p2|Sinistcha, L50|\n|poke|p2|Pincurchin, L50, F|\n|poke|p2|Furret, L50, M|\n|poke|p2|Magneton, L50|\n|teampreview|4\n|c|\u2606DomsDome|glhf\n|c|\u2606Spookz_Legend|gl hf\n|j| REDIVGC\nSpookz_Legend rejected open team sheets.\n|\n|t:|1700952029\n|start\n|switch|p1a: Dusclops|Dusclops, L50, M|100\/100\n|switch|p1b: Torkoal|Torkoal, L50, M|100\/100\n|switch|p2a: Ursaluna|Ursaluna-Bloodmoon, L50, M|100\/100\n|switch|p2b: Sneasler|Sneasler, L50, M|100\/100\n|-weather|SunnyDay|[from] ability: Drought|[of] p1b: Torkoal\n|-ability|p1a: Dusclops|Pressure\n|turn|1\n|\n|t:|1700952126\n|-terastallize|p2b: Sneasler|Dark\n|-terastallize|p1b: Torkoal|Grass\n|move|p1a: Dusclops|Helping Hand|p1b: Torkoal\n|-singleturn|p1b: Torkoal|Helping Hand|[of] p1a: Dusclops\n|move|p2b: Sneasler|Night Slash|p1a: Dusclops\n|-supereffective|p1a: Dusclops\n|-damage|p1a: Dusclops|40\/100\n|-status|p1a: Dusclops|psn|[from] ability: Poison Touch|[of] p2b: Sneasler\n|move|p2a: Ursaluna|Earth Power|p1a: Dusclops\n|-damage|p1a: Dusclops|0 fnt\n|faint|p1a: Dusclops\n|move|p1b: Torkoal|Eruption|p2b: Sneasler|[spread] p2a,p2b\n|-crit|p2b: Sneasler\n|-damage|p2a: Ursaluna|0 fnt\n|-damage|p2b: Sneasler|0 fnt\n|faint|p2a: Ursaluna\n|faint|p2b: Sneasler\n|\n|-weather|SunnyDay|[upkeep]\n|upkeep\n|c|\u2606Spookz_Legend|gg\n|c|\u2606DomsDome|it's not over til it's over\n|c|\u2606Spookz_Legend|its over\n|\n|t:|1700952172\n|switch|p2b: Pincurchin|Pincurchin, L50, F|100\/100\n|switch|p2a: Sinistcha|Sinistcha, L50|100\/100\n|switch|p1a: Hydreigon|Hydreigon, L50, F|100\/100\n|-fieldstart|move: Electric Terrain|[from] ability: Electric Surge|[of] p2b: Pincurchin\n|-enditem|p2b: Pincurchin|Electric Seed\n|-boost|p2b: Pincurchin|def|1|[from] item: Electric Seed\n|turn|2\n|\n|t:|1700952187\n|move|p1a: Hydreigon|Dark Pulse|p2a: Sinistcha\n|-supereffective|p2a: Sinistcha\n|-damage|p2a: Sinistcha|16\/100\n|-enditem|p2a: Sinistcha|Sitrus Berry|[eat]\n|-heal|p2a: Sinistcha|41\/100|[from] item: Sitrus Berry\n|move|p2a: Sinistcha|Shadow Ball|p1b: Torkoal\n|-damage|p1b: Torkoal|55\/100\n|-unboost|p1b: Torkoal|spd|1\n|move|p1b: Torkoal|Heat Wave|p2b: Pincurchin|[spread] p2a,p2b\n|-supereffective|p2a: Sinistcha\n|-damage|p2a: Sinistcha|0 fnt\n|-damage|p2b: Pincurchin|34\/100\n|faint|p2a: Sinistcha\n|move|p2b: Pincurchin|Thunderbolt|p1a: Hydreigon\n|-resisted|p1a: Hydreigon\n|-damage|p1a: Hydreigon|86\/100\n|\n|-weather|SunnyDay|[upkeep]\n|upkeep\n|turn|3\n|\n|t:|1700952218\n|switch|p1b: Glaceon|Glaceon, L50, F|100\/100\n|move|p1a: Hydreigon|Earth Power|p2b: Pincurchin\n|-supereffective|p2b: Pincurchin\n|-damage|p2b: Pincurchin|0 fnt\n|faint|p2b: Pincurchin\n|\n|win|DomsDome\n|c|\u2606Spookz_Legend|gg\n|c|\u2606DomsDome|gg\n|l|\u2606Spookz_Legend\n|c|\u2606DomsDome|wp\n|l| REDIVGC\n","uploadtime":1700952435,"views":13,"p1id":"domsdome","p2id":"spookzlegend","formatid":"gen9vgc2023regulatione","rating":0,"private":0,"password":""}