{"id":"gen9vgc2023regulatione-1998026127","p1":"Natrox1998","p2":"porygon peo","format":"[Gen 9] VGC 2023 Regulation E","log":"|j|\u2606Natrox1998\n|j|\u2606porygon peo\n|n|\u2606Natrox1998|natrox1998\n|n|\u2606porygon peo|porygonpeo\n|html|View the match progress at <a href=\"\/game-bestof3-gen9vgc2023regulatione-1998026126\">game-bestof3-gen9vgc2023regulatione-1998026126<\/a>\n|t:|1700880601\n|gametype|doubles\n|player|p1|Natrox1998|170|\n|player|p2|porygon peo|169|\n|teamsize|p1|6\n|teamsize|p2|6\n|gen|9\n|tier|[Gen 9] VGC 2023 Regulation E\n|rule|Species Clause: Limit one of each Pok\u00e9mon\n|rule|Item Clause: Limit one of each item\n|clearpoke\n|poke|p1|Urshifu-*, L50, F|\n|poke|p1|Gholdengo, L50|\n|poke|p1|Rillaboom, L50, F|\n|poke|p1|Tornadus, L50, M|\n|poke|p1|Arcanine-Hisui, L50, F|\n|poke|p1|Flutter Mane, L50|\n|poke|p2|Landorus-Therian, L50, M|\n|poke|p2|Heatran, L50, M|\n|poke|p2|Ogerpon-Wellspring, L50, F|\n|poke|p2|Iron Hands, L50|\n|poke|p2|Farigiraf, L50, M|\n|poke|p2|Ninetales-Alola, L50, F|\n|teampreview|4\nporygon peo has agreed to open team sheets.\nNatrox1998 has agreed to open team sheets.\n|showteam|p1|Urshifu-Rapid-Strike||MysticWater|UnseenFist|SurgingStrikes,CloseCombat,AquaJet,Protect|||F|||50|,,,,,Water]Gholdengo||Leftovers|GoodasGold|MakeItRain,ShadowBall,NastyPlot,Protect||||||50|,,,,,Dragon]Rillaboom||AssaultVest|GrassySurge|FakeOut,GrassyGlide,WoodHammer,Uturn|||F|||50|,,,,,Fire]Tornadus||CovertCloak|Prankster|Tailwind,RainDance,Taunt,BleakwindStorm|||M|||50|,,,,,Ghost]Arcanine-Hisui||ChoiceBand|Intimidate|RockSlide,FlareBlitz,TeraBlast,ExtremeSpeed|||F|||50|,,,,,Fairy]Flutter Mane||ChoiceSpecs|Protosynthesis|DazzlingGleam,Moonblast,ShadowBall,TeraBlast||||||50|,,,,,Fairy\n|showteam|p2|Landorus-Therian||ChoiceScarf|Intimidate|StompingTantrum,RockSlide,Uturn,TeraBlast|||M|||50|,,,,,Flying]Heatran||Leftovers|FlashFire|MagmaStorm,EarthPower,TeraBlast,Protect|||M|||50|,,,,,Grass]Ogerpon-Wellspring||WellspringMask|WaterAbsorb|IvyCudgel,HornLeech,SwordsDance,SpikyShield|||F|||50|,,,,,Water]Iron Hands||AssaultVest|QuarkDrive|FakeOut,WildCharge,DrainPunch,HeavySlam||||||50|,,,,,Water]Farigiraf||SitrusBerry|ArmorTail|Psychic,DazzlingGleam,TrickRoom,Protect|||M|||50|,,,,,Fairy]Ninetales-Alola||LightClay|SnowWarning|Moonblast,IcyWind,AuroraVeil,Protect|||F|||50|,,,,,Water\n|inactive|Battle timer is ON: inactive players will automatically lose when time's up. (requested by porygon peo)\n|inactive|Natrox1998 has 60 seconds left.\n|inactive|Natrox1998 has 30 seconds left.\n|inactive|Natrox1998 has 20 seconds left.\n|inactive|Natrox1998 has 15 seconds left.\n|inactive|Natrox1998 has 10 seconds left.\n|inactive|Natrox1998 has 5 seconds left.\n|\n|t:|1700880721\n|start\n|switch|p1a: goldmember|Gholdengo, L50|100\/100\n|switch|p1b: Arcanine|Arcanine-Hisui, L50, F|100\/100\n|switch|p2a: Ogerpon|Ogerpon-Wellspring, L50, F|100\/100\n|switch|p2b: Farigiraf|Farigiraf, L50, M|100\/100\n|-ability|p1b: Arcanine|Intimidate|boost\n|-unboost|p2a: Ogerpon|atk|1\n|-unboost|p2b: Farigiraf|atk|1\n|turn|1\n|inactive|Natrox1998 has 30 seconds left.\n|inactive|porygon peo has 30 seconds left.\n|inactive|Natrox1998 has 20 seconds left.\n|inactive|Natrox1998 has 15 seconds left.\n|inactive|porygon peo has 20 seconds left.\n|inactive|Natrox1998 has 10 seconds left.\n|inactive|porygon peo has 15 seconds left.\n|inactive|Natrox1998 has 5 seconds left.\n|inactive|porygon peo has 10 seconds left.\n|\n|t:|1700880775\n|switch|p2b: Iron Hands|Iron Hands, L50|100\/100\n|-terastallize|p1b: Arcanine|Fairy\n|move|p1b: Arcanine|Tera Blast|p2a: Ogerpon|[anim] Tera Blast Fairy\n|-damage|p2a: Ogerpon|47\/100\n|move|p1a: goldmember|Nasty Plot|p1a: goldmember\n|-boost|p1a: goldmember|spa|2\n|move|p2a: Ogerpon|Swords Dance|p2a: Ogerpon\n|-boost|p2a: Ogerpon|atk|2\n|\n|upkeep\n|turn|2\n|inactive|Natrox1998 has 30 seconds left.\n|inactive|porygon peo has 30 seconds left.\n|inactive|porygon peo has 20 seconds left.\n|inactive|porygon peo has 15 seconds left.\n|\n|t:|1700880815\n|-terastallize|p2a: Ogerpon|Water\n|detailschange|p2a: Ogerpon|Ogerpon-Wellspring-Tera, L50, F, tera:Water\n|-ability|p2a: Ogerpon|Embody Aspect (Wellspring)|boost\n|-boost|p2a: Ogerpon|spd|1\n|move|p2b: Iron Hands|Fake Out|p1b: Arcanine\n|-damage|p1b: Arcanine|79\/100\n|cant|p1b: Arcanine|flinch\n|move|p1a: goldmember|Shadow Ball|p2a: Ogerpon\n|-damage|p2a: Ogerpon|0 fnt\n|faint|p2a: Ogerpon\n|\n|upkeep\n|\n|t:|1700880827\n|switch|p2a: Heatran|Heatran, L50, M|100\/100\n|turn|3\n|\n|t:|1700880845\n|-end|p2b: Iron Hands|Quark Drive|[silent]\n|switch|p2b: Farigiraf|Farigiraf, L50, M|100\/100\n|move|p1a: goldmember|Protect|p1a: goldmember\n|-singleturn|p1a: goldmember|Protect\n|move|p1b: Arcanine|Tera Blast|p2b: Farigiraf|[anim] Tera Blast Fairy\n|-damage|p2b: Farigiraf|58\/100\n|move|p2a: Heatran|Magma Storm|p1a: goldmember\n|-activate|p1a: goldmember|move: Protect\n|\n|upkeep\n|turn|4\n|inactive|Natrox1998 has 30 seconds left.\n|inactive|Natrox1998 has 20 seconds left.\n|\n|t:|1700880882\n|move|p1b: Arcanine|Tera Blast|p2b: Farigiraf|[anim] Tera Blast Fairy\n|-damage|p2b: Farigiraf|9\/100\n|-enditem|p2b: Farigiraf|Sitrus Berry|[eat]\n|-heal|p2b: Farigiraf|34\/100|[from] item: Sitrus Berry\n|move|p1a: goldmember|Make It Rain|p2a: Heatran|[spread] p2a,p2b\n|-resisted|p2a: Heatran\n|-damage|p2a: Heatran|83\/100\n|-damage|p2b: Farigiraf|0 fnt\n|-unboost|p1a: goldmember|spa|1\n|faint|p2b: Farigiraf\n|move|p2a: Heatran|Magma Storm|p1a: goldmember|[miss]\n|-miss|p2a: Heatran|p1a: goldmember\n|\n|-heal|p2a: Heatran|89\/100|[from] item: Leftovers\n|upkeep\n|\n|t:|1700880889\n|switch|p2b: Iron Hands|Iron Hands, L50|100\/100\n|turn|5\n|\n|t:|1700880912\n|move|p2b: Iron Hands|Fake Out|p1b: Arcanine\n|-damage|p1b: Arcanine|57\/100\n|cant|p1b: Arcanine|flinch\n|move|p1a: goldmember|Shadow Ball|p2a: Heatran\n|-damage|p2a: Heatran|38\/100\n|move|p2a: Heatran|Magma Storm|p1a: goldmember|[miss]\n|-miss|p2a: Heatran|p1a: goldmember\n|\n|-heal|p2a: Heatran|44\/100|[from] item: Leftovers\n|upkeep\n|turn|6\n|\n|t:|1700880926\n|move|p1b: Arcanine|Tera Blast|p2b: Iron Hands|[anim] Tera Blast Fairy\n|-supereffective|p2b: Iron Hands\n|-damage|p2b: Iron Hands|13\/100\n|move|p1a: goldmember|Shadow Ball|p2a: Heatran\n|-damage|p2a: Heatran|0 fnt\n|faint|p2a: Heatran\n|move|p2b: Iron Hands|Heavy Slam|p1b: Arcanine\n|-supereffective|p1b: Arcanine\n|-damage|p1b: Arcanine|0 fnt\n|faint|p1b: Arcanine\n|\n|upkeep\n|\n|t:|1700880945\n|switch|p1b: Lakitus|Tornadus, L50, M|100\/100\n|turn|7\n|-message|porygon peo forfeited.\n|\n|win|Natrox1998\n|l|\u2606porygon peo\n|c|&|\/uhtml prompt-porygonpeo,porygon peo is ready for game 2!\n|c|&|\/uhtml prompt-natrox1998,Natrox1998 is ready for game 2!\nBoth players are ready! Starting next match!\n","uploadtime":1700881613,"views":4,"p1id":"natrox1998","p2id":"porygonpeo","formatid":"gen9vgc2023regulatione","rating":0,"private":0,"password":""}