{"id":"gen9vgc2023regulatione-1994515433","p1":"rjhndkf","p2":"Kardaius","format":"[Gen 9] VGC 2023 Regulation E","log":"|j|\u2606rjhndkf\n|j|\u2606Kardaius\n|t:|1700453216\n|gametype|doubles\n|player|p1|rjhndkf|hilbert|1044\n|player|p2|Kardaius|169|1044\n|teamsize|p1|6\n|teamsize|p2|6\n|gen|9\n|tier|[Gen 9] VGC 2023 Regulation E\n|rated|\n|rule|Species Clause: Limit one of each Pok\u00e9mon\n|rule|Item Clause: Limit one of each item\n|clearpoke\n|poke|p1|Regieleki, L50|\n|poke|p1|Flutter Mane, L50|\n|poke|p1|Amoonguss, L50, F|\n|poke|p1|Chi-Yu, L50|\n|poke|p1|Landorus, L50, M|\n|poke|p1|Urshifu-*, L50, M|\n|poke|p2|Sneasler, L50, M|\n|poke|p2|Torkoal, L50, M|\n|poke|p2|Amoonguss, L50, M|\n|poke|p2|Dusknoir, L50, F|\n|poke|p2|Ogerpon-Wellspring, L50, F|\n|poke|p2|Eelektross, L50, M|\n|teampreview|4\nrjhndkf rejected open team sheets.\n|\n|t:|1700453240\n|start\n|switch|p1a: Regieleki|Regieleki, L50, shiny|100\/100\n|switch|p1b: Chi-Yu|Chi-Yu, L50|100\/100\n|switch|p2a: Torkoal|Torkoal, L50, M|100\/100\n|switch|p2b: Dusknoir|Dusknoir, L50, F|100\/100\n|-ability|p1b: Chi-Yu|Beads of Ruin\n|-item|p1a: Regieleki|Magnet|[from] ability: Frisk|[of] p2b: Dusknoir|[identify]\n|-item|p1b: Chi-Yu|Choice Specs|[from] ability: Frisk|[of] p2b: Dusknoir|[identify]\n|-weather|SunnyDay|[from] ability: Drought|[of] p2a: Torkoal\n|turn|1\n|inactive|Battle timer is ON: inactive players will automatically lose when time's up. (requested by rjhndkf)\n|\n|t:|1700453261\n|-terastallize|p1b: Chi-Yu|Fire\n|move|p1a: Regieleki|Electroweb|p2b: Dusknoir|[spread] p2a,p2b\n|-damage|p2a: Torkoal|67\/100\n|-damage|p2b: Dusknoir|68\/100\n|-unboost|p2a: Torkoal|spe|1\n|-unboost|p2b: Dusknoir|spe|1\n|move|p1b: Chi-Yu|Heat Wave|p2b: Dusknoir|[spread] p2a\n|-miss|p1b: Chi-Yu|p2b: Dusknoir\n|-resisted|p2a: Torkoal\n|-damage|p2a: Torkoal|3\/100\n|move|p2b: Dusknoir|Earthquake|p1a: Regieleki|[spread] p2a,p1a,p1b\n|-supereffective|p2a: Torkoal\n|-supereffective|p1a: Regieleki\n|-supereffective|p1b: Chi-Yu\n|-damage|p2a: Torkoal|0 fnt\n|-damage|p1a: Regieleki|0 fnt\n|-damage|p1b: Chi-Yu|20\/100\n|faint|p2a: Torkoal\n|faint|p1a: Regieleki\n|\n|-weather|SunnyDay|[upkeep]\n|upkeep\n|\n|t:|1700453280\n|switch|p1a: Flutter Mane|Flutter Mane, L50|100\/100\n|switch|p2a: Amoonguss|Amoonguss, L50, M|100\/100\n|-activate|p1a: Flutter Mane|ability: Protosynthesis\n|-start|p1a: Flutter Mane|protosynthesisspe\n|turn|2\n|\n|t:|1700453291\n|move|p2a: Amoonguss|Rage Powder|p2a: Amoonguss\n|-singleturn|p2a: Amoonguss|move: Rage Powder\n|move|p1a: Flutter Mane|Dazzling Gleam|p2b: Dusknoir|[spread] p2a,p2b\n|-resisted|p2a: Amoonguss\n|-damage|p2a: Amoonguss|86\/100\n|-damage|p2b: Dusknoir|30\/100\n|move|p1b: Chi-Yu|Heat Wave|p2b: Dusknoir|[spread] p2a,p2b\n|-supereffective|p2a: Amoonguss\n|-damage|p2a: Amoonguss|0 fnt\n|-damage|p2b: Dusknoir|0 fnt\n|faint|p2a: Amoonguss\n|faint|p2b: Dusknoir\n|\n|-weather|SunnyDay|[upkeep]\n|upkeep\n|\n|t:|1700453305\n|switch|p2b: Sneasler|Sneasler, L50, M, shiny|100\/100\n|turn|3\n|\n|t:|1700453324\n|move|p1a: Flutter Mane|Shadow Ball|p2b: Sneasler\n|-damage|p2b: Sneasler|22\/100\n|-unboost|p2b: Sneasler|spd|1\n|move|p2b: Sneasler|Dire Claw|p1b: Chi-Yu\n|-damage|p1b: Chi-Yu|0 fnt\n|faint|p1b: Chi-Yu\n|-damage|p2b: Sneasler|13\/100|[from] item: Life Orb\n|\n|-weather|SunnyDay|[upkeep]\n|upkeep\n|\n|t:|1700453332\n|switch|p1b: Urshifu|Urshifu, L50, M|100\/100\n|turn|4\n|\n|t:|1700453339\n|-terastallize|p2b: Sneasler|Fairy\n|move|p1b: Urshifu|Sucker Punch|p2b: Sneasler\n|-resisted|p2b: Sneasler\n|-damage|p2b: Sneasler|0 fnt\n|faint|p2b: Sneasler\n|\n|win|rjhndkf\n|raw|rjhndkf's rating: 1044 &rarr; <strong>1077<\/strong><br \/>(+33 for winning)\n|raw|Kardaius's rating: 1044 &rarr; <strong>1027<\/strong><br \/>(-17 for losing)\n","uploadtime":1700453346,"views":7,"p1id":"rjhndkf","p2id":"kardaius","formatid":"gen9vgc2023regulatione","rating":1027,"private":0,"password":""}