{"id":"gen9vgc2023regulatione-1989184571","p1":"thebigmacky","p2":"Box29","format":"[Gen 9] VGC 2023 Regulation E","log":"|j|\u2606thebigmacky\n|j|\u2606Box29\n|t:|1699821112\n|gametype|doubles\n|player|p1|thebigmacky|cynthia-gen4|1399\n|player|p2|Box29|266|1418\n|teamsize|p1|6\n|teamsize|p2|6\n|gen|9\n|tier|[Gen 9] VGC 2023 Regulation E\n|rated|\n|rule|Species Clause: Limit one of each Pok\u00e9mon\n|rule|Item Clause: Limit one of each item\n|clearpoke\n|poke|p1|Landorus-Therian, L50, M|\n|poke|p1|Tornadus, L50, M|\n|poke|p1|Volcarona, L50, M|\n|poke|p1|Urshifu-*, L50, F|\n|poke|p1|Chien-Pao, L50|\n|poke|p1|Rillaboom, L50, M|\n|poke|p2|Urshifu-*, L50, M|\n|poke|p2|Oranguru, L50, M|\n|poke|p2|Indeedee-F, L50, F|\n|poke|p2|Ursaluna-Bloodmoon, L50, M|\n|poke|p2|Chien-Pao, L50|\n|poke|p2|Ogerpon-Hearthflame, L50, F|\n|teampreview|4\n|inactive|Battle timer is ON: inactive players will automatically lose when time's up. (requested by Box29)\n|\n|t:|1699821135\n|start\n|switch|p1a: Volcarona|Volcarona, L50, M|100\/100\n|switch|p1b: Landorus|Landorus-Therian, L50, M|100\/100\n|switch|p2a: BtoB|Urshifu-Rapid-Strike, L50, M|100\/100\n|switch|p2b: Oranguru|Oranguru, L50, M|100\/100\n|-ability|p1b: Landorus|Intimidate|boost\n|-unboost|p2a: BtoB|atk|1\n|-fail|p2b: Oranguru|unboost|Attack|[from] ability: Inner Focus|[of] p2b: Oranguru\n|turn|1\n|\n|t:|1699821147\n|-terastallize|p1a: Volcarona|Dragon\n|move|p1a: Volcarona|Rage Powder|p1a: Volcarona\n|-singleturn|p1a: Volcarona|move: Rage Powder\n|move|p1b: Landorus|U-turn|p2b: Oranguru\n|-supereffective|p2b: Oranguru\n|-damage|p2b: Oranguru|54\/100\n|\n|t:|1699821152\n|switch|p1b: Rillaboom|Rillaboom, L50, M|100\/100|[from] U-turn\n|-fieldstart|move: Grassy Terrain|[from] ability: Grassy Surge|[of] p1b: Rillaboom\n|move|p2a: BtoB|U-turn|p1a: Volcarona\n|-damage|p1a: Volcarona|85\/100\n|-damage|p2a: BtoB|84\/100|[from] item: Rocky Helmet|[of] p1a: Volcarona\n|\n|t:|1699821160\n|switch|p2a: Ursaluna|Ursaluna-Bloodmoon, L50, M|100\/100|[from] U-turn\n|move|p2b: Oranguru|Trick Room|p2b: Oranguru\n|-fieldstart|move: Trick Room|[of] p2b: Oranguru\n|\n|-heal|p2b: Oranguru|60\/100|[from] Grassy Terrain\n|-heal|p1a: Volcarona|92\/100|[from] Grassy Terrain\n|upkeep\n|turn|2\n|\n|t:|1699821182\n|move|p2a: Ursaluna|Protect|p2a: Ursaluna\n|-singleturn|p2a: Ursaluna|Protect\n|move|p1b: Rillaboom|Fake Out|p2b: Oranguru\n|-damage|p2b: Oranguru|49\/100\n|move|p2b: Oranguru|Encore|p1a: Volcarona\n|-start|p1a: Volcarona|Encore\n|move|p1a: Volcarona|Rage Powder|p1a: Volcarona\n|-singleturn|p1a: Volcarona|move: Rage Powder\n|\n|-heal|p2b: Oranguru|55\/100|[from] Grassy Terrain\n|-heal|p1a: Volcarona|98\/100|[from] Grassy Terrain\n|upkeep\n|turn|3\n|\n|t:|1699821197\n|switch|p1a: Chien-Pao|Chien-Pao, L50|100\/100\n|-ability|p1a: Chien-Pao|Sword of Ruin\n|-terastallize|p2a: Ursaluna|Grass\n|move|p1b: Rillaboom|Grassy Glide|p2a: Ursaluna\n|-resisted|p2a: Ursaluna\n|-damage|p2a: Ursaluna|83\/100\n|move|p2a: Ursaluna|Hyper Voice|p1a: Chien-Pao|[spread] p1a,p1b\n|-damage|p1a: Chien-Pao|39\/100\n|-damage|p1b: Rillaboom|74\/100\n|-enditem|p2a: Ursaluna|Throat Spray\n|-boost|p2a: Ursaluna|spa|1|[from] item: Throat Spray\n|move|p2b: Oranguru|Instruct|p2a: Ursaluna\n|-singleturn|p2a: Ursaluna|move: Instruct|[of] p2b: Oranguru\n|move|p2a: Ursaluna|Hyper Voice|p1b: Rillaboom|[spread] p1a,p1b\n|-damage|p1a: Chien-Pao|0 fnt\n|-damage|p1b: Rillaboom|34\/100\n|faint|p1a: Chien-Pao\n|\n|-heal|p2a: Ursaluna|89\/100|[from] Grassy Terrain\n|-heal|p2b: Oranguru|61\/100|[from] Grassy Terrain\n|-heal|p1b: Rillaboom|40\/100|[from] Grassy Terrain\n|upkeep\n|\n|t:|1699821206\n|switch|p1a: Volcarona|Volcarona, L50, M, tera:Dragon|98\/100\n|turn|4\n|\n|t:|1699821226\n|move|p2a: Ursaluna|Blood Moon|p1b: Rillaboom\n|-damage|p1b: Rillaboom|0 fnt\n|faint|p1b: Rillaboom\n|move|p2b: Oranguru|Instruct|p2a: Ursaluna\n|-singleturn|p2a: Ursaluna|move: Instruct|[of] p2b: Oranguru\n|move|p2a: Ursaluna|Blood Moon|p1a: Volcarona\n|-damage|p1a: Volcarona|0 fnt\n|faint|p1a: Volcarona\n|-hint|Some effects can force a Pokemon to use Blood Moon again in a row.\n|\n|-heal|p2a: Ursaluna|96\/100|[from] Grassy Terrain\n|-heal|p2b: Oranguru|68\/100|[from] Grassy Terrain\n|upkeep\n|-message|thebigmacky forfeited.\n|\n|win|Box29\n|raw|thebigmacky's rating: 1399 &rarr; <strong>1380<\/strong><br \/>(-19 for losing)\n|raw|Box29's rating: 1418 &rarr; <strong>1437<\/strong><br \/>(+19 for winning)\n|l|\u2606thebigmacky\n","uploadtime":1699821269,"views":12,"p1id":"thebigmacky","p2id":"box29","formatid":"gen9vgc2023regulatione","rating":1380,"private":0,"password":""}