{"id":"gen9vgc2023regulatione-1989052989","p1":"Covus96","p2":"FreeSpirit089","format":"[Gen 9] VGC 2023 Regulation E","log":"|j|\u2606Covus96\n|j|\u2606FreeSpirit089\n|n|\u2606Covus96|covus96\n|n|\u2606FreeSpirit089|freespirit089\n|html|View the match progress at <a href=\"\/game-bestof3-gen9vgc2023regulatione-1989050652\">game-bestof3-gen9vgc2023regulatione-1989050652<\/a>\n|t:|1699806944\n|gametype|doubles\n|player|p1|Covus96|cynthia|\n|player|p2|FreeSpirit089|ninjaboy|\n|teamsize|p1|6\n|teamsize|p2|6\n|gen|9\n|tier|[Gen 9] VGC 2023 Regulation E\n|rule|Species Clause: Limit one of each Pok\u00e9mon\n|rule|Item Clause: Limit one of each item\n|clearpoke\n|poke|p1|Torkoal, L50, F|\n|poke|p1|Cresselia, L50, F|\n|poke|p1|Annihilape, L50, F|\n|poke|p1|Armarouge, L50, F|\n|poke|p1|Ogerpon-Cornerstone, L50, F|\n|poke|p1|Indeedee-F, L50, F|\n|poke|p2|Chi-Yu, L50|\n|poke|p2|Tornadus, L50, M|\n|poke|p2|Flutter Mane, L50|\n|poke|p2|Rillaboom, L50, M|\n|poke|p2|Iron Bundle, L50|\n|poke|p2|Urshifu-*, L50, F|\n|teampreview|4\nCovus96 has agreed to open team sheets.\nFreeSpirit089 has agreed to open team sheets.\n|showteam|p1|Torkoal||Charcoal|Drought|EarthPower,Eruption,Flamethrower,Protect|||F|||50|,,,,,Fire]Cresselia||MentalHerb|Levitate|TrickRoom,LunarBlessing,Moonblast,IceBeam|||F|||50|,,,,,Fairy]Annihilape||ChoiceScarf|Defiant|ShadowClaw,FinalGambit,CloseCombat,Uturn|||F|||50|,,,,,Grass]Armarouge||LifeOrb|FlashFire|ExpandingForce,TrickRoom,Protect,ArmorCannon|||F|||50|,,,,,Psychic]Ogerpon-Cornerstone||CornerstoneMask|Sturdy|FollowMe,IvyCudgel,WoodHammer,SpikyShield|||F|||50|,,,,,Rock]Indeedee-F||PsychicSeed|PsychicSurge|FollowMe,HelpingHand,Psychic,TrickRoom|||F|||50|,,,,,Fire\n|showteam|p2|Chi-Yu||ChoiceSpecs|BeadsofRuin|HeatWave,DarkPulse,Snarl,Overheat||||||50|,,,,,Ghost]Tornadus||SitrusBerry|Prankster|BleakwindStorm,Tailwind,SunnyDay,Taunt|||M|||50|,,,,,Ghost]Flutter Mane||FocusSash|Protosynthesis|Protect,DazzlingGleam,ShadowBall,Moonblast||||||50|,,,,,Fairy]Rillaboom||AssaultVest|GrassySurge|GrassyGlide,WoodHammer,HighHorsepower,FakeOut|||M|||50|,,,,,Fire]Iron Bundle||BoosterEnergy|QuarkDrive|Protect,FreezeDry,HydroPump,Encore||||||50|,,,,,Poison]Urshifu||ChoiceBand|UnseenFist|WickedBlow,SuckerPunch,PoisonJab,CloseCombat|||F|||50|,,,,,Dark\n|\n|t:|1699806970\n|start\n|switch|p1a: Annihilape|Annihilape, L50, F|100\/100\n|switch|p1b: Cresselia|Cresselia, L50, F|100\/100\n|switch|p2a: Chi-Yu|Chi-Yu, L50|100\/100\n|switch|p2b: Flutter Mane|Flutter Mane, L50|100\/100\n|-ability|p2a: Chi-Yu|Beads of Ruin\n|turn|1\n|\n|t:|1699807030\n|-terastallize|p1b: Cresselia|Fairy\n|move|p1a: Annihilape|Shadow Claw|p2b: Flutter Mane\n|-supereffective|p2b: Flutter Mane\n|-enditem|p2b: Flutter Mane|Focus Sash\n|-damage|p2b: Flutter Mane|1\/100\n|move|p2b: Flutter Mane|Shadow Ball|p1a: Annihilape\n|-supereffective|p1a: Annihilape\n|-damage|p1a: Annihilape|0 fnt\n|faint|p1a: Annihilape\n|move|p2a: Chi-Yu|Snarl|p1b: Cresselia\n|-resisted|p1b: Cresselia\n|-damage|p1b: Cresselia|81\/100\n|-unboost|p1b: Cresselia|spa|1\n|move|p1b: Cresselia|Trick Room|p1b: Cresselia\n|-fieldstart|move: Trick Room|[of] p1b: Cresselia\n|\n|upkeep\n|\n|t:|1699807043\n|switch|p1a: Torkoal|Torkoal, L50, F|100\/100\n|-weather|SunnyDay|[from] ability: Drought|[of] p1a: Torkoal\n|-activate|p2b: Flutter Mane|ability: Protosynthesis\n|-start|p2b: Flutter Mane|protosynthesisspa\n|turn|2\n|\n|t:|1699807056\n|switch|p2a: Rillaboom|Rillaboom, L50, M|100\/100\n|-fieldstart|move: Grassy Terrain|[from] ability: Grassy Surge|[of] p2a: Rillaboom\n|move|p1a: Torkoal|Eruption|p2b: Flutter Mane|[spread] p2a,p2b\n|-supereffective|p2a: Rillaboom\n|-damage|p2a: Rillaboom|0 fnt\n|-damage|p2b: Flutter Mane|0 fnt\n|faint|p2a: Rillaboom\n|faint|p2b: Flutter Mane\n|-end|p2b: Flutter Mane|Protosynthesis|[silent]\n|move|p1b: Cresselia|Moonblast|p2: Rillaboom|[notarget]\n|-fail|p1b: Cresselia\n|\n|-weather|SunnyDay|[upkeep]\n|upkeep\n|\n|t:|1699807072\n|switch|p2a: Chi-Yu|Chi-Yu, L50|100\/100\n|switch|p2b: Urshifu|Urshifu, L50, F|100\/100\n|-ability|p2a: Chi-Yu|Beads of Ruin\n|turn|3\n|\n|t:|1699807091\n|move|p1a: Torkoal|Earth Power|p2a: Chi-Yu\n|-supereffective|p2a: Chi-Yu\n|-damage|p2a: Chi-Yu|40\/100\n|move|p1b: Cresselia|Moonblast|p2b: Urshifu\n|-supereffective|p2b: Urshifu\n|-damage|p2b: Urshifu|0 fnt\n|faint|p2b: Urshifu\n|move|p2a: Chi-Yu|Overheat|p1b: Cresselia\n|-damage|p1b: Cresselia|0 fnt\n|-unboost|p2a: Chi-Yu|spa|2\n|faint|p1b: Cresselia\n|\n|-weather|SunnyDay|[upkeep]\n|-heal|p2a: Chi-Yu|46\/100|[from] Grassy Terrain\n|upkeep\n|\n|t:|1699807097\n|switch|p1b: Indeedee|Indeedee-F, L50, F|100\/100\n|-fieldstart|move: Psychic Terrain|[from] ability: Psychic Surge|[of] p1b: Indeedee\n|-enditem|p1b: Indeedee|Psychic Seed\n|-boost|p1b: Indeedee|spd|1|[from] item: Psychic Seed\n|turn|4\n|\n|t:|1699807108\n|move|p1b: Indeedee|Helping Hand|p1a: Torkoal\n|-singleturn|p1a: Torkoal|Helping Hand|[of] p1b: Indeedee\n|move|p1a: Torkoal|Eruption|p2a: Chi-Yu\n|-resisted|p2a: Chi-Yu\n|-damage|p2a: Chi-Yu|0 fnt\n|faint|p2a: Chi-Yu\n|\n|win|Covus96\n|c|&|\/uhtml prompt-covus96,Covus96 is ready for game 3!\n|inactive|FreeSpirit089 has 50 seconds to confirm battle start!\n|c|&|\/uhtml prompt-freespirit089,FreeSpirit089 is ready for game 3!\nBoth players are ready! Starting next match!\n|j| AfuroVictini\n|l| AfuroVictini\n|j| AfuroVictini\n","uploadtime":1699807417,"views":18,"p1id":"covus96","p2id":"freespirit089","formatid":"gen9vgc2023regulatione","rating":0,"private":0,"password":""}