{"id":"gen9vgc2023regulatione-1999524436","p1":"Eprendy06","p2":"yasspilled","format":"[Gen 9] VGC 2023 Regulation E","log":"|j|\u2606Eprendy06\n|j|\u2606yasspilled\n|t:|1701092400\n|gametype|doubles\n|player|p1|Eprendy06|266|1037\n|player|p2|yasspilled|bellelba|1022\n|teamsize|p1|6\n|teamsize|p2|6\n|gen|9\n|tier|[Gen 9] VGC 2023 Regulation E\n|rated|\n|rule|Species Clause: Limit one of each Pok\u00e9mon\n|rule|Item Clause: Limit one of each item\n|clearpoke\n|poke|p1|Maushold-Four, L50|\n|poke|p1|Gholdengo, L50|\n|poke|p1|Garchomp, L50, M|\n|poke|p1|Annihilape, L50, M|\n|poke|p1|Murkrow, L50, F|\n|poke|p1|Hydreigon, L50, M|\n|poke|p2|Ribombee, L50, F|\n|poke|p2|Slowbro-Galar, L50, F|\n|poke|p2|Flutter Mane, L50|\n|poke|p2|Ogerpon-Cornerstone, L50, F|\n|poke|p2|Ditto, L50|\n|poke|p2|Arcanine-Hisui, L50, M|\n|teampreview|4\n|inactive|Battle timer is ON: inactive players will automatically lose when time's up. (requested by yasspilled)\n|\n|t:|1701092431\n|start\n|switch|p1a: Gholdengo|Gholdengo, L50, shiny|100\/100\n|switch|p1b: Murkrow|Murkrow, L50, F|100\/100\n|switch|p2a: Ribombee|Ribombee, L50, F|100\/100\n|switch|p2b: Slowbro|Slowbro-Galar, L50, F|100\/100\n|turn|1\n|\n|t:|1701092447\n|move|p1b: Murkrow|Tailwind|p1b: Murkrow\n|-sidestart|p1: Eprendy06|move: Tailwind\n|move|p1a: Gholdengo|Make It Rain|p2b: Slowbro|[spread] p2a,p2b\n|-supereffective|p2a: Ribombee\n|-enditem|p2a: Ribombee|Focus Sash\n|-damage|p2a: Ribombee|1\/100\n|-damage|p2b: Slowbro|14\/100\n|-unboost|p1a: Gholdengo|spa|1\n|move|p2a: Ribombee|Quiver Dance|p2a: Ribombee\n|-boost|p2a: Ribombee|spa|1\n|-boost|p2a: Ribombee|spd|1\n|-boost|p2a: Ribombee|spe|1\n|move|p2b: Slowbro|Psych Up|p2a: Ribombee\n|-copyboost|p2b: Slowbro|p2a: Ribombee|[from] move: Psych Up\n|\n|upkeep\n|turn|2\n|\n|t:|1701092463\n|move|p1b: Murkrow|Haze|p1b: Murkrow\n|-clearallboost\n|move|p1a: Gholdengo|Make It Rain|p2b: Slowbro|[spread] p2a,p2b\n|-supereffective|p2a: Ribombee\n|-damage|p2a: Ribombee|0 fnt\n|-damage|p2b: Slowbro|0 fnt\n|-unboost|p1a: Gholdengo|spa|1\n|faint|p2a: Ribombee\n|faint|p2b: Slowbro\n|\n|upkeep\n|\n|t:|1701092473\n|switch|p2a: Ditto|Ditto, L50|100\/100\n|switch|p2b: Ogerpon|Ogerpon-Cornerstone, L50, F|100\/100\n|-transform|p2a: Ditto|p1b: Murkrow|[from] ability: Imposter\n|turn|3\n|\n|t:|1701092483\n|-terastallize|p2b: Ogerpon|Rock\n|detailschange|p2b: Ogerpon|Ogerpon-Cornerstone-Tera, L50, F, tera:Rock\n|-ability|p2b: Ogerpon|Embody Aspect (Cornerstone)|boost\n|-boost|p2b: Ogerpon|def|1\n|move|p1b: Murkrow|Haze|p1b: Murkrow\n|-clearallboost\n|move|p2a: Ditto|Taunt|p1b: Murkrow\n|-hint|Since gen 7, Dark is immune to Prankster moves.\n|-immune|p1b: Murkrow\n|move|p1a: Gholdengo|Make It Rain|p2a: Ditto|[spread] p2a,p2b\n|-supereffective|p2b: Ogerpon\n|-damage|p2a: Ditto|0 fnt\n|-damage|p2b: Ogerpon|0 fnt\n|-unboost|p1a: Gholdengo|spa|1\n|faint|p2a: Ditto\n|faint|p2b: Ogerpon\n|\n|win|Eprendy06\n|raw|Eprendy06's rating: 1037 &rarr; <strong>1070<\/strong><br \/>(+33 for winning)\n|raw|yasspilled's rating: 1022 &rarr; <strong>1009<\/strong><br \/>(-13 for losing)\n|l|\u2606yasspilled\n|l|\u2606Eprendy06\n|j|\u2606Eprendy06\n|player|p1|Eprendy06|266\n","uploadtime":1701092597,"views":3,"p1id":"eprendy06","p2id":"yasspilled","formatid":"gen9vgc2023regulatione","rating":1009,"private":0,"password":""}