{"id":"gen9vgc2023regulatione-1995587780","p1":"Uitolo","p2":"ulomomu","format":"[Gen 9] VGC 2023 Regulation E","log":"|j|\u2606Uitolo\n|j|\u2606ulomomu\n|t:|1700585297\n|gametype|doubles\n|player|p1|Uitolo|lucas|1155\n|player|p2|ulomomu|juggler|1180\n|teamsize|p1|6\n|teamsize|p2|6\n|gen|9\n|tier|[Gen 9] VGC 2023 Regulation E\n|rated|\n|rule|Species Clause: Limit one of each Pok\u00e9mon\n|rule|Item Clause: Limit one of each item\n|clearpoke\n|poke|p1|Ting-Lu, L50|\n|poke|p1|Farigiraf, L50, F|\n|poke|p1|Rillaboom, L50, F|\n|poke|p1|Flutter Mane, L50|\n|poke|p1|Milotic, L50, M|\n|poke|p1|Arcanine-Hisui, L50, F|\n|poke|p2|Annihilape, L50, M|\n|poke|p2|Sinistcha, L50|\n|poke|p2|Sableye, L50, M|\n|poke|p2|Landorus, L50, M|\n|poke|p2|Arcanine-Hisui, L50, F|\n|poke|p2|Iron Bundle, L50|\n|teampreview|4\nulomomu rejected open team sheets.\n|\n|t:|1700585349\n|start\n|switch|p1a: Milotic|Milotic, L50, M|100\/100\n|switch|p1b: Flutter Mane|Flutter Mane, L50|100\/100\n|switch|p2a: Sableye|Sableye, L50, M|100\/100\n|switch|p2b: Annihilape|Annihilape, L50, M|100\/100\n|-enditem|p1b: Flutter Mane|Booster Energy\n|-activate|p1b: Flutter Mane|ability: Protosynthesis|[fromitem]\n|-start|p1b: Flutter Mane|protosynthesisspa\n|turn|1\n|\n|t:|1700585373\n|move|p1b: Flutter Mane|Protect|p1b: Flutter Mane\n|-singleturn|p1b: Flutter Mane|Protect\n|move|p2b: Annihilape|Protect|p2b: Annihilape\n|-singleturn|p2b: Annihilape|Protect\n|move|p2a: Sableye|Light Screen|p2a: Sableye\n|-sidestart|p2: ulomomu|move: Light Screen\n|move|p1a: Milotic|Scald|p2b: Annihilape\n|-activate|p2b: Annihilape|move: Protect\n|\n|upkeep\n|turn|2\n|\n|t:|1700585409\n|move|p2a: Sableye|Encore|p1b: Flutter Mane\n|-start|p1b: Flutter Mane|Encore\n|move|p1b: Flutter Mane|Protect|p1b: Flutter Mane\n|-singleturn|p1b: Flutter Mane|Protect\n|move|p2b: Annihilape|Drain Punch|p1a: Milotic\n|-damage|p1a: Milotic|63\/100\n|move|p1a: Milotic|Scald|p2b: Annihilape\n|-damage|p2b: Annihilape|81\/100\n|\n|upkeep\n|turn|3\n|\n|t:|1700585443\n|-end|p1b: Flutter Mane|Protosynthesis|[silent]\n|switch|p1b: Farigiraf|Farigiraf, L50, F|100\/100\n|move|p2a: Sableye|Shadow Sneak|p2b: Annihilape\n|-supereffective|p2b: Annihilape\n|-damage|p2b: Annihilape|61\/100\n|-enditem|p2b: Annihilape|Weakness Policy\n|-boost|p2b: Annihilape|atk|2|[from] item: Weakness Policy\n|-boost|p2b: Annihilape|spa|2|[from] item: Weakness Policy\n|move|p2b: Annihilape|Rage Fist|p1a: Milotic\n|-damage|p1a: Milotic|0 fnt\n|faint|p1a: Milotic\n|\n|upkeep\n|\n|t:|1700585458\n|switch|p1a: Flutter Mane|Flutter Mane, L50|100\/100\n|turn|4\n|\n|t:|1700585472\n|switch|p2a: Sinistcha|Sinistcha, L50|100\/100\n|-heal|p2b: Annihilape|86\/100|[from] ability: Hospitality|[of] p2a: Sinistcha\n|-terastallize|p2b: Annihilape|Fire\n|move|p1b: Farigiraf|Helping Hand|p1a: Flutter Mane\n|-singleturn|p1a: Flutter Mane|Helping Hand|[of] p1b: Farigiraf\n|move|p1a: Flutter Mane|Shadow Ball|p2b: Annihilape\n|-damage|p2b: Annihilape|50\/100\n|move|p2b: Annihilape|Rage Fist|p1a: Flutter Mane\n|-supereffective|p1a: Flutter Mane\n|-damage|p1a: Flutter Mane|0 fnt\n|faint|p1a: Flutter Mane\n|-end|p1a: Flutter Mane|Protosynthesis|[silent]\n|\n|upkeep\n|-message|Uitolo forfeited.\n|\n|win|ulomomu\n|raw|Uitolo's rating: 1155 &rarr; <strong>1132<\/strong><br \/>(-23 for losing)\n|raw|ulomomu's rating: 1180 &rarr; <strong>1203<\/strong><br \/>(+23 for winning)\n|l|\u2606Uitolo\n","uploadtime":1700585496,"views":10,"p1id":"uitolo","p2id":"ulomomu","formatid":"gen9vgc2023regulatione","rating":1132,"private":0,"password":""}