{"id":"gen9vgc2023regulatione-1992282612","p1":"5wamp","p2":"kidturtle","format":"[Gen 9] VGC 2023 Regulation E","log":"|j|\u26065wamp\n|j|\u2606kidturtle\n|t:|1700170672\n|gametype|doubles\n|player|p1|5wamp|carmine-festival|\n|player|p2|kidturtle|hoopster|\n|teamsize|p1|6\n|teamsize|p2|6\n|gen|9\n|tier|[Gen 9] VGC 2023 Regulation E\n|rated|Tournament battle\n|rule|Species Clause: Limit one of each Pok\u00e9mon\n|rule|Item Clause: Limit one of each item\n|clearpoke\n|poke|p1|Dondozo, L50, M|\n|poke|p1|Tatsugiri, L50, F|\n|poke|p1|Rillaboom, L50, F|\n|poke|p1|Volcarona, L50, F|\n|poke|p1|Kingambit, L50, M|\n|poke|p1|Clefairy, L50, M|\n|poke|p2|Ursaluna, L50, M|\n|poke|p2|Cresselia, L50, F|\n|poke|p2|Flutter Mane, L50|\n|poke|p2|Chi-Yu, L50|\n|poke|p2|Iron Hands, L50|\n|poke|p2|Urshifu-*, L50, M|\n|teampreview|4\n|showteam|p1|Dondozo||Leftovers|Unaware|OrderUp,Earthquake,WaveCrash,Protect|||M|||50|,,,,,Grass]Tatsugiri||ChoiceScarf|Commander|DracoMeteor,MuddyWater,IcyWind,TeraBlast|||F|||50|,,,,,Steel]Rillaboom||AssaultVest|GrassySurge|WoodHammer,GrassyGlide,Uturn,FakeOut|||F|||50|,,,,,Fire]Volcarona||SitrusBerry|FlameBody|Protect,HeatWave,TeraBlast,QuiverDance|||F|||50|,,,,,Ground]Kingambit||BlackGlasses|Defiant|Protect,KowtowCleave,SuckerPunch,SwordsDance|||M|||50|,,,,,Dark]Clefairy||Eviolite|FriendGuard|Protect,HelpingHand,FollowMe,HealPulse|||M|||50|,,,,,Grass\n|showteam|p2|Ursaluna||FlameOrb|Guts|Facade,Earthquake,SwordsDance,Protect|||M|||50|,,,,,Ghost]Cresselia||MentalHerb|Levitate|IceBeam,AllySwitch,LunarBlessing,TrickRoom|||F|||50|,,,,,Fairy]Flutter Mane||BoosterEnergy|Protosynthesis|IcyWind,ShadowBall,Moonblast,Protect||||||50|,,,,,Fairy]Chi-Yu||ChoiceSpecs|BeadsofRuin|BurningJealousy,DarkPulse,Overheat,Snarl||||||50|,,,,,Ghost]Iron Hands||SitrusBerry|QuarkDrive|DrainPunch,WildCharge,FakeOut,SwordsDance||||||50|,,,,,Fire]Urshifu||FocusSash|UnseenFist|Detect,WickedBlow,CloseCombat,SuckerPunch|||M|||50|,,,,,Dark\n|j| Airend~\n|inactive|Battle timer is ON: inactive players will automatically lose when time's up. (requested by kidturtle)\n|c|\u26065wamp|glhf\n|c|\u2606kidturtle|Thx u 2\n|inactive|5wamp has 60 seconds left.\n|\n|t:|1700170712\n|start\n|switch|p1a: Santino|Dondozo, L50, M|100\/100\n|switch|p1b: Kingambit|Kingambit, L50, M|100\/100\n|switch|p2a: Iron Hands|Iron Hands, L50|100\/100\n|switch|p2b: Cresselia|Cresselia, L50, F|100\/100\n|turn|1\n|j| Lawrence_lmao\n|l| Lawrence_lmao\n|\n|t:|1700170735\n|switch|p1a: Clefairy|Clefairy, L50, M|100\/100\n|move|p1b: Kingambit|Swords Dance|p1b: Kingambit\n|-boost|p1b: Kingambit|atk|2\n|move|p2a: Iron Hands|Drain Punch|p1b: Kingambit\n|-supereffective|p1b: Kingambit\n|-damage|p1b: Kingambit|0 fnt\n|faint|p1b: Kingambit\n|move|p2b: Cresselia|Trick Room|p2b: Cresselia\n|-fieldstart|move: Trick Room|[of] p2b: Cresselia\n|\n|upkeep\n|c|\u26065wamp|gg\n|-message|5wamp forfeited.\n|\n|win|kidturtle\n|n|\u26065wamp|5wamp\n|n|\u2606kidturtle|kidturtle\n|n| Airend~|airend\n","uploadtime":1700170745,"views":26,"p1id":"5wamp","p2id":"kidturtle","formatid":"gen9vgc2023regulatione","rating":0,"private":0,"password":""}