{"id":"gen9vgc2023regulatione-1993954484","p1":"xdermadman","p2":"ParticularName","format":"[Gen 9] VGC 2023 Regulation E","log":"|j|\u2606xdermadman\n|j|\u2606ParticularName\n|t:|1700382071\n|gametype|doubles\n|player|p1|xdermadman|ingo|1049\n|player|p2|ParticularName|2|1127\n|teamsize|p1|6\n|teamsize|p2|6\n|gen|9\n|tier|[Gen 9] VGC 2023 Regulation E\n|rated|\n|rule|Species Clause: Limit one of each Pok\u00e9mon\n|rule|Item Clause: Limit one of each item\n|clearpoke\n|poke|p1|Cresselia, L50, F|\n|poke|p1|Grimmsnarl, L50, M|\n|poke|p1|Mimikyu, L50, M|\n|poke|p1|Ursaluna, L50, F|\n|poke|p1|Vikavolt, L50, F|\n|poke|p1|Ting-Lu, L50|\n|poke|p2|Ogerpon, L50, F|\n|poke|p2|Ninetales, L50, M|\n|poke|p2|Talonflame, L50, F|\n|poke|p2|Weezing-Galar, L50, F|\n|poke|p2|Slither Wing, L50|\n|poke|p2|Empoleon, L50, M|\n|teampreview|4\n|\n|t:|1700382111\n|start\n|switch|p1a: Mimi|Mimikyu, L50, M|100\/100\n|switch|p1b: WassaBiter|Grimmsnarl, L50, M, shiny|100\/100\n|switch|p2a: Talonflame|Talonflame, L50, F|100\/100\n|switch|p2b: Weezing|Weezing-Galar, L50, F|100\/100\n|-fieldstart|move: Misty Terrain|[from] ability: Misty Surge|[of] p2b: Weezing\n|turn|1\n|\n|t:|1700382134\n|-terastallize|p2b: Weezing|Fairy\n|move|p2a: Talonflame|Acrobatics|p1a: Mimi\n|-activate|p1a: Mimi|ability: Disguise\n|-damage|p1a: Mimi|100\/100\n|detailschange|p1a: Mimi|Mimikyu-Busted, L50, M\n|-damage|p1a: Mimi|88\/100|[from] pokemon: Mimikyu-Busted\n|move|p1b: WassaBiter|Parting Shot|p2a: Talonflame\n|-unboost|p2a: Talonflame|atk|1\n|-unboost|p2a: Talonflame|spa|1\n|\n|t:|1700382146\n|switch|p1b: Renegade|Vikavolt, L50, F|100\/100|[from] Parting Shot\n|move|p2b: Weezing|Misty Explosion|p1a: Mimi|[spread] p2a,p1a,p1b\n|-resisted|p2a: Talonflame\n|-damage|p2a: Talonflame|53\/100\n|-damage|p1a: Mimi|29\/100\n|-damage|p1b: Renegade|29\/100\n|faint|p2b: Weezing\n|move|p1a: Mimi|Trick Room|p1a: Mimi\n|-fieldstart|move: Trick Room|[of] p1a: Mimi\n|\n|upkeep\n|\n|t:|1700382156\n|switch|p2b: Slither Wing|Slither Wing, L50|100\/100\n|turn|2\n|\n|t:|1700382183\n|move|p2b: Slither Wing|First Impression|p1a: Mimi\n|-resisted|p1a: Mimi\n|-damage|p1a: Mimi|15\/100\n|move|p1b: Renegade|Volt Switch|p2a: Talonflame\n|-supereffective|p2a: Talonflame\n|-damage|p2a: Talonflame|0 fnt\n|faint|p2a: Talonflame\n|\n|t:|1700382194\n|switch|p1b: uL-gniT|Ting-Lu, L50|100\/100|[from] Volt Switch\n|-ability|p1b: uL-gniT|Vessel of Ruin\n|move|p1a: Mimi|Curse|p2b: Slither Wing\n|-start|p2b: Slither Wing|Curse|[of] p1a: Mimi\n|-damage|p1a: Mimi|0 fnt\n|faint|p1a: Mimi\n|\n|-damage|p2b: Slither Wing|76\/100|[from] Curse\n|upkeep\n|\n|t:|1700382206\n|switch|p1a: Renegade|Vikavolt, L50, F|29\/100\n|switch|p2a: Ninetales|Ninetales, L50, M|100\/100\n|-weather|SunnyDay|[from] ability: Drought|[of] p2a: Ninetales\n|-activate|p2b: Slither Wing|ability: Protosynthesis\n|-start|p2b: Slither Wing|protosynthesisatk\n|turn|3\n|\n|t:|1700382232\n|-terastallize|p1b: uL-gniT|Water\n|move|p1a: Renegade|Discharge|p2a: Ninetales|[spread] p1b,p2a,p2b\n|-supereffective|p1b: uL-gniT\n|-damage|p1b: uL-gniT|61\/100\n|-damage|p2a: Ninetales|47\/100\n|-damage|p2b: Slither Wing|37\/100\n|move|p1b: uL-gniT|Earthquake|p2b: Slither Wing|[spread] p2a,p2b\n|-immune|p1a: Renegade|[from] ability: Levitate\n|-supereffective|p2a: Ninetales\n|-resisted|p2b: Slither Wing\n|-damage|p2a: Ninetales|0 fnt\n|-damage|p2b: Slither Wing|17\/100\n|faint|p2a: Ninetales\n|move|p2b: Slither Wing|Low Kick|p1b: uL-gniT\n|-damage|p1b: uL-gniT|10\/100\n|\n|-weather|SunnyDay|[upkeep]\n|-damage|p2b: Slither Wing|0 fnt|[from] Curse\n|faint|p2b: Slither Wing\n|-end|p2b: Slither Wing|Protosynthesis|[silent]\n|\n|win|xdermadman\n|upkeep\n|raw|xdermadman's rating: 1049 &rarr; <strong>1089<\/strong><br \/>(+40 for winning)\n|raw|ParticularName's rating: 1127 &rarr; <strong>1096<\/strong><br \/>(-31 for losing)\n|c|\u2606ParticularName|gg\n|c|\u2606xdermadman|gg\n","uploadtime":1700382258,"views":22,"p1id":"xdermadman","p2id":"particularname","formatid":"gen9vgc2023regulatione","rating":1089,"private":0,"password":""}