{"id":"gen9vgc2023regulatione-1990895538","p1":"Rvmt","p2":"optic_baccycones","format":"[Gen 9] VGC 2023 Regulation E","log":"|j|\u2606Rvmt\n|j|\u2606optic_baccycones\n|t:|1700012459\n|gametype|doubles\n|player|p1|Rvmt|102|1479\n|player|p2|optic_baccycones|265|1484\n|teamsize|p1|6\n|teamsize|p2|6\n|gen|9\n|tier|[Gen 9] VGC 2023 Regulation E\n|rated|\n|rule|Species Clause: Limit one of each Pok\u00e9mon\n|rule|Item Clause: Limit one of each item\n|clearpoke\n|poke|p1|Tornadus, L50, M|\n|poke|p1|Landorus-Therian, L50, M|\n|poke|p1|Flutter Mane, L50|\n|poke|p1|Urshifu-*, L50, F|\n|poke|p1|Chi-Yu, L50|\n|poke|p1|Sinistcha, L50|\n|poke|p2|Torterra, L50, M|\n|poke|p2|Indeedee-F, L50, F|\n|poke|p2|Torkoal, L50, M|\n|poke|p2|Armarouge, L50, M|\n|poke|p2|Kingambit, L50, F|\n|poke|p2|Weezing-Galar, L50, F|\n|teampreview|4\n|inactive|Battle timer is ON: inactive players will automatically lose when time's up. (requested by Rvmt)\n|inactive|Rvmt has 60 seconds left.\n|inactive|Rvmt has 30 seconds left.\n|\n|t:|1700012530\n|start\n|switch|p1a: Landorus|Landorus-Therian, L50, M|100\/100\n|switch|p1b: Tornadus|Tornadus, L50, M|100\/100\n|switch|p2a: Kingambit|Kingambit, L50, F|100\/100\n|switch|p2b: Indeedee|Indeedee-F, L50, F|100\/100\n|-ability|p1a: Landorus|Intimidate|boost\n|-unboost|p2a: Kingambit|atk|1\n|-ability|p2a: Kingambit|Defiant|boost\n|-boost|p2a: Kingambit|atk|2\n|-unboost|p2b: Indeedee|atk|1\n|-fieldstart|move: Psychic Terrain|[from] ability: Psychic Surge|[of] p2b: Indeedee\n|turn|1\n|inactive|optic_baccycones has 30 seconds left.\n|inactive|optic_baccycones has 20 seconds left.\n|inactive|optic_baccycones has 15 seconds left.\n|inactive|optic_baccycones has 10 seconds left.\n|\n|t:|1700012578\n|-terastallize|p2a: Kingambit|Dark\n|move|p2b: Indeedee|Helping Hand|p2a: Kingambit\n|-singleturn|p2a: Kingambit|Helping Hand|[of] p2b: Indeedee\n|move|p2a: Kingambit|Sucker Punch|p1a: Landorus\n|-hint|Psychic Terrain doesn't affect Pok\u00e9mon immune to Ground.\n|-damage|p1a: Landorus|0 fnt\n|faint|p1a: Landorus\n|move|p1b: Tornadus|Bleakwind Storm|p2a: Kingambit|[spread] p2a\n|-miss|p1b: Tornadus|p2b: Indeedee\n|-damage|p2a: Kingambit|81\/100\n|\n|upkeep\n|\n|t:|1700012594\n|switch|p1a: Chi-Yu|Chi-Yu, L50|100\/100\n|-ability|p1a: Chi-Yu|Beads of Ruin\n|turn|2\n|j| 5Sscreen\n|inactive|optic_baccycones has 30 seconds left.\n|\n|t:|1700012621\n|-terastallize|p1a: Chi-Yu|Fire\n|move|p1b: Tornadus|Bleakwind Storm|p2a: Kingambit|[spread] p2a\n|-miss|p1b: Tornadus|p2b: Indeedee\n|-damage|p2a: Kingambit|53\/100\n|move|p1a: Chi-Yu|Heat Wave|p2b: Indeedee|[spread] p2a\n|-miss|p1a: Chi-Yu|p2b: Indeedee\n|-damage|p2a: Kingambit|0 fnt\n|faint|p2a: Kingambit\n|move|p2b: Indeedee|Trick Room|p2b: Indeedee\n|-fieldstart|move: Trick Room|[of] p2b: Indeedee\n|\n|upkeep\n|\n|t:|1700012631\n|switch|p2a: Armarouge|Armarouge, L50, M|100\/100\n|turn|3\n|-message|Rvmt forfeited.\n|\n|win|optic_baccycones\n|raw|Rvmt's rating: 1479 &rarr; <strong>1459<\/strong><br \/>(-20 for losing)\n|raw|optic_baccycones's rating: 1484 &rarr; <strong>1504<\/strong><br \/>(+20 for winning)\n|l|\u2606Rvmt\n|l|\u2606optic_baccycones\n","uploadtime":1700012697,"views":13,"p1id":"rvmt","p2id":"opticbaccycones","formatid":"gen9vgc2023regulatione","rating":1459,"private":0,"password":""}