{"id":"gen9vgc2023regulatione-1991279189","p1":"LUMPECTOMY","p2":"Evn99","format":"[Gen 9] VGC 2023 Regulation E","log":"|j|\u2606LUMPECTOMY\n|j|\u2606Evn99\n|t:|1700063788\n|gametype|doubles\n|player|p1|LUMPECTOMY|n-masters|1403\n|player|p2|Evn99|psychic-gen4|1353\n|teamsize|p1|6\n|teamsize|p2|6\n|gen|9\n|tier|[Gen 9] VGC 2023 Regulation E\n|rated|\n|rule|Species Clause: Limit one of each Pok\u00e9mon\n|rule|Item Clause: Limit one of each item\n|clearpoke\n|poke|p1|Landorus-Therian, L50, M|\n|poke|p1|Rillaboom, L50, F|\n|poke|p1|Ogerpon-Hearthflame, L50, F|\n|poke|p1|Flutter Mane, L50|\n|poke|p1|Dragonite, L50, F|\n|poke|p1|Chien-Pao, L50|\n|poke|p2|Glastrier, L50|\n|poke|p2|Flutter Mane, L50|\n|poke|p2|Roaring Moon, L50|\n|poke|p2|Regidrago, L50|\n|poke|p2|Chi-Yu, L50|\n|poke|p2|Indeedee-F, L50, F|\n|teampreview|4\n|inactive|Battle timer is ON: inactive players will automatically lose when time's up. (requested by Evn99)\n|inactive|LUMPECTOMY also wants the timer to be on.\nEvn99 rejected open team sheets.\n|inactive|LUMPECTOMY has 60 seconds left.\n|inactive|Evn99 has 60 seconds left.\n|\n|t:|1700063838\n|start\n|switch|p1a: Ogerpon|Ogerpon-Hearthflame, L50, F|100\/100\n|switch|p1b: Chien-Pao|Chien-Pao, L50|100\/100\n|switch|p2a: Indeedee|Indeedee-F, L50, F|100\/100\n|switch|p2b: Glastrier|Glastrier, L50|100\/100\n|-ability|p1b: Chien-Pao|Sword of Ruin\n|-ability|p1a: Ogerpon|Mold Breaker\n|-fieldstart|move: Psychic Terrain|[from] ability: Psychic Surge|[of] p2a: Indeedee\n|-enditem|p2a: Indeedee|Psychic Seed\n|-boost|p2a: Indeedee|spd|1|[from] item: Psychic Seed\n|turn|1\n|\n|t:|1700063858\n|-terastallize|p1a: Ogerpon|Fire\n|detailschange|p1a: Ogerpon|Ogerpon-Hearthflame-Tera, L50, F, tera:Fire\n|-ability|p1a: Ogerpon|Embody Aspect (Hearthflame)|boost\n|-boost|p1a: Ogerpon|atk|1\n|move|p2b: Glastrier|Protect|p2b: Glastrier\n|-singleturn|p2b: Glastrier|Protect\n|move|p1b: Chien-Pao|Lash Out|p2a: Indeedee\n|-supereffective|p2a: Indeedee\n|-damage|p2a: Indeedee|0 fnt\n|faint|p2a: Indeedee\n|move|p1a: Ogerpon|Ivy Cudgel|p2b: Glastrier|[anim] Ivy Cudgel Fire\n|-activate|p2b: Glastrier|move: Protect\n|\n|upkeep\n|\n|t:|1700063870\n|switch|p2a: Regidrago|Regidrago, L50, shiny|100\/100\n|turn|2\n|inactive|LUMPECTOMY has 30 seconds left.\n|inactive|LUMPECTOMY has 20 seconds left.\n|inactive|LUMPECTOMY has 15 seconds left.\n|\n|t:|1700063914\n|move|p1b: Chien-Pao|Icicle Crash|p2a: Regidrago\n|-supereffective|p2a: Regidrago\n|-damage|p2a: Regidrago|0 fnt\n|faint|p2a: Regidrago\n|move|p1a: Ogerpon|Ivy Cudgel|p2b: Glastrier|[anim] Ivy Cudgel Fire\n|-supereffective|p2b: Glastrier\n|-damage|p2b: Glastrier|0 fnt\n|faint|p2b: Glastrier\n|\n|upkeep\n|-message|Evn99 forfeited.\n|\n|win|LUMPECTOMY\n|raw|LUMPECTOMY's rating: 1403 &rarr; <strong>1420<\/strong><br \/>(+17 for winning)\n|raw|Evn99's rating: 1353 &rarr; <strong>1336<\/strong><br \/>(-17 for losing)\n|l|\u2606Evn99\n","uploadtime":1700063932,"views":9,"p1id":"lumpectomy","p2id":"evn99","formatid":"gen9vgc2023regulatione","rating":1336,"private":0,"password":""}