{"id":"gen9vgc2023regulatione-1997513981","p1":"Jammin2","p2":"kobeforthree","format":"[Gen 9] VGC 2023 Regulation E","log":"|j|\u2606Jammin2\n|j|\u2606kobeforthree\n|t:|1700818340\n|gametype|doubles\n|player|p1|Jammin2|blackbelt|1423\n|player|p2|kobeforthree|170|1495\n|teamsize|p1|6\n|teamsize|p2|6\n|gen|9\n|tier|[Gen 9] VGC 2023 Regulation E\n|rated|\n|rule|Species Clause: Limit one of each Pok\u00e9mon\n|rule|Item Clause: Limit one of each item\n|clearpoke\n|poke|p1|Urshifu-*, L50, M|\n|poke|p1|Okidogi, L50, M|\n|poke|p1|Farigiraf, L50, M|\n|poke|p1|Ogerpon-Hearthflame, L50, F|\n|poke|p1|Ursaluna-Bloodmoon, L50, M|\n|poke|p1|Clefairy, L50, M|\n|poke|p2|Iron Hands, L50|\n|poke|p2|Flutter Mane, L50|\n|poke|p2|Espathra, L50, F|\n|poke|p2|Chi-Yu, L50|\n|poke|p2|Sableye, L50, F|\n|poke|p2|Ogerpon-Wellspring, L50, F|\n|teampreview|4\n|inactive|Battle timer is ON: inactive players will automatically lose when time's up. (requested by Jammin2)\nkobeforthree rejected open team sheets.\n|\n|t:|1700818366\n|start\n|switch|p1a: Farigiraf|Farigiraf, L50, M|100\/100\n|switch|p1b: Urshifu|Urshifu-Rapid-Strike, L50, M|100\/100\n|switch|p2a: Kevin|Espathra, L50, F, shiny|100\/100\n|switch|p2b: Sableye|Sableye, L50, F, shiny|100\/100\n|turn|1\n|inactive|Jammin2 has 30 seconds left.\n|inactive|Jammin2 has 20 seconds left.\n|inactive|Jammin2 has 15 seconds left.\n|\n|t:|1700818411\n|move|p2b: Sableye|Gravity|p2b: Sableye\n|-fieldstart|move: Gravity\n|move|p1b: Urshifu|U-turn|p2a: Kevin\n|-supereffective|p2a: Kevin\n|-damage|p2a: Kevin|40\/100\n|\n|t:|1700818415\n|switch|p1b: Clefairy|Clefairy, L50, M|100\/100|[from] U-turn\n|move|p2a: Kevin|Hypnosis|p1b: Clefairy\n|-status|p1b: Clefairy|slp|[from] move: Hypnosis\n|move|p1a: Farigiraf|Nasty Plot|p1a: Farigiraf\n|-boost|p1a: Farigiraf|spa|2\n|\n|-ability|p2a: Kevin|Speed Boost|boost\n|-boost|p2a: Kevin|spe|1\n|upkeep\n|turn|2\n|inactive|Jammin2 has 30 seconds left.\n|\n|t:|1700818449\n|switch|p2b: Petunia|Iron Hands, L50|100\/100\n|move|p2a: Kevin|Hypnosis|p1a: Farigiraf\n|-status|p1a: Farigiraf|slp|[from] move: Hypnosis\n|cant|p1a: Farigiraf|slp\n|cant|p1b: Clefairy|slp\n|\n|-ability|p2a: Kevin|Speed Boost|boost\n|-boost|p2a: Kevin|spe|1\n|upkeep\n|turn|3\n|inactive|Jammin2 has 30 seconds left.\n|\n|t:|1700818475\n|cant|p1b: Clefairy|slp\n|move|p2a: Kevin|Lumina Crash|p1b: Clefairy\n|-damage|p1b: Clefairy|72\/100 slp\n|-unboost|p1b: Clefairy|spd|2\n|cant|p1a: Farigiraf|slp\n|move|p2b: Petunia|Belly Drum|p2b: Petunia\n|-damage|p2b: Petunia|50\/100\n|-setboost|p2b: Petunia|atk|6|[from] move: Belly Drum\n|-enditem|p2b: Petunia|Sitrus Berry|[eat]\n|-heal|p2b: Petunia|75\/100|[from] item: Sitrus Berry\n|\n|-ability|p2a: Kevin|Speed Boost|boost\n|-boost|p2a: Kevin|spe|1\n|upkeep\n|turn|4\n|inactive|Jammin2 has 30 seconds left.\n|inactive|Jammin2 has 20 seconds left.\n|\n|t:|1700818512\n|cant|p1b: Clefairy|slp\n|move|p2a: Kevin|Skill Swap|p1a: Farigiraf\n|-activate|p2a: Kevin|move: Skill Swap|Armor Tail|Speed Boost|[of] p1a: Farigiraf\n|cant|p1a: Farigiraf|slp\n|move|p2b: Petunia|Drain Punch|p1a: Farigiraf\n|-damage|p1a: Farigiraf|0 fnt\n|-heal|p2b: Petunia|100\/100|[from] drain|[of] p1a: Farigiraf\n|faint|p1a: Farigiraf\n|\n|upkeep\n|c|\u2606Jammin2|well played\n|-message|Jammin2 forfeited.\n|\n|win|kobeforthree\n|raw|Jammin2's rating: 1423 &rarr; <strong>1407<\/strong><br \/>(-16 for losing)\n|raw|kobeforthree's rating: 1495 &rarr; <strong>1511<\/strong><br \/>(+16 for winning)\n|l|\u2606Jammin2\n","uploadtime":1700818532,"views":5,"p1id":"jammin2","p2id":"kobeforthree","formatid":"gen9vgc2023regulatione","rating":1407,"private":0,"password":""}