{"id":"gen9vgc2023regulatione-1990970471","p1":"GiBy0520","p2":"Adenhere","format":"[Gen 9] VGC 2023 Regulation E","log":"|j|\u2606GiBy0520\n|j|\u2606Adenhere\n|t:|1700021414\n|gametype|doubles\n|player|p1|GiBy0520|steven|1231\n|player|p2|Adenhere|turo-ai|1321\n|teamsize|p1|6\n|teamsize|p2|6\n|gen|9\n|tier|[Gen 9] VGC 2023 Regulation E\n|rated|\n|rule|Species Clause: Limit one of each Pok\u00e9mon\n|rule|Item Clause: Limit one of each item\n|clearpoke\n|poke|p1|Tornadus, L50, M|\n|poke|p1|Arcanine-Hisui, L50, M|\n|poke|p1|Iron Hands, L50|\n|poke|p1|Gholdengo, L50|\n|poke|p1|Urshifu-*, L50, M|\n|poke|p1|Ogerpon-Wellspring, L50, F|\n|poke|p2|Dondozo, L50, M|\n|poke|p2|Ogerpon-Hearthflame, L50, F|\n|poke|p2|Flutter Mane, L50|\n|poke|p2|Chien-Pao, L50|\n|poke|p2|Chi-Yu, L50|\n|poke|p2|Tatsugiri, L50, F|\n|teampreview|4\n|inactive|Battle timer is ON: inactive players will automatically lose when time's up. (requested by Adenhere)\n|\n|t:|1700021436\n|start\n|switch|p1a: Tornadus|Tornadus, L50, M|100\/100\n|switch|p1b: Urshifu|Urshifu-Rapid-Strike, L50, M|100\/100\n|switch|p2a: Geisha|Ogerpon-Hearthflame, L50, F|100\/100\n|switch|p2b: Asphodel|Chi-Yu, L50|100\/100\n|-ability|p2a: Geisha|Mold Breaker\n|-ability|p2b: Asphodel|Beads of Ruin\n|turn|1\n|\n|t:|1700021446\n|switch|p2b: Sashimi|Tatsugiri, L50, F|100\/100\n|move|p1a: Tornadus|Rain Dance|p1a: Tornadus\n|-weather|RainDance\n|move|p1b: Urshifu|Surging Strikes|p2a: Geisha\n|-crit|p2a: Geisha\n|-damage|p2a: Geisha|62\/100\n|-crit|p2a: Geisha\n|-damage|p2a: Geisha|25\/100\n|-crit|p2a: Geisha\n|-damage|p2a: Geisha|0 fnt\n|faint|p2a: Geisha\n|-hitcount|p2: Geisha|3\n|\n|-weather|RainDance|[upkeep]\n|upkeep\n|\n|t:|1700021455\n|switch|p2a: Torafugu|Dondozo, L50, M|100\/100\n|-activate|p2b: Sashimi|ability: Commander|[of] p2a: Torafugu\n|-boost|p2a: Torafugu|atk|2\n|-boost|p2a: Torafugu|spa|2\n|-boost|p2a: Torafugu|spe|2\n|-boost|p2a: Torafugu|def|2\n|-boost|p2a: Torafugu|spd|2\n|turn|2\n|\n|t:|1700021468\n|-terastallize|p1b: Urshifu|Water\n|-terastallize|p2a: Torafugu|Flying\n|move|p1b: Urshifu|Surging Strikes|p2a: Torafugu\n|-crit|p2a: Torafugu\n|-damage|p2a: Torafugu|69\/100\n|-crit|p2a: Torafugu\n|-damage|p2a: Torafugu|38\/100\n|-crit|p2a: Torafugu\n|-damage|p2a: Torafugu|6\/100\n|-hitcount|p2a: Torafugu|3\n|move|p2a: Torafugu|Tera Blast|p1b: Urshifu|[anim] Tera Blast Flying\n|-damage|p1b: Urshifu|41\/100\n|move|p1a: Tornadus|Bleakwind Storm|p2b: Sashimi|[spread] p2a\n|-miss|p1a: Tornadus|p2b: Sashimi\n|-damage|p2a: Torafugu|0 fnt\n|faint|p2a: Torafugu\n|\n|-weather|RainDance|[upkeep]\n|upkeep\n|-message|Adenhere forfeited.\n|\n|win|GiBy0520\n|raw|GiBy0520's rating: 1231 &rarr; <strong>1262<\/strong><br \/>(+31 for winning)\n|raw|Adenhere's rating: 1321 &rarr; <strong>1296<\/strong><br \/>(-25 for losing)\n|l|\u2606Adenhere\n","uploadtime":1700021505,"views":19,"p1id":"giby0520","p2id":"adenhere","formatid":"gen9vgc2023regulatione","rating":1262,"private":0,"password":""}