{"id":"gen9vgc2023regulatione-1999536186","p1":"esxcfgtre","p2":"VegitoSKBEST","format":"[Gen 9] VGC 2023 Regulation E","log":"|j|\u203desxcfgtre\n|j|\u2606VegitoSKBEST\n|t:|1701093693\n|gametype|doubles\n|player|p1|esxcfgtre|169|1051\n|player|p2|VegitoSKBEST|colress|1022\n|teamsize|p1|6\n|teamsize|p2|6\n|gen|9\n|tier|[Gen 9] VGC 2023 Regulation E\n|rated|\n|rule|Species Clause: Limit one of each Pok\u00e9mon\n|rule|Item Clause: Limit one of each item\n|clearpoke\n|poke|p1|Iron Valiant, L50|\n|poke|p1|Iron Treads, L50|\n|poke|p1|Roaring Moon, L50|\n|poke|p1|Tauros-Paldea-Blaze, L50, M|\n|poke|p1|Rotom-Wash, L50|\n|poke|p1|Dragapult, L50, M|\n|poke|p2|Regidrago, L50|\n|poke|p2|Tornadus, L50, M|\n|poke|p2|Urshifu-*, L50, M|\n|poke|p2|Rillaboom, L50, M|\n|poke|p2|Landorus-Therian, L50, M|\n|poke|p2|Flutter Mane, L50|\n|teampreview|4\n|inactive|Battle timer is ON: inactive players will automatically lose when time's up. (requested by VegitoSKBEST)\n|\n|t:|1701093724\n|start\n|switch|p1a: Iron Valiant|Iron Valiant, L50, shiny|100\/100\n|switch|p1b: Tauros|Tauros-Paldea-Blaze, L50, M, shiny|100\/100\n|switch|p2a: Regidrago|Regidrago, L50|100\/100\n|switch|p2b: Tornadus|Tornadus, L50, M|100\/100\n|-ability|p1b: Tauros|Intimidate|boost\n|-unboost|p2a: Regidrago|atk|1\n|-unboost|p2b: Tornadus|atk|1\n|-enditem|p1a: Iron Valiant|Booster Energy\n|-activate|p1a: Iron Valiant|ability: Quark Drive|[fromitem]\n|-start|p1a: Iron Valiant|quarkdrivespe\n|turn|1\n|\n|t:|1701093747\n|move|p2a: Regidrago|Protect|p2a: Regidrago\n|-singleturn|p2a: Regidrago|Protect\n|move|p2b: Tornadus|Tailwind|p2b: Tornadus\n|-sidestart|p2: VegitoSKBEST|move: Tailwind\n|move|p1a: Iron Valiant|Moonblast|p2a: Regidrago\n|-activate|p2a: Regidrago|move: Protect\n|move|p1b: Tauros|Bulk Up|p1b: Tauros\n|-boost|p1b: Tauros|atk|1\n|-boost|p1b: Tauros|def|1\n|\n|upkeep\n|turn|2\n|\n|t:|1701093771\n|move|p2b: Tornadus|Bleakwind Storm|p1a: Iron Valiant|[spread] p1a,p1b\n|-supereffective|p1a: Iron Valiant\n|-supereffective|p1b: Tauros\n|-damage|p1a: Iron Valiant|0 fnt\n|-damage|p1b: Tauros|2\/100\n|faint|p1a: Iron Valiant\n|-end|p1a: Iron Valiant|Quark Drive|[silent]\n|move|p2a: Regidrago|Dragon Energy|p1b: Tauros\n|-damage|p1b: Tauros|0 fnt\n|faint|p1b: Tauros\n|-damage|p2a: Regidrago|91\/100|[from] item: Life Orb\n|\n|upkeep\n|\n|t:|1701093783\n|switch|p1a: Dragapult|Dragapult, L50, M, shiny|100\/100\n|switch|p1b: Roaring Moon|Roaring Moon, L50, shiny|100\/100\n|turn|3\n|\n|t:|1701093797\n|-terastallize|p2a: Regidrago|Steel\n|move|p2b: Tornadus|Icy Wind|p1a: Dragapult|[spread] p1a,p1b\n|-supereffective|p1a: Dragapult\n|-supereffective|p1b: Roaring Moon\n|-damage|p1a: Dragapult|60\/100\n|-damage|p1b: Roaring Moon|77\/100\n|-unboost|p1a: Dragapult|spe|1\n|-unboost|p1b: Roaring Moon|spe|1\n|move|p2a: Regidrago|Dragon Energy|p1b: Roaring Moon|[spread] p1a,p1b\n|-supereffective|p1a: Dragapult\n|-supereffective|p1b: Roaring Moon\n|-crit|p1b: Roaring Moon\n|-damage|p1a: Dragapult|0 fnt\n|-damage|p1b: Roaring Moon|0 fnt\n|faint|p1a: Dragapult\n|faint|p1b: Roaring Moon\n|-end|p1b: Roaring Moon|Protosynthesis|[silent]\n|-damage|p2a: Regidrago|81\/100|[from] item: Life Orb\n|\n|win|VegitoSKBEST\n|raw|esxcfgtre's rating: 1051 &rarr; <strong>1032<\/strong><br \/>(-19 for losing)\n|raw|VegitoSKBEST's rating: 1022 &rarr; <strong>1062<\/strong><br \/>(+40 for winning)\n|l|\u2606VegitoSKBEST\n|l|\u203desxcfgtre\n|j|\u2606VegitoSKBEST\n|player|p2|VegitoSKBEST|colress\n","uploadtime":1701093901,"views":7,"p1id":"esxcfgtre","p2id":"vegitoskbest","formatid":"gen9vgc2023regulatione","rating":1032,"private":0,"password":""}