{"id":"gen9vgc2023regulatione-1989258181","p1":"Kurvy\u2665","p2":"ale cog","format":"[Gen 9] VGC 2023 Regulation E","log":"|j|\u2606Kurvy\u2665\n|j|\u2606ale cog\n|t:|1699828873\n|gametype|doubles\n|player|p1|Kurvy\u2665|harlequin|\n|player|p2|ale cog|pokefanf-gen4|\n|teamsize|p1|6\n|teamsize|p2|6\n|gen|9\n|tier|[Gen 9] VGC 2023 Regulation E\n|rated|Tournament battle\n|rule|Species Clause: Limit one of each Pok\u00e9mon\n|rule|Item Clause: Limit one of each item\n|clearpoke\n|poke|p1|Baxcalibur, L50, M|\n|poke|p1|Ninetales-Alola, L50, F|\n|poke|p1|Sinistcha-Masterpiece, L50|\n|poke|p1|Roaring Moon, L50|\n|poke|p1|Dondozo, L50, M|\n|poke|p1|Heatran, L50, M|\n|poke|p2|Landorus, L50, M|\n|poke|p2|Tornadus, L50, M|\n|poke|p2|Ogerpon-Hearthflame, L50, F|\n|poke|p2|Iron Hands, L50|\n|poke|p2|Urshifu-*, L50, M|\n|poke|p2|Rillaboom, L50, F|\n|teampreview|4\n|showteam|p1|Baxcalibur||AssaultVest|ThermalExchange|GlaiveRush,IcicleCrash,IceShard,HighHorsepower|||M|||50|,,,,,Fire]Ninetales-Alola||LightClay|SnowWarning|AuroraVeil,IcyWind,Encore,Protect|||F|||50|,,,,,Fire]Sinistcha-Masterpiece||RockyHelmet|Hospitality|MatchaGotcha,CalmMind,Protect,StrengthSap||||||50|,,,,,Water]Roaring Moon||BoosterEnergy|Protosynthesis|KnockOff,BreakingSwipe,Acrobatics,Protect||||||50|,,,,,Flying]Dondozo||SitrusBerry|Oblivious|WaveCrash,HeavySlam,Yawn,Protect|||M|||50|,,,,,Fire]Heatran||Leftovers|FlashFire|FlashCannon,HeatWave,EarthPower,Protect|||M|||50|,,,,,Grass\n|showteam|p2|Landorus||LifeOrb|SheerForce|EarthPower,SandsearStorm,SludgeBomb,Protect|||M|||50|,,,,,Dragon]Tornadus||MentalHerb|Prankster|BleakwindStorm,Taunt,Tailwind,RainDance|||M|||50|,,,,,Ghost]Ogerpon-Hearthflame||HearthflameMask|MoldBreaker|IvyCudgel,GrassyGlide,SwordsDance,SpikyShield|||F|||50|,,,,,Fire]Iron Hands||AssaultVest|QuarkDrive|DrainPunch,WildCharge,HeavySlam,FakeOut||||||50|,,,,,Electric]Urshifu-Rapid-Strike||ChoiceScarf|UnseenFist|SurgingStrikes,CloseCombat,AquaJet,Uturn|||M|||50|,,,,,Water]Rillaboom||MeadowPlate|GrassySurge|WoodHammer,GrassyGlide,FakeOut,Protect|||F|||50|,,,,,Grass\n|inactive|Battle timer is ON: inactive players will automatically lose when time's up. (requested by ale cog)\n|j| regcmoment\n|j| ohvo\n|j| christianfinity\n|l| regcmoment\n|inactive|ale cog has 60 seconds left.\n|c| christianfinity|it's genie time\n|c|\u2606ale cog|ysss\n|inactive|ale cog has 30 seconds left.\n|\n|t:|1699828939\n|start\n|switch|p1a: Ninetales|Ninetales-Alola, L50, F, shiny|100\/100\n|switch|p1b: Baxcalibur|Baxcalibur, L50, M, shiny|100\/100\n|switch|p2a: Just A Prank Bro|Tornadus, L50, M, shiny|100\/100\n|switch|p2b: Shamone-Strike|Urshifu-Rapid-Strike, L50, M|100\/100\n|-weather|Snow|[from] ability: Snow Warning|[of] p1a: Ninetales\n|turn|1\n|inactive|Kurvy\u2665 has 30 seconds left.\n|inactive|ale cog has 30 seconds left.\n|\n|t:|1699828968\n|-terastallize|p2b: Shamone-Strike|Water\n|move|p2a: Just A Prank Bro|Rain Dance|p2a: Just A Prank Bro\n|-weather|RainDance\n|move|p2b: Shamone-Strike|Surging Strikes|p1b: Baxcalibur\n|-resisted|p1b: Baxcalibur\n|-crit|p1b: Baxcalibur\n|-damage|p1b: Baxcalibur|83\/100\n|-resisted|p1b: Baxcalibur\n|-crit|p1b: Baxcalibur\n|-damage|p1b: Baxcalibur|64\/100\n|-resisted|p1b: Baxcalibur\n|-crit|p1b: Baxcalibur\n|-damage|p1b: Baxcalibur|46\/100\n|-hitcount|p1b: Baxcalibur|3\n|move|p1a: Ninetales|Aurora Veil||[still]\n|-fail|p1a: Ninetales\n|move|p1b: Baxcalibur|Glaive Rush|p2b: Shamone-Strike\n|-damage|p2b: Shamone-Strike|32\/100\n|-singlemove|p1b: Baxcalibur|Glaive Rush|[silent]\n|\n|-weather|RainDance|[upkeep]\n|upkeep\n|turn|2\n|\n|t:|1699828992\n|move|p2b: Shamone-Strike|Surging Strikes|p1a: Ninetales\n|-crit|p1a: Ninetales\n|-damage|p1a: Ninetales|49\/100\n|-crit|p1a: Ninetales\n|-damage|p1a: Ninetales|0 fnt\n|faint|p1a: Ninetales\n|-hitcount|p1: Ninetales|2\n|move|p2a: Just A Prank Bro|Bleakwind Storm|p1b: Baxcalibur\n|-damage|p1b: Baxcalibur|0 fnt\n|faint|p1b: Baxcalibur\n|\n|-weather|RainDance|[upkeep]\n|upkeep\n|\n|t:|1699828996\n|switch|p1a: Heatran|Heatran, L50, M|100\/100\n|switch|p1b: Roaring Moon|Roaring Moon, L50|100\/100\n|-enditem|p1b: Roaring Moon|Booster Energy\n|-activate|p1b: Roaring Moon|ability: Protosynthesis|[fromitem]\n|-start|p1b: Roaring Moon|protosynthesisatk\n|turn|3\n|\n|t:|1699829011\n|-terastallize|p1a: Heatran|Grass\n|move|p2b: Shamone-Strike|Surging Strikes|p1a: Heatran\n|-resisted|p1a: Heatran\n|-crit|p1a: Heatran\n|-damage|p1a: Heatran|81\/100\n|-resisted|p1a: Heatran\n|-crit|p1a: Heatran\n|-damage|p1a: Heatran|64\/100\n|-resisted|p1a: Heatran\n|-crit|p1a: Heatran\n|-damage|p1a: Heatran|44\/100\n|-hitcount|p1a: Heatran|3\n|move|p1b: Roaring Moon|Acrobatics|p2b: Shamone-Strike\n|-damage|p2b: Shamone-Strike|0 fnt\n|faint|p2b: Shamone-Strike\n|move|p2a: Just A Prank Bro|Bleakwind Storm|p1a: Heatran|[spread] p1a,p1b\n|-supereffective|p1a: Heatran\n|-damage|p1a: Heatran|0 fnt\n|-damage|p1b: Roaring Moon|70\/100\n|-unboost|p1b: Roaring Moon|spe|1\n|faint|p1a: Heatran\n|\n|-weather|RainDance|[upkeep]\n|upkeep\n|-message|Kurvy\u2665 forfeited.\n|\n|win|ale cog\n|n|\u2606Kurvy\u2665|kurvy\n|n|\u2606ale cog|alecog\n|n| ohvo|ohvo\n|n| christianfinity|christianfinity\n|l|\u2606Kurvy\u2665\n|l| christianfinity\n","uploadtime":1699829019,"views":19,"p1id":"kurvy","p2id":"alecog","formatid":"gen9vgc2023regulatione","rating":0,"private":0,"password":""}