{"id":"gen9vgc2023regulatione-1994016266","p1":"Veryskillguy","p2":"Meta warriors","format":"[Gen 9] VGC 2023 Regulation E","log":"|j|\u2606Veryskillguy\n|j|\u2606Meta warriors\n|t:|1700394101\n|gametype|doubles\n|player|p1|Veryskillguy|169|1131\n|player|p2|Meta warriors|pearlclanmember|1132\n|teamsize|p1|6\n|teamsize|p2|6\n|gen|9\n|tier|[Gen 9] VGC 2023 Regulation E\n|rated|\n|rule|Species Clause: Limit one of each Pok\u00e9mon\n|rule|Item Clause: Limit one of each item\n|clearpoke\n|poke|p1|Gallade, L50, M|\n|poke|p1|Tornadus, L50, M|\n|poke|p1|Probopass, L50, F|\n|poke|p1|Arcanine, L50, M|\n|poke|p1|Flutter Mane, L50|\n|poke|p1|Sinistcha-Masterpiece, L50|\n|poke|p2|Ogerpon-Hearthflame, L50, F|\n|poke|p2|Torkoal, L50, M|\n|poke|p2|Flutter Mane, L50|\n|poke|p2|Chien-Pao, L50|\n|poke|p2|Great Tusk, L50|\n|poke|p2|Weezing-Galar, L50, M|\n|teampreview|4\n|inactive|Battle timer is ON: inactive players will automatically lose when time's up. (requested by Meta warriors)\n|inactive|Veryskillguy also wants the timer to be on.\n|inactive|Veryskillguy has 60 seconds left.\n|inactive|Meta warriors has 60 seconds left.\n|inactive|Veryskillguy has 30 seconds left.\n|inactive|Veryskillguy has 20 seconds left.\n|inactive|Veryskillguy has 15 seconds left.\n|inactive|Veryskillguy has 10 seconds left.\n|inactive|Veryskillguy has 5 seconds left.\n|\n|t:|1700394191\n|start\n|switch|p1a: Gallade|Gallade, L50, M|100\/100\n|switch|p1b: Tornadus|Tornadus, L50, M|100\/100\n|switch|p2a: Weezing|Weezing-Galar, L50, M|100\/100\n|switch|p2b: Chien-Pao|Chien-Pao, L50|100\/100\n|-ability|p2a: Weezing|Neutralizing Gas\n|turn|1\n|inactive|Veryskillguy has 30 seconds left.\n|inactive|Veryskillguy has 20 seconds left.\n|inactive|Veryskillguy has 15 seconds left.\n|inactive|Veryskillguy has 10 seconds left.\n|inactive|Veryskillguy has 5 seconds left.\n|\n|t:|1700394246\n|move|p2b: Chien-Pao|Taunt|p1b: Tornadus\n|-start|p1b: Tornadus|move: Taunt\n|move|p1b: Tornadus|Bleakwind Storm|p2b: Chien-Pao|[spread] p2a,p2b\n|-damage|p2a: Weezing|46\/100\n|-damage|p2b: Chien-Pao|42\/100\n|move|p1a: Gallade|Psycho Cut|p2a: Weezing\n|-supereffective|p2a: Weezing\n|-damage|p2a: Weezing|1\/100\n|move|p2a: Weezing|Toxic|p1a: Gallade\n|-status|p1a: Gallade|tox\n|\n|-heal|p2a: Weezing|7\/100|[from] item: Leftovers\n|-damage|p1a: Gallade|95\/100 tox|[from] psn\n|upkeep\n|turn|2\n|inactive|Veryskillguy has 30 seconds left.\n|inactive|Veryskillguy has 20 seconds left.\n|inactive|Veryskillguy has 15 seconds left.\n|inactive|Veryskillguy has 10 seconds left.\n|inactive|Veryskillguy has 5 seconds left.\n|\n|t:|1700394301\n|move|p2b: Chien-Pao|Ice Spinner|p1b: Tornadus\n|-supereffective|p1b: Tornadus\n|-damage|p1b: Tornadus|0 fnt\n|faint|p1b: Tornadus\n|-damage|p2b: Chien-Pao|32\/100|[from] item: Life Orb\n|move|p1a: Gallade|Psycho Cut|p2b: Chien-Pao\n|-immune|p2b: Chien-Pao\n|move|p2a: Weezing|Strange Steam|p1a: Gallade\n|-supereffective|p1a: Gallade\n|-damage|p1a: Gallade|31\/100 tox\n|\n|-heal|p2a: Weezing|13\/100|[from] item: Leftovers\n|-damage|p1a: Gallade|19\/100 tox|[from] psn\n|upkeep\n|inactive|Veryskillguy has 30 seconds left.\n|inactive|Veryskillguy has 20 seconds left.\n|inactive|Veryskillguy has 15 seconds left.\n|inactive|Veryskillguy has 10 seconds left.\n|inactive|Veryskillguy has 5 seconds left.\n|\n|t:|1700394356\n|switch|p1b: Probopass|Probopass, L50, F|100\/100\n|turn|3\n|inactive|Veryskillguy has 30 seconds left.\n|inactive|Veryskillguy has 20 seconds left.\n|inactive|Veryskillguy has 15 seconds left.\n|inactive|Veryskillguy has 10 seconds left.\n|inactive|Veryskillguy has 5 seconds left.\n|\n|t:|1700394411\n|move|p2b: Chien-Pao|Crunch|p1a: Gallade\n|-damage|p1a: Gallade|0 fnt\n|faint|p1a: Gallade\n|-damage|p2b: Chien-Pao|22\/100|[from] item: Life Orb\n|move|p2a: Weezing|Pain Split|p1b: Probopass\n|-sethp|p1b: Probopass|57\/100|[from] move: Pain Split|[silent]\n|-sethp|p2a: Weezing|55\/100|[from] move: Pain Split\n|move|p1b: Probopass|Body Press|p2a: Weezing\n|-resisted|p2a: Weezing\n|-crit|p2a: Weezing\n|-damage|p2a: Weezing|49\/100\n|\n|-heal|p2a: Weezing|55\/100|[from] item: Leftovers\n|-heal|p1b: Probopass|63\/100|[from] item: Leftovers\n|upkeep\n|inactive|Veryskillguy has 30 seconds left.\n|inactive|Veryskillguy has 20 seconds left.\n|inactive|Veryskillguy has 15 seconds left.\n|inactive|Veryskillguy has 10 seconds left.\n|inactive|Veryskillguy has 5 seconds left.\n|\n|t:|1700394466\n|switch|p1a: Arcanine|Arcanine, L50, M|100\/100\n|turn|4\n|inactive|Veryskillguy has 30 seconds left.\n|inactive|Veryskillguy has 20 seconds left.\n|inactive|Veryskillguy has 15 seconds left.\n|inactive|Veryskillguy has 10 seconds left.\n|inactive|Veryskillguy has 5 seconds left.\n|\n|t:|1700394521\n|move|p2b: Chien-Pao|Ice Spinner|p1b: Probopass\n|-resisted|p1b: Probopass\n|-damage|p1b: Probopass|42\/100\n|-damage|p2b: Chien-Pao|13\/100|[from] item: Life Orb\n|move|p1a: Arcanine|Will-O-Wisp|p2b: Chien-Pao\n|-status|p2b: Chien-Pao|brn\n|move|p2a: Weezing|Toxic|p1a: Arcanine\n|-status|p1a: Arcanine|tox\n|move|p1b: Probopass|Body Press|p2a: Weezing\n|-resisted|p2a: Weezing\n|-damage|p2a: Weezing|50\/100\n|\n|-heal|p2a: Weezing|56\/100|[from] item: Leftovers\n|-heal|p1b: Probopass|48\/100|[from] item: Leftovers\n|-damage|p1a: Arcanine|94\/100 tox|[from] psn\n|-damage|p2b: Chien-Pao|7\/100 brn|[from] brn\n|upkeep\n|turn|5\n|inactive|Veryskillguy has 30 seconds left.\n|inactive|Veryskillguy has 20 seconds left.\n|inactive|Veryskillguy has 15 seconds left.\n|inactive|Veryskillguy has 10 seconds left.\n|inactive|Veryskillguy has 5 seconds left.\n|\n|t:|1700394576\n|move|p2b: Chien-Pao|Crunch|p1a: Arcanine\n|-crit|p1a: Arcanine\n|-damage|p1a: Arcanine|50\/100 tox\n|-unboost|p1a: Arcanine|def|1\n|-enditem|p1a: Arcanine|Sitrus Berry|[eat]\n|-heal|p1a: Arcanine|75\/100 tox|[from] item: Sitrus Berry\n|-damage|p2b: Chien-Pao|0 fnt|[from] item: Life Orb\n|faint|p2b: Chien-Pao\n|move|p1a: Arcanine|Will-O-Wisp|p2a: Weezing|[miss]\n|-miss|p1a: Arcanine|p2a: Weezing\n|move|p2a: Weezing|Heat Wave|p1b: Probopass|[spread] p1a,p1b\n|-resisted|p1a: Arcanine\n|-damage|p1a: Arcanine|70\/100 tox\n|-damage|p1b: Probopass|40\/100\n|move|p1b: Probopass|Body Press|p2a: Weezing\n|-resisted|p2a: Weezing\n|-damage|p2a: Weezing|52\/100\n|\n|-heal|p2a: Weezing|58\/100|[from] item: Leftovers\n|-heal|p1b: Probopass|46\/100|[from] item: Leftovers\n|-damage|p1a: Arcanine|58\/100 tox|[from] psn\n|upkeep\n|inactive|Meta warriors has 30 seconds left.\n|inactive|Meta warriors has 20 seconds left.\n|inactive|Meta warriors has 15 seconds left.\n|\n|t:|1700394618\n|switch|p2b: Torkoal|Torkoal, L50, M|100\/100\n|turn|6\n|inactive|Veryskillguy has 30 seconds left.\n|inactive|Veryskillguy has 20 seconds left.\n|inactive|Veryskillguy has 15 seconds left.\n|inactive|Veryskillguy has 10 seconds left.\n|inactive|Meta warriors has 30 seconds left.\n|inactive|Veryskillguy has 5 seconds left.\n|inactive|Meta warriors has 20 seconds left.\n|-message|Veryskillguy lost due to inactivity.\n|\n|win|Meta warriors\n|raw|Veryskillguy's rating: 1131 &rarr; <strong>1106<\/strong><br \/>(-25 for losing)\n|raw|Meta warriors's rating: 1132 &rarr; <strong>1157<\/strong><br \/>(+25 for winning)\n|l|\u2606Veryskillguy\n","uploadtime":1700394661,"views":6,"p1id":"veryskillguy","p2id":"metawarriors","formatid":"gen9vgc2023regulatione","rating":1106,"private":0,"password":""}