{"id":"gen9vgc2023regulatione-1989648755","p1":"cocomolaco","p2":"WhereisFr","format":"[Gen 9] VGC 2023 Regulation E","log":"|j|\u2606cocomolaco\n|j|\u2606WhereisFr\n|t:|1699883034\n|gametype|doubles\n|player|p1|cocomolaco|101|1177\n|player|p2|WhereisFr|scientist|1144\n|teamsize|p1|6\n|teamsize|p2|6\n|gen|9\n|tier|[Gen 9] VGC 2023 Regulation E\n|rated|\n|rule|Species Clause: Limit one of each Pok\u00e9mon\n|rule|Item Clause: Limit one of each item\n|clearpoke\n|poke|p1|Glimmora, L50, F|\n|poke|p1|Ogerpon-Wellspring, L50, F|\n|poke|p1|Cresselia, L50, F|\n|poke|p1|Iron Hands, L50|\n|poke|p1|Heatran, L50, F|\n|poke|p1|Landorus-Therian, L50, M|\n|poke|p2|Tyranitar, L50, F|\n|poke|p2|Medicham, L50, M|\n|poke|p2|Cresselia, L50, F|\n|poke|p2|Ursaluna-Bloodmoon, L50, M|\n|poke|p2|Iron Hands, L50|\n|poke|p2|Flutter Mane, L50|\n|teampreview|4\n|inactive|Battle timer is ON: inactive players will automatically lose when time's up. (requested by WhereisFr)\n|\n|t:|1699883056\n|start\n|switch|p1a: Ogerpon|Ogerpon-Wellspring, L50, F|100\/100\n|switch|p1b: Cresselia|Cresselia, L50, F|100\/100\n|switch|p2a: Tyranitar|Tyranitar, L50, F|100\/100\n|switch|p2b: Medicham|Medicham, L50, M|100\/100\n|-ability|p2a: Tyranitar|Unnerve\n|turn|1\n|\n|t:|1699883077\n|move|p2a: Tyranitar|Protect|p2a: Tyranitar\n|-singleturn|p2a: Tyranitar|Protect\n|move|p1a: Ogerpon|Swords Dance|p1a: Ogerpon\n|-boost|p1a: Ogerpon|atk|2\n|move|p1b: Cresselia|Dazzling Gleam|p2a: Tyranitar|[spread] p2b\n|-activate|p2a: Tyranitar|move: Protect\n|-supereffective|p2b: Medicham\n|-damage|p2b: Medicham|65\/100\n|move|p2b: Medicham|Trick Room|p2b: Medicham\n|-fieldstart|move: Trick Room|[of] p2b: Medicham\n|\n|upkeep\n|turn|2\n|\n|t:|1699883091\n|-terastallize|p2a: Tyranitar|Rock\n|move|p1a: Ogerpon|Spiky Shield|p1a: Ogerpon\n|-singleturn|p1a: Ogerpon|move: Protect\n|move|p2b: Medicham|Skill Swap|p2a: Tyranitar\n|-activate|p2b: Medicham|move: Skill Swap|||[of] p2a: Tyranitar\n|-ability|p2b: Medicham|Unnerve\n|move|p2a: Tyranitar|Rock Slide|p1a: Ogerpon|[spread] p1b\n|-activate|p1a: Ogerpon|move: Protect\n|-damage|p1b: Cresselia|31\/100\n|move|p1b: Cresselia|Trick Room|p1b: Cresselia\n|-fieldend|move: Trick Room\n|\n|-heal|p1b: Cresselia|37\/100|[from] item: Leftovers\n|upkeep\n|turn|3\n|inactive|cocomolaco has 30 seconds left.\n|\n|t:|1699883125\n|switch|p1b: Iron Hands|Iron Hands, L50|100\/100\n|move|p1a: Ogerpon|Horn Leech|p2b: Medicham\n|-damage|p2b: Medicham|0 fnt\n|faint|p2b: Medicham\n|move|p2a: Tyranitar|Rock Slide|p1a: Ogerpon|[spread] p1a,p1b\n|-resisted|p1b: Iron Hands\n|-damage|p1a: Ogerpon|0 fnt\n|-damage|p1b: Iron Hands|69\/100\n|faint|p1a: Ogerpon\n|\n|upkeep\n|\n|t:|1699883135\n|switch|p1a: Heatran|Heatran, L50, F|100\/100\n|switch|p2b: Cresselia|Cresselia, L50, F|100\/100\n|turn|4\n|\n|t:|1699883152\n|move|p2b: Cresselia|Helping Hand|p2a: Tyranitar\n|-singleturn|p2a: Tyranitar|Helping Hand|[of] p2b: Cresselia\n|move|p1b: Iron Hands|Fake Out|p2b: Cresselia\n|-damage|p2b: Cresselia|93\/100\n|move|p1a: Heatran|Dark Pulse|p2b: Cresselia\n|-supereffective|p2b: Cresselia\n|-damage|p2b: Cresselia|29\/100\n|move|p2a: Tyranitar|Earthquake|p1b: Iron Hands|[spread] p1a,p1b\n|-immune|p2b: Cresselia|[from] ability: Levitate\n|-supereffective|p1a: Heatran\n|-supereffective|p1b: Iron Hands\n|-damage|p1a: Heatran|0 fnt\n|-damage|p1b: Iron Hands|0 fnt\n|faint|p1a: Heatran\n|faint|p1b: Iron Hands\n|-end|p1b: Iron Hands|Quark Drive|[silent]\n|\n|upkeep\n|-message|cocomolaco forfeited.\n|\n|win|WhereisFr\n|raw|cocomolaco's rating: 1177 &rarr; <strong>1150<\/strong><br \/>(-27 for losing)\n|raw|WhereisFr's rating: 1144 &rarr; <strong>1171<\/strong><br \/>(+27 for winning)\n|l|\u2606cocomolaco\n","uploadtime":1699883168,"views":22,"p1id":"cocomolaco","p2id":"whereisfr","formatid":"gen9vgc2023regulatione","rating":1150,"private":0,"password":""}