{"id":"gen9vgc2023regulatione-2000090999","p1":"PastaPapa","p2":"anarc0","format":"[Gen 9] VGC 2023 Regulation E","log":"|j|\u2606PastaPapa\n|j|\u2606anarc0\n|t:|1701153049\n|gametype|doubles\n|player|p1|PastaPapa|pokemaniac-gen3rs|1211\n|player|p2|anarc0|clair|1100\n|teamsize|p1|6\n|teamsize|p2|6\n|gen|9\n|tier|[Gen 9] VGC 2023 Regulation E\n|rated|\n|rule|Species Clause: Limit one of each Pok\u00e9mon\n|rule|Item Clause: Limit one of each item\n|clearpoke\n|poke|p1|Gyarados, L50, M|\n|poke|p1|Sneasler, L50, M|\n|poke|p1|Moltres-Galar, L50|\n|poke|p1|Mamoswine, L50, M|\n|poke|p1|Tornadus, L50, M|\n|poke|p1|Arcanine-Hisui, L50, M|\n|poke|p2|Flapple, L50, F|\n|poke|p2|Sandy Shocks, L50|\n|poke|p2|Iron Bundle, L50|\n|poke|p2|Ninetales-Alola, L50, M|\n|poke|p2|Arcanine-Hisui, L50, F|\n|poke|p2|Tornadus, L50, M|\n|teampreview|4\n|\n|t:|1701153077\n|start\n|switch|p1a: Sneasler|Sneasler, L50, M|100\/100\n|switch|p1b: Arcanine|Arcanine-Hisui, L50, M|100\/100\n|switch|p2a: Tornadus|Tornadus, L50, M|100\/100\n|switch|p2b: Arcanine|Arcanine-Hisui, L50, F|100\/100\n|-ability|p1b: Arcanine|Intimidate|boost\n|-unboost|p2a: Tornadus|atk|1\n|-unboost|p2b: Arcanine|atk|1\n|-ability|p2b: Arcanine|Intimidate|boost\n|-unboost|p1a: Sneasler|atk|1\n|-unboost|p1b: Arcanine|atk|1\n|-enditem|p1a: Sneasler|White Herb\n|-clearnegativeboost|p1a: Sneasler|[silent]\n|turn|1\n|\n|t:|1701153104\n|-terastallize|p2b: Arcanine|Fairy\n|move|p2a: Tornadus|Tailwind|p2a: Tornadus\n|-sidestart|p2: anarc0|move: Tailwind\n|move|p1a: Sneasler|Close Combat|p2b: Arcanine\n|-resisted|p2b: Arcanine\n|-damage|p2b: Arcanine|62\/100\n|-unboost|p1a: Sneasler|def|1\n|-unboost|p1a: Sneasler|spd|1\n|move|p2b: Arcanine|Rock Slide|p1b: Arcanine|[spread] p1a,p1b\n|-resisted|p1a: Sneasler\n|-supereffective|p1b: Arcanine\n|-damage|p1a: Sneasler|68\/100\n|-damage|p1b: Arcanine|37\/100\n|move|p1b: Arcanine|Head Smash|p2a: Tornadus\n|-supereffective|p2a: Tornadus\n|-damage|p2a: Tornadus|0 fnt\n|faint|p2a: Tornadus\n|-damage|p1b: Arcanine|0 fnt|[from] Recoil\n|faint|p1b: Arcanine\n|\n|upkeep\n|\n|t:|1701153123\n|switch|p1b: Tornadus|Tornadus, L50, M|100\/100\n|switch|p2a: Sandy Shocks|Sandy Shocks, L50|100\/100\n|-enditem|p2a: Sandy Shocks|Booster Energy\n|-activate|p2a: Sandy Shocks|ability: Protosynthesis|[fromitem]\n|-start|p2a: Sandy Shocks|protosynthesisspe\n|turn|2\n|\n|t:|1701153137\n|switch|p2b: Iron Bundle|Iron Bundle, L50|100\/100\n|move|p1b: Tornadus|Tailwind|p1b: Tornadus\n|-sidestart|p1: PastaPapa|move: Tailwind\n|move|p1a: Sneasler|Dire Claw|p2b: Iron Bundle\n|-damage|p2b: Iron Bundle|52\/100\n|move|p2a: Sandy Shocks|Earth Power|p1a: Sneasler\n|-supereffective|p1a: Sneasler\n|-damage|p1a: Sneasler|0 fnt\n|faint|p1a: Sneasler\n|\n|upkeep\n|\n|t:|1701153140\n|switch|p1a: Mamoswine|Mamoswine, L50, M|100\/100\n|turn|3\n|\n|t:|1701153155\n|move|p2a: Sandy Shocks|Gravity|p2a: Sandy Shocks\n|-fieldstart|move: Gravity\n|move|p2b: Iron Bundle|Blizzard|p1b: Tornadus|[spread] p1a,p1b\n|-supereffective|p1b: Tornadus\n|-damage|p1a: Mamoswine|38\/100\n|-damage|p1b: Tornadus|0 fnt\n|faint|p1b: Tornadus\n|move|p1a: Mamoswine|High Horsepower|p2a: Sandy Shocks\n|-supereffective|p2a: Sandy Shocks\n|-damage|p2a: Sandy Shocks|0 fnt\n|faint|p2a: Sandy Shocks\n|-end|p2a: Sandy Shocks|Protosynthesis|[silent]\n|-damage|p1a: Mamoswine|29\/100|[from] item: Life Orb\n|\n|upkeep\n|\n|t:|1701153162\n|switch|p2a: Arcanine|Arcanine-Hisui, L50, F, tera:Fairy|62\/100\n|-ability|p2a: Arcanine|Intimidate|boost\n|-fail|p1a: Mamoswine|unboost|Attack|[from] ability: Oblivious|[of] p1a: Mamoswine\n|turn|4\n|\n|t:|1701153169\n|-terastallize|p1a: Mamoswine|Ice\n|move|p2b: Iron Bundle|Blizzard|p1a: Mamoswine\n|-resisted|p1a: Mamoswine\n|-damage|p1a: Mamoswine|0 fnt\n|faint|p1a: Mamoswine\n|\n|win|anarc0\n|raw|PastaPapa's rating: 1211 &rarr; <strong>1178<\/strong><br \/>(-33 for losing)\n|raw|anarc0's rating: 1100 &rarr; <strong>1133<\/strong><br \/>(+33 for winning)\n|l|\u2606PastaPapa\n|c|\u2606anarc0|gg\n","uploadtime":1701153223,"views":3,"p1id":"pastapapa","p2id":"anarc0","formatid":"gen9vgc2023regulatione","rating":1133,"private":0,"password":""}