{"id":"gen9vgc2023regulatione-1989647755","p1":"Zenternal","p2":"Angelhuberpokr","format":"[Gen 9] VGC 2023 Regulation E","log":"|j|\u2606Zenternal\n|j|\u2606Angelhuberpokr\n|t:|1699882929\n|gametype|doubles\n|player|p1|Zenternal|unknown|1181\n|player|p2|Angelhuberpokr|nate|1163\n|teamsize|p1|6\n|teamsize|p2|6\n|gen|9\n|tier|[Gen 9] VGC 2023 Regulation E\n|rated|\n|rule|Species Clause: Limit one of each Pok\u00e9mon\n|rule|Item Clause: Limit one of each item\n|clearpoke\n|poke|p1|Empoleon, L50, M|\n|poke|p1|Wyrdeer, L50, M|\n|poke|p1|Gastrodon, L50, F|\n|poke|p1|Amoonguss, L50, M|\n|poke|p1|Landorus-Therian, L50, M|\n|poke|p1|Iron Hands, L50|\n|poke|p2|Zapdos-Galar, L50|\n|poke|p2|Chien-Pao, L50|\n|poke|p2|Tornadus, L50, M|\n|poke|p2|Rillaboom, L50, M|\n|poke|p2|Flutter Mane, L50|\n|poke|p2|Ogerpon-Hearthflame, L50, F|\n|teampreview|4\n|\n|t:|1699882953\n|start\n|switch|p1a: Wyrdeer|Wyrdeer, L50, M, shiny|100\/100\n|switch|p1b: Empoleon|Empoleon, L50, M, shiny|100\/100\n|switch|p2a: Tornadus|Tornadus, L50, M|100\/100\n|switch|p2b: Zapdos|Zapdos-Galar, L50|100\/100\n|-ability|p1a: Wyrdeer|Intimidate|boost\n|-unboost|p2a: Tornadus|atk|1\n|-unboost|p2b: Zapdos|atk|1\n|-ability|p2b: Zapdos|Defiant|boost\n|-boost|p2b: Zapdos|atk|2\n|turn|1\n|\n|t:|1699882970\n|move|p1b: Empoleon|Protect|p1b: Empoleon\n|-singleturn|p1b: Empoleon|Protect\n|move|p2a: Tornadus|Tailwind|p2a: Tornadus\n|-sidestart|p2: Angelhuberpokr|move: Tailwind\n|move|p2b: Zapdos|Thunderous Kick|p1b: Empoleon\n|-activate|p1b: Empoleon|move: Protect\n|move|p1a: Wyrdeer|Trick Room|p1a: Wyrdeer\n|-fieldstart|move: Trick Room|[of] p1a: Wyrdeer\n|\n|upkeep\n|turn|2\n|\n|t:|1699882985\n|move|p1a: Wyrdeer|Skill Swap|p2b: Zapdos\n|-activate|p1a: Wyrdeer|move: Skill Swap|Defiant|Intimidate|[of] p2b: Zapdos\n|-ability|p2b: Zapdos|Intimidate|boost\n|-unboost|p1a: Wyrdeer|atk|1\n|-ability|p1a: Wyrdeer|Defiant|boost\n|-boost|p1a: Wyrdeer|atk|2\n|-unboost|p1b: Empoleon|atk|1\n|-ability|p1b: Empoleon|Competitive|boost\n|-boost|p1b: Empoleon|spa|2\n|move|p1b: Empoleon|Ice Beam|p2a: Tornadus\n|-supereffective|p2a: Tornadus\n|-damage|p2a: Tornadus|0 fnt\n|faint|p2a: Tornadus\n|move|p2b: Zapdos|Thunderous Kick|p1a: Wyrdeer\n|-damage|p1a: Wyrdeer|23\/100\n|\n|upkeep\n|\n|t:|1699883001\n|switch|p2a: Ogerpon|Ogerpon-Hearthflame, L50, F|100\/100\n|-ability|p2a: Ogerpon|Mold Breaker\n|turn|3\n|\n|t:|1699883010\n|-terastallize|p1b: Empoleon|Water\n|move|p1a: Wyrdeer|Helping Hand|p1b: Empoleon\n|-singleturn|p1b: Empoleon|Helping Hand|[of] p1a: Wyrdeer\n|move|p2a: Ogerpon|Spiky Shield|p2a: Ogerpon\n|-singleturn|p2a: Ogerpon|move: Protect\n|move|p1b: Empoleon|Surf|p2b: Zapdos|[spread] p1a,p2b\n|-activate|p2a: Ogerpon|move: Protect\n|-damage|p1a: Wyrdeer|0 fnt\n|-damage|p2b: Zapdos|0 fnt\n|faint|p1a: Wyrdeer\n|faint|p2b: Zapdos\n|\n|upkeep\n|\n|t:|1699883022\n|switch|p1a: Amoonguss|Amoonguss, L50, M, shiny|100\/100\n|switch|p2b: Flutter Mane|Flutter Mane, L50|100\/100\n|-enditem|p2b: Flutter Mane|Booster Energy\n|-activate|p2b: Flutter Mane|ability: Protosynthesis|[fromitem]\n|-start|p2b: Flutter Mane|protosynthesisspe\n|turn|4\n|\n|t:|1699883034\n|-terastallize|p2a: Ogerpon|Fire\n|detailschange|p2a: Ogerpon|Ogerpon-Hearthflame-Tera, L50, F, tera:Fire\n|-ability|p2a: Ogerpon|Embody Aspect (Hearthflame)|boost\n|-boost|p2a: Ogerpon|atk|1\n|move|p1a: Amoonguss|Spore|p2b: Flutter Mane\n|-status|p2b: Flutter Mane|slp|[from] move: Spore\n|move|p1b: Empoleon|Surf|p2b: Flutter Mane|[spread] p1a,p2a,p2b\n|-resisted|p1a: Amoonguss\n|-supereffective|p2a: Ogerpon\n|-damage|p1a: Amoonguss|63\/100\n|-damage|p2a: Ogerpon|0 fnt\n|-damage|p2b: Flutter Mane|0 fnt\n|faint|p2a: Ogerpon\n|faint|p2b: Flutter Mane\n|-end|p2b: Flutter Mane|Protosynthesis|[silent]\n|\n|win|Zenternal\n|raw|Zenternal's rating: 1181 &rarr; <strong>1205<\/strong><br \/>(+24 for winning)\n|raw|Angelhuberpokr's rating: 1163 &rarr; <strong>1139<\/strong><br \/>(-24 for losing)\n|l|\u2606Angelhuberpokr\n","uploadtime":1699883066,"views":22,"p1id":"zenternal","p2id":"angelhuberpokr","formatid":"gen9vgc2023regulatione","rating":1139,"private":0,"password":""}