{"id":"gen9vgc2023regulatione-1995148028","p1":"derekthemediocre","p2":"Yo mammma","format":"[Gen 9] VGC 2023 Regulation E","log":"|j|\u2606derekthemediocre\n|j|\u2606Yo mammma\n|t:|1700527929\n|gametype|doubles\n|player|p1|derekthemediocre|102|1070\n|player|p2|Yo mammma|wattson|1124\n|teamsize|p1|6\n|teamsize|p2|6\n|gen|9\n|tier|[Gen 9] VGC 2023 Regulation E\n|rated|\n|rule|Species Clause: Limit one of each Pok\u00e9mon\n|rule|Item Clause: Limit one of each item\n|clearpoke\n|poke|p1|Azelf, L50|\n|poke|p1|Indeedee-F, L50, F|\n|poke|p1|Ambipom, L50, M|\n|poke|p1|Clefable, L50, F|\n|poke|p1|Glastrier, L50|\n|poke|p1|Dipplin, L50, F|\n|poke|p2|Ogerpon-Wellspring, L50, F|\n|poke|p2|Tornadus, L50, M|\n|poke|p2|Gholdengo, L50|\n|poke|p2|Glimmora, L50, F|\n|poke|p2|Gliscor, L50, M|\n|poke|p2|Ninetales-Alola, L50, F|\n|teampreview|4\n|inactive|Battle timer is ON: inactive players will automatically lose when time's up. (requested by Yo mammma)\n|\n|t:|1700527951\n|start\n|switch|p1a: Azelf|Azelf, L50, shiny|100\/100\n|switch|p1b: Indeedee|Indeedee-F, L50, F, shiny|100\/100\n|switch|p2a: Tornadus|Tornadus, L50, M|100\/100\n|switch|p2b: Glimmora|Glimmora, L50, F|100\/100\n|-fieldstart|move: Psychic Terrain|[from] ability: Psychic Surge|[of] p1b: Indeedee\n|-enditem|p1b: Indeedee|Psychic Seed\n|-boost|p1b: Indeedee|spd|1|[from] item: Psychic Seed\n|turn|1\n|\n|t:|1700527968\n|move|p1a: Azelf|Detect|p1a: Azelf\n|-singleturn|p1a: Azelf|Protect\n|move|p2a: Tornadus|Tailwind|p2a: Tornadus\n|-sidestart|p2: Yo mammma|move: Tailwind\n|move|p2b: Glimmora|Mortal Spin|p1a: Azelf|[spread] p1b\n|-activate|p1a: Azelf|move: Protect\n|-damage|p1b: Indeedee|94\/100\n|-status|p1b: Indeedee|psn\n|move|p1b: Indeedee|Trick Room|p1b: Indeedee\n|-fieldstart|move: Trick Room|[of] p1b: Indeedee\n|\n|-damage|p1b: Indeedee|81\/100 psn|[from] psn\n|upkeep\n|turn|2\n|\n|t:|1700527986\n|move|p1b: Indeedee|Helping Hand|p1a: Azelf\n|-singleturn|p1a: Azelf|Helping Hand|[of] p1b: Indeedee\n|move|p1a: Azelf|Expanding Force|p2b: Glimmora|[spread] p2a,p2b\n|-supereffective|p2b: Glimmora\n|-damage|p2a: Tornadus|0 fnt\n|-damage|p2b: Glimmora|0 fnt\n|faint|p2a: Tornadus\n|faint|p2b: Glimmora\n|\n|-damage|p1b: Indeedee|69\/100 psn|[from] psn\n|upkeep\n|\n|t:|1700527993\n|switch|p2b: Gliscor|Gliscor, L50, M|100\/100\n|switch|p2a: Ninetales|Ninetales-Alola, L50, F|100\/100\n|-weather|Snow|[from] ability: Snow Warning|[of] p2a: Ninetales\n|turn|3\n|-message|Yo mammma forfeited.\n|\n|win|derekthemediocre\n|raw|derekthemediocre's rating: 1070 &rarr; <strong>1104<\/strong><br \/>(+34 for winning)\n|raw|Yo mammma's rating: 1124 &rarr; <strong>1095<\/strong><br \/>(-29 for losing)\n|l|\u2606Yo mammma\n","uploadtime":1700528018,"views":5,"p1id":"derekthemediocre","p2id":"yomammma","formatid":"gen9vgc2023regulatione","rating":1095,"private":0,"password":""}