{"id":"gen9vgc2023regulatione-1998862299","p1":"Kiwigal","p2":"tetraz","format":"[Gen 9] VGC 2023 Regulation E","log":"|j|\u2606Kiwigal\n|j|\u2606tetraz\n|n|\u2606Kiwigal|kiwigal\n|n|\u2606tetraz|tetraz\n|html|View the match progress at <a href=\"\/game-bestof3-gen9vgc2023regulatione-1998862298\">game-bestof3-gen9vgc2023regulatione-1998862298<\/a>\n|t:|1701004947\n|gametype|doubles\n|player|p1|Kiwigal|carmine|\n|player|p2|tetraz|juan|\n|teamsize|p1|6\n|teamsize|p2|6\n|gen|9\n|tier|[Gen 9] VGC 2023 Regulation E\n|rated|Tournament battle\n|rule|Species Clause: Limit one of each Pok\u00e9mon\n|rule|Item Clause: Limit one of each item\n|clearpoke\n|poke|p1|Arcanine-Hisui, L50, F|\n|poke|p1|Iron Bundle, L50|\n|poke|p1|Urshifu-*, L50, M|\n|poke|p1|Amoonguss, L50, M|\n|poke|p1|Gholdengo, L50|\n|poke|p1|Iron Hands, L50|\n|poke|p2|Magnezone, L50|\n|poke|p2|Tornadus, L50, M|\n|poke|p2|Basculegion, L50, M|\n|poke|p2|Urshifu-*, L50, F|\n|poke|p2|Landorus-Therian, L50, M|\n|poke|p2|Arcanine-Hisui, L50, M|\n|teampreview|4\n|showteam|p1|Arcanine-Hisui||LifeOrb|Intimidate|FlareBlitz,RockSlide,ExtremeSpeed,Protect|||F|||50|,,,,,Fairy]Iron Bundle||BoosterEnergy|QuarkDrive|FreezeDry,IcyWind,HydroPump,Protect||||||50|,,,,,Poison]Urshifu-Rapid-Strike||MysticWater|UnseenFist|SurgingStrikes,AquaJet,IceSpinner,Protect|||M|||50|,,,,,Poison]Amoonguss||MentalHerb|Regenerator|Spore,RagePowder,PollenPuff,Protect|||M|||50|,,,,,Water]Gholdengo||Leftovers|GoodasGold|MakeItRain,ShadowBall,NastyPlot,Protect||||||50|,,,,,Dragon]Iron Hands||AssaultVest|QuarkDrive|FakeOut,WildCharge,DrainPunch,HeavySlam||||||50|,,,,,Water\n|showteam|p2|Magnezone||SitrusBerry|Analytic|Thunder,FlashCannon,Protect,RainDance||||||50|,,,,,Grass]Tornadus||CovertCloak|Prankster|Tailwind,Taunt,BleakwindStorm,RainDance|||M|||50|,,,,,Dark]Basculegion||LifeOrb|SwiftSwim|Protect,LastRespects,WaveCrash,AquaJet|||M|||50|,,,,,Fire]Urshifu-Rapid-Strike||MysticWater|UnseenFist|SurgingStrikes,Protect,AquaJet,CloseCombat|||F|||50|,,,,,Water]Landorus-Therian||ChoiceScarf|Intimidate|TeraBlast,StompingTantrum,Uturn,RockSlide|||M|||50|,,,,,Flying]Arcanine-Hisui||ChoiceBand|Intimidate|RockSlide,FlareBlitz,ExtremeSpeed,IronHead|||M|||50|,,,,,Rock\n|inactive|Battle timer is ON: inactive players will automatically lose when time's up. (requested by tetraz)\n|c|\u2606Kiwigal|gl hf\n|j| Lelouch75\n|c|\u2606tetraz|u2 \u2665\n|inactive|Kiwigal has 60 seconds left.\n|\n|t:|1701004993\n|start\n|switch|p1a: Iron Bundle|Iron Bundle, L50|100\/100\n|switch|p1b: Urshifu|Urshifu-Rapid-Strike, L50, M|100\/100\n|switch|p2a: Magnezone|Magnezone, L50|100\/100\n|switch|p2b: Tornadus|Tornadus, L50, M|100\/100\n|-enditem|p1a: Iron Bundle|Booster Energy\n|-activate|p1a: Iron Bundle|ability: Quark Drive|[fromitem]\n|-start|p1a: Iron Bundle|quarkdrivespe\n|turn|1\n|inactive|Kiwigal has 30 seconds left.\n|inactive|Kiwigal has 20 seconds left.\n|\n|t:|1701005029\n|-terastallize|p1b: Urshifu|Poison\n|move|p2b: Tornadus|Rain Dance|p2b: Tornadus\n|-weather|RainDance\n|move|p1a: Iron Bundle|Icy Wind|p2a: Magnezone|[spread] p2a,p2b\n|-resisted|p2a: Magnezone\n|-supereffective|p2b: Tornadus\n|-damage|p2a: Magnezone|91\/100\n|-damage|p2b: Tornadus|61\/100\n|-unboost|p2a: Magnezone|spe|1\n|move|p1b: Urshifu|Surging Strikes|p2a: Magnezone\n|-crit|p2a: Magnezone\n|-damage|p2a: Magnezone|64\/100\n|-crit|p2a: Magnezone\n|-damage|p2a: Magnezone|35\/100\n|-enditem|p2a: Magnezone|Sitrus Berry|[eat]\n|-heal|p2a: Magnezone|60\/100|[from] item: Sitrus Berry\n|-crit|p2a: Magnezone\n|-damage|p2a: Magnezone|34\/100\n|-hitcount|p2a: Magnezone|3\n|move|p2a: Magnezone|Thunder|p1a: Iron Bundle\n|-supereffective|p1a: Iron Bundle\n|-damage|p1a: Iron Bundle|0 fnt\n|faint|p1a: Iron Bundle\n|-end|p1a: Iron Bundle|Quark Drive|[silent]\n|\n|-weather|RainDance|[upkeep]\n|upkeep\n|c|\u2606tetraz|may i ask why its tera poison bundle?\n|c|\u2606Kiwigal|grass spam\n|inactive|Kiwigal has 30 seconds left.\n|c|\u2606Kiwigal|plus flutter mane\n|c|\u2606tetraz|oh ok\n|inactive|Kiwigal has 20 seconds left.\n|inactive|Kiwigal has 15 seconds left.\n|\n|t:|1701005069\n|switch|p1a: Iron Hands|Iron Hands, L50|100\/100\n|turn|2\n|\n|t:|1701005076\n|move|p2a: Magnezone|Protect|p2a: Magnezone\n|-singleturn|p2a: Magnezone|Protect\n|move|p2b: Tornadus|Tailwind|p2b: Tornadus\n|-sidestart|p2: tetraz|move: Tailwind\n|move|p1b: Urshifu|Surging Strikes|p2b: Tornadus\n|-crit|p2b: Tornadus\n|-damage|p2b: Tornadus|14\/100\n|-crit|p2b: Tornadus\n|-damage|p2b: Tornadus|0 fnt\n|faint|p2b: Tornadus\n|-hitcount|p2: Tornadus|2\n|move|p1a: Iron Hands|Drain Punch|p2a: Magnezone\n|-activate|p2a: Magnezone|move: Protect\n|\n|-weather|RainDance|[upkeep]\n|upkeep\n|\n|t:|1701005081\n|switch|p2b: Urshifu|Urshifu-Rapid-Strike, L50, F|100\/100\n|turn|3\n|j| IamSandyman\n|\n|t:|1701005093\n|switch|p1b: Amoonguss|Amoonguss, L50, M|100\/100\n|-terastallize|p2b: Urshifu|Water\n|move|p2b: Urshifu|Surging Strikes|p1a: Iron Hands\n|-crit|p1a: Iron Hands\n|-damage|p1a: Iron Hands|70\/100\n|-crit|p1a: Iron Hands\n|-damage|p1a: Iron Hands|37\/100\n|-crit|p1a: Iron Hands\n|-damage|p1a: Iron Hands|4\/100\n|-hitcount|p1a: Iron Hands|3\n|move|p2a: Magnezone|Thunder|p1b: Amoonguss\n|-resisted|p1b: Amoonguss\n|-damage|p1b: Amoonguss|77\/100\n|-status|p1b: Amoonguss|par\n|move|p1a: Iron Hands|Drain Punch|p2a: Magnezone\n|-supereffective|p2a: Magnezone\n|-damage|p2a: Magnezone|0 fnt\n|-heal|p1a: Iron Hands|17\/100|[from] drain|[of] p2a: Magnezone\n|faint|p2a: Magnezone\n|\n|-weather|RainDance|[upkeep]\n|upkeep\n|c|\u2606tetraz|im surprised that doesnt kill holy\n|\n|t:|1701005115\n|switch|p2a: Basculegion|Basculegion, L50, M|100\/100\n|turn|4\n|c|\u2606Kiwigal|lol\n|c|\u2606Kiwigal|I lose because basc\n|c|\u2606tetraz|is it like 252 hp and def+\n|\n|t:|1701005138\n|move|p2a: Basculegion|Last Respects|p1b: Amoonguss\n|-damage|p1b: Amoonguss|0 fnt\n|faint|p1b: Amoonguss\n|-damage|p2a: Basculegion|91\/100|[from] item: Life Orb\n|move|p2b: Urshifu|Surging Strikes|p1a: Iron Hands\n|-crit|p1a: Iron Hands\n|-damage|p1a: Iron Hands|0 fnt\n|faint|p1a: Iron Hands\n|-end|p1a: Iron Hands|Quark Drive|[silent]\n|-hitcount|p1: Iron Hands|1\n|\n|-weather|RainDance|[upkeep]\n|upkeep\n|c|\u2606tetraz|true\n|-message|Kiwigal forfeited.\n|\n|win|tetraz\n|c|&|\/uhtml prompt-tetraz,tetraz is ready for game 2!\n|c|&|\/uhtml prompt-kiwigal,Kiwigal is ready for game 2!\nBoth players are ready! Starting next match!\n|l| IamSandyman\n|l|\u2606tetraz\n|l| Lelouch75\n","uploadtime":1701005836,"views":40,"p1id":"kiwigal","p2id":"tetraz","formatid":"gen9vgc2023regulatione","rating":0,"private":0,"password":""}