{"id":"gen9vgc2023regulatione-1989141732","p1":"OceanRayClark","p2":"tashkipa","format":"[Gen 9] VGC 2023 Regulation E","log":"|j|\u2606OceanRayClark\n|j|\u2606tashkipa\n|t:|1699816679\n|gametype|doubles\n|player|p1|OceanRayClark|marshal|1097\n|player|p2|tashkipa|cyrus|1000\n|teamsize|p1|6\n|teamsize|p2|6\n|gen|9\n|tier|[Gen 9] VGC 2023 Regulation E\n|rated|\n|rule|Species Clause: Limit one of each Pok\u00e9mon\n|rule|Item Clause: Limit one of each item\n|clearpoke\n|poke|p1|Annihilape, L50, M|\n|poke|p1|Gallade, L50, M|\n|poke|p1|Iron Hands, L50|\n|poke|p1|Glimmora, L50, F|\n|poke|p1|Ninetales-Alola, L50, F|\n|poke|p1|Haxorus, L50, M|\n|poke|p2|Hatterene, L50, F|\n|poke|p2|Rabsca, L50, M|\n|poke|p2|Golem-Alola, L50, F|\n|poke|p2|Indeedee-F, L50, F|\n|poke|p2|Houndstone, L50, M|\n|poke|p2|Garganacl, L50, F|\n|teampreview|4\n|inactive|Battle timer is ON: inactive players will automatically lose when time's up. (requested by tashkipa)\ntashkipa rejected open team sheets.\n|inactive|OceanRayClark has 60 seconds left.\n|\n|t:|1699816757\n|start\n|switch|p1a: Princess|Ninetales-Alola, L50, F|100\/100\n|switch|p1b: Milky Rose\ud83c\udf39|Glimmora, L50, F|100\/100\n|switch|p2a: PooPeetle|Rabsca, L50, M, shiny|100\/100\n|switch|p2b: Outdoodoo|Indeedee-F, L50, F|100\/100\n|-weather|Snow|[from] ability: Snow Warning|[of] p1a: Princess\n|-fieldstart|move: Psychic Terrain|[from] ability: Psychic Surge|[of] p2b: Outdoodoo\n|turn|1\n|c|\u2606OceanRayClark|Good Luck\n|\n|t:|1699816782\n|switch|p2b: MedicineBall|Golem-Alola, L50, F, shiny|100\/100\n|move|p1a: Princess|Blizzard|p2b: MedicineBall|[spread] p2a,p2b\n|-damage|p2a: PooPeetle|79\/100\n|-damage|p2b: MedicineBall|60\/100\n|move|p1b: Milky Rose\ud83c\udf39|Sludge Bomb|p2a: PooPeetle\n|-damage|p2a: PooPeetle|47\/100\n|-status|p2a: PooPeetle|psn\n|move|p2a: PooPeetle|Trick Room|p2a: PooPeetle\n|-fieldstart|move: Trick Room|[of] p2a: PooPeetle\n|\n|-weather|Snow|[upkeep]\n|-damage|p2a: PooPeetle|35\/100 psn|[from] psn\n|upkeep\n|turn|2\n|c|\u2606OceanRayClark|hHave fun\n|inactive|tashkipa has 30 seconds left.\n|\n|t:|1699816808\n|move|p1b: Milky Rose\ud83c\udf39|Spiky Shield|p1b: Milky Rose\ud83c\udf39\n|-singleturn|p1b: Milky Rose\ud83c\udf39|move: Protect\n|move|p1a: Princess|Protect|p1a: Princess\n|-singleturn|p1a: Princess|Protect\n|move|p2a: PooPeetle|Recover|p2a: PooPeetle\n|-heal|p2a: PooPeetle|85\/100 psn\n|move|p2b: MedicineBall|Explosion|p1b: Milky Rose\ud83c\udf39|[spread] \n|-activate|p1a: Princess|move: Protect\n|-activate|p1b: Milky Rose\ud83c\udf39|move: Protect\n|-activate|p2a: PooPeetle|ability: Telepathy\n|faint|p2b: MedicineBall\n|\n|-weather|Snow|[upkeep]\n|-damage|p2a: PooPeetle|73\/100 psn|[from] psn\n|upkeep\n|c|\u2606OceanRayClark|nice\n|-message|tashkipa forfeited.\n|\n|win|OceanRayClark\n|raw|OceanRayClark's rating: 1097 &rarr; <strong>1116<\/strong><br \/>(+19 for winning)\n|raw|tashkipa's rating: 1000 &rarr; <strong>1000<\/strong><br \/>(+0 for losing)\n|l|\u2606tashkipa\n","uploadtime":1699816830,"views":13,"p1id":"oceanrayclark","p2id":"tashkipa","formatid":"gen9vgc2023regulatione","rating":1000,"private":0,"password":""}