{"id":"gen9vgc2023regulatione-1988845449","p1":"TheRicoSuave","p2":"Cheeseless","format":"[Gen 9] VGC 2023 Regulation E","log":"|j|\u2606TheRicoSuave\n|j|\u203dCheeseless\n|t:|1699772543\n|gametype|doubles\n|player|p1|TheRicoSuave|170|1466\n|player|p2|Cheeseless|acetrainerf-gen4dp|1495\n|teamsize|p1|6\n|teamsize|p2|6\n|gen|9\n|tier|[Gen 9] VGC 2023 Regulation E\n|rated|\n|rule|Species Clause: Limit one of each Pok\u00e9mon\n|rule|Item Clause: Limit one of each item\n|clearpoke\n|poke|p1|Dusclops, L50, M|\n|poke|p1|Ursaluna, L50, F|\n|poke|p1|Indeedee-F, L50, F|\n|poke|p1|Armarouge, L50, M|\n|poke|p1|Torkoal, L50, F|\n|poke|p1|Lilligant-Hisui, L50, F|\n|poke|p2|Indeedee-F, L50, F|\n|poke|p2|Armarouge, L50, F|\n|poke|p2|Sylveon, L50, M|\n|poke|p2|Ursaluna, L50, F|\n|poke|p2|Urshifu-*, L50, M|\n|poke|p2|Torkoal, L50, F|\n|teampreview|4\n|inactive|Battle timer is ON: inactive players will automatically lose when time's up. (requested by Cheeseless)\n|inactive|TheRicoSuave has 60 seconds left.\n|inactive|TheRicoSuave has 30 seconds left.\n|\n|t:|1699772605\n|start\n|switch|p1a: Lilligant|Lilligant-Hisui, L50, F|100\/100\n|switch|p1b: Armarouge|Armarouge, L50, M|100\/100\n|switch|p2a: Indeedee|Indeedee-F, L50, F|100\/100\n|switch|p2b: Armarouge|Armarouge, L50, F|100\/100\n|-fieldstart|move: Psychic Terrain|[from] ability: Psychic Surge|[of] p2a: Indeedee\n|-enditem|p2a: Indeedee|Psychic Seed\n|-boost|p2a: Indeedee|spd|1|[from] item: Psychic Seed\n|turn|1\n|inactive|Cheeseless has 30 seconds left.\n|\n|t:|1699772635\n|move|p2a: Indeedee|Follow Me|p2a: Indeedee\n|-singleturn|p2a: Indeedee|move: Follow Me\n|move|p1a: Lilligant|Solar Blade||[still]\n|-prepare|p1a: Lilligant|Solar Blade\n|move|p2b: Armarouge|Expanding Force|p1a: Lilligant|[spread] p1a,p1b\n|-supereffective|p1a: Lilligant\n|-resisted|p1b: Armarouge\n|-enditem|p1a: Lilligant|Focus Sash\n|-damage|p1a: Lilligant|1\/100\n|-damage|p1b: Armarouge|60\/100\n|move|p1b: Armarouge|Expanding Force|p2b: Armarouge|[spread] p2a,p2b\n|-resisted|p2a: Indeedee\n|-resisted|p2b: Armarouge\n|-damage|p2a: Indeedee|73\/100\n|-damage|p2b: Armarouge|58\/100\n|-damage|p1b: Armarouge|50\/100|[from] item: Life Orb\n|\n|upkeep\n|turn|2\n|-message|TheRicoSuave forfeited.\n|\n|win|Cheeseless\n|raw|TheRicoSuave's rating: 1466 &rarr; <strong>1448<\/strong><br \/>(-18 for losing)\n|raw|Cheeseless's rating: 1495 &rarr; <strong>1513<\/strong><br \/>(+18 for winning)\n|l|\u2606TheRicoSuave\n","uploadtime":1699772653,"views":21,"p1id":"thericosuave","p2id":"cheeseless","formatid":"gen9vgc2023regulatione","rating":1448,"private":0,"password":""}