{"id":"gen9vgc2023regulatione-1995185142","p1":"EVE09","p2":"Venefici","format":"[Gen 9] VGC 2023 Regulation E","log":"|j|\u2606EVE09\n|j|\u2606Venefici\n|t:|1700532127\n|gametype|doubles\n|player|p1|EVE09|2|1159\n|player|p2|Venefici|hugh|1088\n|teamsize|p1|6\n|teamsize|p2|6\n|gen|9\n|tier|[Gen 9] VGC 2023 Regulation E\n|rated|\n|rule|Species Clause: Limit one of each Pok\u00e9mon\n|rule|Item Clause: Limit one of each item\n|clearpoke\n|poke|p1|Golem-Alola, L50, F|\n|poke|p1|Ogerpon, L50, F|\n|poke|p1|Pawmot, L50, F|\n|poke|p1|Rabsca, L50, M|\n|poke|p1|Grafaiai, L50, M|\n|poke|p1|Basculegion, L50, M|\n|poke|p2|Volcarona, L50, M|\n|poke|p2|Abomasnow, L50, F|\n|poke|p2|Iron Bundle, L50|\n|poke|p2|Iron Hands, L50|\n|poke|p2|Kingambit, L50, F|\n|poke|p2|Farigiraf, L50, F|\n|teampreview|4\n|inactive|Battle timer is ON: inactive players will automatically lose when time's up. (requested by Venefici)\n|inactive|EVE09 has 60 seconds left.\n|\n|t:|1700532167\n|start\n|switch|p1a: Golem|Golem-Alola, L50, F|100\/100\n|switch|p1b: Pawmot|Pawmot, L50, F|100\/100\n|switch|p2a: Iron Bundle|Iron Bundle, L50|100\/100\n|switch|p2b: Abomasnow|Abomasnow, L50, F|100\/100\n|-weather|Snow|[from] ability: Snow Warning|[of] p2b: Abomasnow\n|-enditem|p2a: Iron Bundle|Booster Energy\n|-activate|p2a: Iron Bundle|ability: Quark Drive|[fromitem]\n|-start|p2a: Iron Bundle|quarkdrivespe\n|turn|1\n|inactive|Venefici has 30 seconds left.\n|\n|t:|1700532196\n|-terastallize|p2a: Iron Bundle|Ice\n|move|p1b: Pawmot|Fake Out|p2a: Iron Bundle\n|-damage|p2a: Iron Bundle|90\/100\n|cant|p2a: Iron Bundle|flinch\n|move|p2b: Abomasnow|Aurora Veil|p2b: Abomasnow\n|-sidestart|p2: Venefici|move: Aurora Veil\n|move|p1a: Golem|Rock Slide|p2b: Abomasnow|[spread] p2b\n|-miss|p1a: Golem|p2a: Iron Bundle\n|-supereffective|p2b: Abomasnow\n|-damage|p2b: Abomasnow|78\/100\n|\n|-weather|Snow|[upkeep]\n|upkeep\n|turn|2\n|\n|t:|1700532220\n|move|p1a: Golem|Endure|p1a: Golem\n|-singleturn|p1a: Golem|move: Endure\n|move|p1b: Pawmot|Mach Punch|p2b: Abomasnow\n|-supereffective|p2b: Abomasnow\n|-damage|p2b: Abomasnow|63\/100\n|move|p2a: Iron Bundle|Blizzard|p1b: Pawmot|[spread] p1a,p1b\n|-damage|p1a: Golem|30\/100\n|-damage|p1b: Pawmot|8\/100\n|move|p2b: Abomasnow|Blizzard|p1a: Golem|[spread] p1a,p1b\n|-activate|p1a: Golem|move: Endure\n|-damage|p1a: Golem|1\/100\n|-damage|p1b: Pawmot|0 fnt\n|-status|p1a: Golem|frz\n|faint|p1b: Pawmot\n|\n|-weather|Snow|[upkeep]\n|upkeep\n|\n|t:|1700532237\n|switch|p1b: Rabsca|Rabsca, L50, M|100\/100\n|turn|3\n|-enditem|p1a: Golem|Custap Berry|[eat]\n|-activate|p1a: Golem|item: Custap Berry|[consumed]\n|\n|t:|1700532244\n|move|p2b: Abomasnow|Ice Shard|p1a: Golem\n|-damage|p1a: Golem|0 fnt\n|faint|p1a: Golem\n|move|p2a: Iron Bundle|Blizzard|p1b: Rabsca\n|-damage|p1b: Rabsca|27\/100\n|move|p1b: Rabsca|Trick Room|p1b: Rabsca\n|-fieldstart|move: Trick Room|[of] p1b: Rabsca\n|\n|-weather|Snow|[upkeep]\n|upkeep\n|-message|EVE09 forfeited.\n|\n|win|Venefici\n|raw|EVE09's rating: 1159 &rarr; <strong>1129<\/strong><br \/>(-30 for losing)\n|raw|Venefici's rating: 1088 &rarr; <strong>1120<\/strong><br \/>(+32 for winning)\n|l|\u2606EVE09\n","uploadtime":1700532263,"views":5,"p1id":"eve09","p2id":"venefici","formatid":"gen9vgc2023regulatione","rating":1120,"private":0,"password":""}