{"id":"gen9vgc2023regulatione-1988372050","p1":"Juanber13","p2":"BobbyBlueEyes","format":"[Gen 9] VGC 2023 Regulation E","log":"|j|\u2606Juanber13\n|j|\u2606BobbyBlueEyes\n|t:|1699715325\n|gametype|doubles\n|player|p1|Juanber13|101|1067\n|player|p2|BobbyBlueEyes|gentleman-gen4|1128\n|teamsize|p1|6\n|teamsize|p2|6\n|gen|9\n|tier|[Gen 9] VGC 2023 Regulation E\n|rated|\n|rule|Species Clause: Limit one of each Pok\u00e9mon\n|rule|Item Clause: Limit one of each item\n|clearpoke\n|poke|p1|Lilligant-Hisui, L50, F|\n|poke|p1|Torkoal, L50, F|\n|poke|p1|Tinkaton, L50, F|\n|poke|p1|Goodra, L50, F|\n|poke|p1|Ogerpon-Hearthflame, L50, F|\n|poke|p1|Clefable, L50, F|\n|poke|p2|Iron Hands, L50|\n|poke|p2|Ursaluna, L50, F|\n|poke|p2|Cresselia, L50, F|\n|poke|p2|Arcanine-Hisui, L50, F|\n|poke|p2|Grimmsnarl, L50, M|\n|poke|p2|Vikavolt, L50, M|\n|teampreview|4\n|inactive|Battle timer is ON: inactive players will automatically lose when time's up. (requested by BobbyBlueEyes)\n|\n|t:|1699715334\n|start\n|switch|p1a: Lilligant|Lilligant-Hisui, L50, F|100\/100\n|switch|p1b: Torkoal|Torkoal, L50, F|100\/100\n|switch|p2a: Grimmsnarl|Grimmsnarl, L50, M|100\/100\n|switch|p2b: Cresselia|Cresselia, L50, F|100\/100\n|-weather|SunnyDay|[from] ability: Drought|[of] p1b: Torkoal\n|turn|1\n|\n|t:|1699715350\n|move|p2a: Grimmsnarl|Fake Out|p1a: Lilligant\n|-damage|p1a: Lilligant|77\/100\n|cant|p1a: Lilligant|flinch\n|move|p1b: Torkoal|Eruption|p2a: Grimmsnarl|[spread] p2a,p2b\n|-damage|p2a: Grimmsnarl|0 fnt\n|-damage|p2b: Cresselia|39\/100\n|faint|p2a: Grimmsnarl\n|move|p2b: Cresselia|Trick Room|p2b: Cresselia\n|-fieldstart|move: Trick Room|[of] p2b: Cresselia\n|\n|-weather|SunnyDay|[upkeep]\n|upkeep\n|\n|t:|1699715373\n|switch|p2a: Ursaluna|Ursaluna, L50, F|100\/100\n|turn|2\n|\n|t:|1699715389\n|move|p2b: Cresselia|Helping Hand|p2a: Ursaluna\n|-singleturn|p2a: Ursaluna|Helping Hand|[of] p2b: Cresselia\n|move|p1b: Torkoal|Eruption|p2a: Ursaluna|[spread] p2a,p2b\n|-damage|p2a: Ursaluna|10\/100\n|-damage|p2b: Cresselia|0 fnt\n|faint|p2b: Cresselia\n|move|p2a: Ursaluna|Earthquake|p1a: Lilligant|[spread] p1a,p1b\n|-resisted|p1a: Lilligant\n|-supereffective|p1b: Torkoal\n|-damage|p1a: Lilligant|23\/100\n|-damage|p1b: Torkoal|11\/100\n|move|p1a: Lilligant|Solar Blade||[still]\n|-prepare|p1a: Lilligant|Solar Blade\n|-anim|p1a: Lilligant|Solar Blade|p2a: Ursaluna\n|-supereffective|p2a: Ursaluna\n|-damage|p2a: Ursaluna|0 fnt\n|faint|p2a: Ursaluna\n|\n|-weather|SunnyDay|[upkeep]\n|upkeep\n|\n|t:|1699715410\n|switch|p2b: Vikavolt|Vikavolt, L50, M|100\/100\n|turn|3\n|\n|t:|1699715416\n|-terastallize|p2b: Vikavolt|Electric\n|move|p1b: Torkoal|Eruption|p2b: Vikavolt\n|-damage|p2b: Vikavolt|82\/100\n|move|p2b: Vikavolt|Discharge|p1b: Torkoal|[spread] p1a,p1b\n|-resisted|p1a: Lilligant\n|-damage|p1a: Lilligant|0 fnt\n|-damage|p1b: Torkoal|0 fnt\n|faint|p1a: Lilligant\n|faint|p1b: Torkoal\n|\n|-weather|SunnyDay|[upkeep]\n|upkeep\n|\n|t:|1699715428\n|switch|p1b: Ogerpon|Ogerpon-Hearthflame, L50, F|100\/100\n|switch|p1a: Tinkaton|Tinkaton, L50, F|100\/100\n|-ability|p1b: Ogerpon|Mold Breaker\n|turn|4\n|\n|t:|1699715442\n|move|p1a: Tinkaton|Fake Out|p2b: Vikavolt\n|-damage|p2b: Vikavolt|71\/100\n|cant|p2b: Vikavolt|flinch\n|move|p1b: Ogerpon|Ivy Cudgel|p2b: Vikavolt\n|-crit|p2b: Vikavolt\n|-damage|p2b: Vikavolt|0 fnt\n|faint|p2b: Vikavolt\n|\n|win|Juanber13\n|raw|Juanber13's rating: 1067 &rarr; <strong>1102<\/strong><br \/>(+35 for winning)\n|raw|BobbyBlueEyes's rating: 1128 &rarr; <strong>1099<\/strong><br \/>(-29 for losing)\n|l|\u2606BobbyBlueEyes\n","uploadtime":1699715456,"views":17,"p1id":"juanber13","p2id":"bobbyblueeyes","formatid":"gen9vgc2023regulatione","rating":1099,"private":0,"password":""}