{"id":"gen9vgc2023regulatione-1989501706","p1":"RedLeaderDemon","p2":"MkemonOLD","format":"[Gen 9] VGC 2023 Regulation E","log":"|j|\u2606RedLeaderDemon\n|j|\u2606MkemonOLD\n|t:|1699861499\n|gametype|doubles\n|player|p1|RedLeaderDemon|dragontamer|1000\n|player|p2|MkemonOLD|1|1035\n|teamsize|p1|6\n|teamsize|p2|6\n|gen|9\n|tier|[Gen 9] VGC 2023 Regulation E\n|rated|\n|rule|Species Clause: Limit one of each Pok\u00e9mon\n|rule|Item Clause: Limit one of each item\n|clearpoke\n|poke|p1|Mimikyu, L50, F|\n|poke|p1|Maushold-Four, L50|\n|poke|p1|Clodsire, L50, M|\n|poke|p1|Wo-Chien, L50|\n|poke|p1|Cramorant, L50, M|\n|poke|p1|Heatran, L50, M|\n|poke|p2|Palafin, L50, M|\n|poke|p2|Ursaluna-Bloodmoon, L50, M|\n|poke|p2|Gholdengo, L50|\n|poke|p2|Chi-Yu, L50|\n|poke|p2|Amoonguss, L50, M|\n|poke|p2|Sinistcha-Masterpiece, L50|\n|teampreview|4\n|inactive|Battle timer is ON: inactive players will automatically lose when time's up. (requested by RedLeaderDemon)\n|\n|t:|1699861528\n|start\n|switch|p1a: Society|Maushold-Four, L50|100\/100\n|switch|p1b: Cartoon|Mimikyu, L50, F, shiny|100\/100\n|switch|p2a: insomniac|Ursaluna-Bloodmoon, L50, M|100\/100\n|switch|p2b: flipflop|Palafin, L50, M|100\/100\n|turn|1\n|inactive|MkemonOLD has 30 seconds left.\n|inactive|MkemonOLD has 20 seconds left.\n|\n|t:|1699861564\n|move|p1a: Society|Population Bomb|p2a: insomniac\n|-damage|p2a: insomniac|93\/100\n|-damage|p2a: insomniac|85\/100\n|-damage|p2a: insomniac|77\/100\n|-damage|p2a: insomniac|69\/100\n|-damage|p2a: insomniac|61\/100\n|-damage|p2a: insomniac|53\/100\n|-damage|p2a: insomniac|45\/100\n|-damage|p2a: insomniac|37\/100\n|-damage|p2a: insomniac|29\/100\n|-damage|p2a: insomniac|21\/100\n|-hitcount|p2a: insomniac|10\n|move|p1b: Cartoon|Play Rough|p2b: flipflop\n|-damage|p2b: flipflop|48\/100\n|move|p2b: flipflop|Flip Turn|p2a: insomniac\n|-supereffective|p2a: insomniac\n|-damage|p2a: insomniac|0 fnt\n|faint|p2a: insomniac\n|\n|t:|1699861586\n|detailschange|p2b: flipflop|Palafin-Hero, L50, M\n|switch|p2b: band aid|Sinistcha-Masterpiece, L50|100\/100|[from] Flip Turn\n|\n|upkeep\n|-message|MkemonOLD forfeited.\n|\n|win|RedLeaderDemon\n|raw|RedLeaderDemon's rating: 1000 &rarr; <strong>1044<\/strong><br \/>(+44 for winning)\n|raw|MkemonOLD's rating: 1035 &rarr; <strong>1018<\/strong><br \/>(-17 for losing)\n|l|\u2606MkemonOLD\n","uploadtime":1699861630,"views":10,"p1id":"redleaderdemon","p2id":"mkemonold","formatid":"gen9vgc2023regulatione","rating":1018,"private":0,"password":""}