{"id":"gen9vgc2023regulatione-1997838742","p1":"Ipeximus","p2":"Iranupagoat","format":"[Gen 9] VGC 2023 Regulation E","log":"|j|\u2606Ipeximus\n|j|\u2606Iranupagoat\n|t:|1700858271\n|gametype|doubles\n|player|p1|Ipeximus|1|1163\n|player|p2|Iranupagoat|169|1244\n|teamsize|p1|6\n|teamsize|p2|6\n|gen|9\n|tier|[Gen 9] VGC 2023 Regulation E\n|rated|\n|rule|Species Clause: Limit one of each Pok\u00e9mon\n|rule|Item Clause: Limit one of each item\n|clearpoke\n|poke|p1|Gholdengo, L50|\n|poke|p1|Arcanine-Hisui, L50, M|\n|poke|p1|Rillaboom, L50, F|\n|poke|p1|Iron Hands, L50|\n|poke|p1|Tornadus, L50, M|\n|poke|p1|Urshifu-*, L50, M|\n|poke|p2|Arcanine-Hisui, L50, M|\n|poke|p2|Tyranitar, L50, F|\n|poke|p2|Rillaboom, L50, F|\n|poke|p2|Sneasler, L50, M|\n|poke|p2|Moltres-Galar, L50|\n|poke|p2|Brambleghast, L50, M|\n|teampreview|4\nIranupagoat has agreed to open team sheets.\n|\n|t:|1700858306\n|start\n|switch|p1a: Arcanine|Arcanine-Hisui, L50, M|100\/100\n|switch|p1b: Urshifu|Urshifu-Rapid-Strike, L50, M|100\/100\n|switch|p2a: Arcanine|Arcanine-Hisui, L50, M|100\/100\n|switch|p2b: Tyranitar|Tyranitar, L50, F|100\/100\n|-ability|p2a: Arcanine|Intimidate|boost\n|-unboost|p1a: Arcanine|atk|1\n|-unboost|p1b: Urshifu|atk|1\n|-ability|p1a: Arcanine|Intimidate|boost\n|-unboost|p2a: Arcanine|atk|1\n|-unboost|p2b: Tyranitar|atk|1\n|-weather|Sandstorm|[from] ability: Sand Stream|[of] p2b: Tyranitar\n|turn|1\n|\n|t:|1700858344\n|switch|p1a: Gholdengo|Gholdengo, L50|100\/100\n|switch|p2b: Brambleghast|Brambleghast, L50, M|100\/100\n|-terastallize|p2a: Arcanine|Grass\n|move|p1b: Urshifu|Surging Strikes|p2a: Arcanine\n|-resisted|p2a: Arcanine\n|-crit|p2a: Arcanine\n|-damage|p2a: Arcanine|86\/100\n|-resisted|p2a: Arcanine\n|-crit|p2a: Arcanine\n|-damage|p2a: Arcanine|70\/100\n|-resisted|p2a: Arcanine\n|-crit|p2a: Arcanine\n|-damage|p2a: Arcanine|54\/100\n|-hitcount|p2a: Arcanine|3\n|move|p2a: Arcanine|Rock Slide|p1b: Urshifu|[spread] p1b\n|-miss|p2a: Arcanine|p1a: Gholdengo\n|-resisted|p1b: Urshifu\n|-damage|p1b: Urshifu|88\/100\n|\n|-weather|Sandstorm|[upkeep]\n|-damage|p1b: Urshifu|82\/100|[from] Sandstorm\n|-damage|p2a: Arcanine|48\/100|[from] Sandstorm\n|-damage|p2b: Brambleghast|94\/100|[from] Sandstorm\n|upkeep\n|turn|2\n|l|\u2606Iranupagoat\n|player|p2|\n|j|\u2606Iranupagoat\n|player|p2|Iranupagoat|169\n|inactive|Battle timer is ON: inactive players will automatically lose when time's up. (requested by Iranupagoat)\n|l|\u2606Iranupagoat\n|inactive|Iranupagoat disconnected and has a minute to reconnect!\n|player|p2|\n|j|\u2606Iranupagoat\n|inactive|Iranupagoat reconnected.\n|player|p2|Iranupagoat|169\n|inactive|Ipeximus has 60 seconds left.\n|l|\u2606Iranupagoat\n|inactive|Iranupagoat disconnected and has a minute to reconnect!\n|player|p2|\n|inactive|Ipeximus has 30 seconds left.\n|inactive|Ipeximus has 20 seconds left.\n|inactive|Ipeximus has 15 seconds left.\n|inactive|Ipeximus has 10 seconds left.\n|inactive|Ipeximus has 5 seconds left.\n|\n|t:|1700858488\n|switch|p2b: Tyranitar|Tyranitar, L50, F|100\/100\n|move|p1b: Urshifu|Surging Strikes|p2b: Tyranitar\n|-supereffective|p2b: Tyranitar\n|-crit|p2b: Tyranitar\n|-damage|p2b: Tyranitar|68\/100\n|-enditem|p2b: Tyranitar|Weakness Policy\n|-boost|p2b: Tyranitar|atk|2|[from] item: Weakness Policy\n|-boost|p2b: Tyranitar|spa|2|[from] item: Weakness Policy\n|-supereffective|p2b: Tyranitar\n|-crit|p2b: Tyranitar\n|-damage|p2b: Tyranitar|32\/100\n|-supereffective|p2b: Tyranitar\n|-crit|p2b: Tyranitar\n|-damage|p2b: Tyranitar|0 fnt\n|faint|p2b: Tyranitar\n|-hitcount|p2: Tyranitar|3\n|move|p2a: Arcanine|Rock Slide|p1a: Gholdengo|[spread] p1a,p1b\n|-resisted|p1a: Gholdengo\n|-resisted|p1b: Urshifu\n|-damage|p1a: Gholdengo|90\/100\n|-damage|p1b: Urshifu|69\/100\n|move|p1a: Gholdengo|Make It Rain|p2a: Arcanine\n|-damage|p2a: Arcanine|0 fnt\n|-unboost|p1a: Gholdengo|spa|1\n|faint|p2a: Arcanine\n|-damage|p1a: Gholdengo|80\/100|[from] item: Life Orb\n|\n|-weather|Sandstorm|[upkeep]\n|-damage|p1b: Urshifu|62\/100|[from] Sandstorm\n|upkeep\n|inactive|Iranupagoat has 30 seconds left.\n|inactive|Iranupagoat has 20 seconds left.\n|inactive|Iranupagoat has 15 seconds left.\n|inactive|Iranupagoat has 10 seconds left.\n|inactive|Iranupagoat has 5 seconds left.\n|-message|Iranupagoat lost due to inactivity.\n|\n|win|Ipeximus\n|raw|Ipeximus's rating: 1163 &rarr; <strong>1194<\/strong><br \/>(+31 for winning)\n|raw|Iranupagoat's rating: 1244 &rarr; <strong>1213<\/strong><br \/>(-31 for losing)\n","uploadtime":1700858553,"views":6,"p1id":"ipeximus","p2id":"iranupagoat","formatid":"gen9vgc2023regulatione","rating":1194,"private":0,"password":""}