{"id":"gen9vgc2023regulatione-1995043794","p1":"AncientFuture","p2":"HiroBready","format":"[Gen 9] VGC 2023 Regulation E","log":"|j|\u2606AncientFuture\n|j|\u2606HiroBready\n|t:|1700516508\n|gametype|doubles\n|player|p1|AncientFuture|zinzolin|1566\n|player|p2|HiroBready|lucas-gen4pt|1646\n|teamsize|p1|6\n|teamsize|p2|6\n|gen|9\n|tier|[Gen 9] VGC 2023 Regulation E\n|rated|\n|rule|Species Clause: Limit one of each Pok\u00e9mon\n|rule|Item Clause: Limit one of each item\n|clearpoke\n|poke|p1|Regieleki, L50|\n|poke|p1|Chi-Yu, L50|\n|poke|p1|Flutter Mane, L50|\n|poke|p1|Landorus-Therian, L50, M|\n|poke|p1|Ogerpon-Wellspring, L50, F|\n|poke|p1|Tornadus, L50, M|\n|poke|p2|Mamoswine, L50, M|\n|poke|p2|Thundurus, L50, M|\n|poke|p2|Landorus-Therian, L50, M|\n|poke|p2|Heatran, L50, M|\n|poke|p2|Ogerpon-Wellspring, L50, F|\n|poke|p2|Roaring Moon, L50|\n|teampreview|4\n|inactive|Battle timer is ON: inactive players will automatically lose when time's up. (requested by HiroBready)\n|inactive|HiroBready has 60 seconds left.\n|\n|t:|1700516540\n|start\n|switch|p1a: Regieleki|Regieleki, L50|100\/100\n|switch|p1b: Tornadus|Tornadus, L50, M|100\/100\n|switch|p2a: Manfred|Mamoswine, L50, M|100\/100\n|switch|p2b: Lennon|Landorus-Therian, L50, M|100\/100\n|-ability|p2b: Lennon|Intimidate|boost\n|-unboost|p1a: Regieleki|atk|1\n|-unboost|p1b: Tornadus|atk|1\n|turn|1\n|\n|t:|1700516559\n|switch|p2b: GOAT|Heatran, L50, M|100\/100\n|-terastallize|p1a: Regieleki|Water\n|move|p1b: Tornadus|Rain Dance|p1b: Tornadus\n|-weather|RainDance\n|move|p1a: Regieleki|Tera Blast|p2b: GOAT|[anim] Tera Blast Water\n|-supereffective|p2b: GOAT\n|-damage|p2b: GOAT|0 fnt\n|faint|p2b: GOAT\n|move|p2a: Manfred|Icicle Crash|p1b: Tornadus\n|-supereffective|p1b: Tornadus\n|-damage|p1b: Tornadus|0 fnt\n|faint|p1b: Tornadus\n|\n|-weather|RainDance|[upkeep]\n|upkeep\n|\n|t:|1700516570\n|switch|p1b: Flutter Mane|Flutter Mane, L50|100\/100\n|switch|p2b: Quaso|Roaring Moon, L50|100\/100\n|-enditem|p1b: Flutter Mane|Booster Energy\n|-activate|p1b: Flutter Mane|ability: Protosynthesis|[fromitem]\n|-start|p1b: Flutter Mane|protosynthesisspe\n|-enditem|p2b: Quaso|Booster Energy\n|-activate|p2b: Quaso|ability: Protosynthesis|[fromitem]\n|-start|p2b: Quaso|protosynthesisspe\n|turn|2\n|\n|t:|1700516578\n|move|p2b: Quaso|Protect|p2b: Quaso\n|-singleturn|p2b: Quaso|Protect\n|move|p1b: Flutter Mane|Icy Wind|p2a: Manfred|[spread] p2a\n|-activate|p2b: Quaso|move: Protect\n|-damage|p2a: Manfred|84\/100\n|-unboost|p2a: Manfred|spe|1\n|move|p1a: Regieleki|Tera Blast|p2a: Manfred|[anim] Tera Blast Water\n|-supereffective|p2a: Manfred\n|-damage|p2a: Manfred|0 fnt\n|faint|p2a: Manfred\n|\n|-weather|RainDance|[upkeep]\n|upkeep\n|\n|t:|1700516588\n|switch|p2a: Lennon|Landorus-Therian, L50, M|100\/100\n|-ability|p2a: Lennon|Intimidate|boost\n|-unboost|p1a: Regieleki|atk|1\n|-unboost|p1b: Flutter Mane|atk|1\n|turn|3\n|-message|HiroBready forfeited.\n|\n|win|AncientFuture\n|raw|AncientFuture's rating: 1566 &rarr; <strong>1591<\/strong><br \/>(+25 for winning)\n|raw|HiroBready's rating: 1646 &rarr; <strong>1621<\/strong><br \/>(-25 for losing)\n|l|\u2606HiroBready\n","uploadtime":1700516614,"views":3,"p1id":"ancientfuture","p2id":"hirobready","formatid":"gen9vgc2023regulatione","rating":1591,"private":0,"password":""}