{"id":"gen9vgc2023regulatione-1994180156","p1":"PunkRockObstagoon","p2":"japangemu","format":"[Gen 9] VGC 2023 Regulation E","log":"|j|\u2606PunkRockObstagoon\n|j|\u2606japangemu\n|t:|1700416009\n|gametype|doubles\n|player|p1|PunkRockObstagoon|hilbert|1490\n|player|p2|japangemu|101|1385\n|teamsize|p1|6\n|teamsize|p2|6\n|gen|9\n|tier|[Gen 9] VGC 2023 Regulation E\n|rated|\n|rule|Species Clause: Limit one of each Pok\u00e9mon\n|rule|Item Clause: Limit one of each item\n|clearpoke\n|poke|p1|Spinarak, L50, M|\n|poke|p1|Tatsugiri-Droopy, L50, M|\n|poke|p1|Lurantis, L50, F|\n|poke|p1|Mimikyu, L50, F|\n|poke|p1|Farigiraf, L50, F|\n|poke|p1|Roaring Moon, L50|\n|poke|p2|Dusclops, L50, F|\n|poke|p2|Ursaluna-Bloodmoon, L50, M|\n|poke|p2|Iron Hands, L50|\n|poke|p2|Flutter Mane, L50|\n|poke|p2|Ogerpon-Cornerstone, L50, F|\n|poke|p2|Heatran, L50, M|\n|teampreview|4\n|inactive|Battle timer is ON: inactive players will automatically lose when time's up. (requested by PunkRockObstagoon)\n|inactive|PunkRockObstagoon has 60 seconds left.\n|inactive|japangemu has 60 seconds left.\n|\n|t:|1700416057\n|start\n|switch|p1a: Lurantis|Lurantis, L50, F|100\/100\n|switch|p1b: Roaring Moon|Roaring Moon, L50|100\/100\n|switch|p2a: Dusclops|Dusclops, L50, F|100\/100\n|switch|p2b: Ogerpon|Ogerpon-Cornerstone, L50, F|100\/100\n|-ability|p2a: Dusclops|Pressure\n|-enditem|p1b: Roaring Moon|Booster Energy\n|-activate|p1b: Roaring Moon|ability: Protosynthesis|[fromitem]\n|-start|p1b: Roaring Moon|protosynthesisspe\n|turn|1\n|\n|t:|1700416069\n|move|p2b: Ogerpon|Follow Me|p2b: Ogerpon\n|-singleturn|p2b: Ogerpon|move: Follow Me\n|move|p1b: Roaring Moon|Knock Off|p2b: Ogerpon\n|-damage|p2b: Ogerpon|66\/100\n|move|p1a: Lurantis|Superpower|p2b: Ogerpon\n|-supereffective|p2b: Ogerpon\n|-damage|p2b: Ogerpon|0 fnt\n|-boost|p1a: Lurantis|atk|1\n|-boost|p1a: Lurantis|def|1\n|faint|p2b: Ogerpon\n|move|p2a: Dusclops|Trick Room|p2a: Dusclops\n|-fieldstart|move: Trick Room|[of] p2a: Dusclops\n|\n|upkeep\n|\n|t:|1700416078\n|switch|p2b: Ursaluna|Ursaluna-Bloodmoon, L50, M|100\/100\n|turn|2\n|\n|t:|1700416089\n|-terastallize|p1a: Lurantis|Rock\n|-terastallize|p2b: Ursaluna|Normal\n|move|p2a: Dusclops|Brick Break|p2b: Ursaluna\n|-supereffective|p2b: Ursaluna\n|-crit|p2b: Ursaluna\n|-damage|p2b: Ursaluna|75\/100\n|-enditem|p2b: Ursaluna|Weakness Policy\n|-boost|p2b: Ursaluna|atk|2|[from] item: Weakness Policy\n|-boost|p2b: Ursaluna|spa|2|[from] item: Weakness Policy\n|move|p1a: Lurantis|Superpower|p2b: Ursaluna\n|-supereffective|p2b: Ursaluna\n|-damage|p2b: Ursaluna|0 fnt\n|-boost|p1a: Lurantis|atk|1\n|-boost|p1a: Lurantis|def|1\n|faint|p2b: Ursaluna\n|move|p1b: Roaring Moon|Knock Off|p2a: Dusclops\n|-supereffective|p2a: Dusclops\n|-damage|p2a: Dusclops|35\/100\n|-enditem|p2a: Dusclops|Eviolite|[from] move: Knock Off|[of] p1b: Roaring Moon\n|\n|upkeep\n|-message|japangemu forfeited.\n|\n|win|PunkRockObstagoon\n|raw|PunkRockObstagoon's rating: 1490 &rarr; <strong>1504<\/strong><br \/>(+14 for winning)\n|raw|japangemu's rating: 1385 &rarr; <strong>1371<\/strong><br \/>(-14 for losing)\n|l|\u2606japangemu\n","uploadtime":1700416110,"views":5,"p1id":"punkrockobstagoon","p2id":"japangemu","formatid":"gen9vgc2023regulatione","rating":1371,"private":0,"password":""}