{"id":"gen9vgc2023regulatione-1989428424","p1":"averagerandbats","p2":"ale cog","format":"[Gen 9] VGC 2023 Regulation E","log":"|j|\u2606averagerandbats\n|j|\u2606ale cog\n|t:|1699849074\n|gametype|doubles\n|player|p1|averagerandbats|janitor|\n|player|p2|ale cog|pokefanf-gen4|\n|teamsize|p1|6\n|teamsize|p2|6\n|gen|9\n|tier|[Gen 9] VGC 2023 Regulation E\n|rated|Tournament battle\n|rule|Species Clause: Limit one of each Pok\u00e9mon\n|rule|Item Clause: Limit one of each item\n|clearpoke\n|poke|p1|Zapdos, L50|\n|poke|p1|Arcanine-Hisui, L50, F|\n|poke|p1|Urshifu-*, L50, F|\n|poke|p1|Rillaboom, L50, M|\n|poke|p1|Gholdengo, L50|\n|poke|p1|Ogerpon-Wellspring, L50, F|\n|poke|p2|Landorus, L50, M|\n|poke|p2|Tornadus, L50, M|\n|poke|p2|Ogerpon-Hearthflame, L50, F|\n|poke|p2|Iron Hands, L50|\n|poke|p2|Urshifu-*, L50, M|\n|poke|p2|Rillaboom, L50, F|\n|teampreview|4\n|showteam|p1|Zapdos||RockyHelmet|Static|Thunderbolt,Hurricane,RainDance,Tailwind||||||50|,,,,,Ghost]Arcanine-Hisui||ChoiceBand|Intimidate|RockSlide,FlareBlitz,ExtremeSpeed,TeraBlast|||F|||50|,,,,,Fairy]Urshifu-Rapid-Strike||ChoiceScarf|UnseenFist|SurgingStrikes,CloseCombat,IceSpinner,Uturn|||F|||50|,,,,,Water]Rillaboom||AssaultVest|GrassySurge|FakeOut,GrassyGlide,WoodHammer,HighHorsepower|||M|||50|,,,,,Fire]Gholdengo||Leftovers|GoodasGold|Protect,NastyPlot,MakeItRain,ShadowBall||||||50|,,,,,Dragon]Ogerpon-Wellspring||WellspringMask|WaterAbsorb|SpikyShield,FollowMe,IvyCudgel,PowerWhip|||F|||50|,,,,,Water\n|showteam|p2|Landorus||LifeOrb|SheerForce|EarthPower,SandsearStorm,SludgeBomb,Protect|||M|||50|,,,,,Dragon]Tornadus||MentalHerb|Prankster|BleakwindStorm,Taunt,Tailwind,RainDance|||M|||50|,,,,,Ghost]Ogerpon-Hearthflame||HearthflameMask|MoldBreaker|IvyCudgel,GrassyGlide,SwordsDance,SpikyShield|||F|||50|,,,,,Fire]Iron Hands||AssaultVest|QuarkDrive|DrainPunch,WildCharge,HeavySlam,FakeOut||||||50|,,,,,Electric]Urshifu-Rapid-Strike||ChoiceScarf|UnseenFist|SurgingStrikes,CloseCombat,AquaJet,Uturn|||M|||50|,,,,,Water]Rillaboom||MeadowPlate|GrassySurge|WoodHammer,GrassyGlide,FakeOut,Protect|||F|||50|,,,,,Grass\n|inactive|Battle timer is ON: inactive players will automatically lose when time's up. (requested by ale cog)\n|j|%Radio Free C-Side\n|j| TJRaynes\n|inactive|averagerandbats has 60 seconds left.\n|inactive|ale cog has 60 seconds left.\n|j| LasermanZ11\n|\n|t:|1699849118\n|start\n|switch|p1a: Urshifu|Urshifu-Rapid-Strike, L50, F|100\/100\n|switch|p1b: Rillaboom|Rillaboom, L50, M|100\/100\n|switch|p2a: Just A Prank Bro|Tornadus, L50, M, shiny|100\/100\n|switch|p2b: Shamone-Strike|Urshifu-Rapid-Strike, L50, M|100\/100\n|-fieldstart|move: Grassy Terrain|[from] ability: Grassy Surge|[of] p1b: Rillaboom\n|turn|1\n|j| Grewt\n|inactive|averagerandbats has 30 seconds left.\n|inactive|ale cog has 30 seconds left.\n|\n|t:|1699849149\n|move|p1b: Rillaboom|Fake Out|p2b: Shamone-Strike\n|-damage|p2b: Shamone-Strike|86\/100\n|cant|p2b: Shamone-Strike|flinch\n|move|p1a: Urshifu|Ice Spinner|p2a: Just A Prank Bro\n|-supereffective|p2a: Just A Prank Bro\n|-damage|p2a: Just A Prank Bro|41\/100\n|-fieldend|move: Grassy Terrain\n|move|p2a: Just A Prank Bro|Bleakwind Storm|p1b: Rillaboom|[spread] p1a\n|-miss|p2a: Just A Prank Bro|p1b: Rillaboom\n|-supereffective|p1a: Urshifu\n|-damage|p1a: Urshifu|13\/100\n|\n|upkeep\n|turn|2\n|inactive|averagerandbats has 30 seconds left.\n|inactive|ale cog has 30 seconds left.\n|inactive|averagerandbats has 20 seconds left.\n|\n|t:|1699849184\n|move|p2a: Just A Prank Bro|Tailwind|p2a: Just A Prank Bro\n|-sidestart|p2: ale cog|move: Tailwind\n|move|p2b: Shamone-Strike|U-turn|p1b: Rillaboom\n|-supereffective|p1b: Rillaboom\n|-damage|p1b: Rillaboom|52\/100\n|\n|t:|1699849189\n|switch|p2b: Rillaboomer|Rillaboom, L50, F|100\/100|[from] U-turn\n|-fieldstart|move: Grassy Terrain|[from] ability: Grassy Surge|[of] p2b: Rillaboomer\n|move|p1b: Rillaboom|Grassy Glide|p2b: Rillaboomer\n|-resisted|p2b: Rillaboomer\n|-damage|p2b: Rillaboomer|81\/100\n|move|p1a: Urshifu|Ice Spinner|p2a: Just A Prank Bro\n|-supereffective|p2a: Just A Prank Bro\n|-damage|p2a: Just A Prank Bro|0 fnt\n|-fieldend|move: Grassy Terrain\n|faint|p2a: Just A Prank Bro\n|\n|upkeep\n|j| KnighLt\n|\n|t:|1699849213\n|switch|p2a: Landizzle|Landorus, L50, M|100\/100\n|turn|3\n|inactive|averagerandbats has 30 seconds left.\n|\n|t:|1699849239\n|switch|p1a: Gholdengo|Gholdengo, L50|100\/100\n|move|p2b: Rillaboomer|Fake Out|p1b: Rillaboom\n|-damage|p1b: Rillaboom|38\/100\n|move|p2a: Landizzle|Sandsear Storm|p1b: Rillaboom|[spread] p1a,p1b\n|-supereffective|p1a: Gholdengo\n|-resisted|p1b: Rillaboom\n|-damage|p1a: Gholdengo|0 fnt\n|-damage|p1b: Rillaboom|14\/100\n|faint|p1a: Gholdengo\n|cant|p1b: Rillaboom|flinch\n|\n|upkeep\n|\n|t:|1699849250\n|switch|p1a: Urshifu|Urshifu-Rapid-Strike, L50, F|13\/100\n|turn|4\n|\n|t:|1699849267\n|-terastallize|p2a: Landizzle|Dragon\n|move|p1b: Rillaboom|Fake Out||[still]\n|-hint|Fake Out only works on your first turn out.\n|-fail|p1b: Rillaboom\n|move|p2a: Landizzle|Earth Power|p1a: Urshifu\n|-damage|p1a: Urshifu|0 fnt\n|faint|p1a: Urshifu\n|move|p2b: Rillaboomer|Wood Hammer|p1b: Rillaboom\n|-resisted|p1b: Rillaboom\n|-damage|p1b: Rillaboom|0 fnt\n|faint|p1b: Rillaboom\n|-damage|p2b: Rillaboomer|77\/100|[from] Recoil\n|\n|upkeep\n|\n|t:|1699849280\n|switch|p1b: Arcanine|Arcanine-Hisui, L50, F|100\/100\n|-ability|p1b: Arcanine|Intimidate|boost\n|-unboost|p2a: Landizzle|atk|1\n|-unboost|p2b: Rillaboomer|atk|1\n|turn|5\n|\n|t:|1699849289\n|move|p2a: Landizzle|Earth Power|p1b: Arcanine\n|-supereffective|p1b: Arcanine\n|-damage|p1b: Arcanine|0 fnt\n|faint|p1b: Arcanine\n|\n|win|ale cog\n|n|\u2606averagerandbats|averagerandbats\n|n|\u2606ale cog|alecog\n|n| Radio Free C-Side|radiofreecside\n|n| TJRaynes|tjraynes\n|n| LasermanZ11|lasermanz11\n|n| Grewt|grewt\n|n| KnighLt|knighlt\n|c|\u2606averagerandbats|gg\n|l| Grewt\n|l| TJRaynes\n|c|\u2606ale cog|gg\n|l| KnighLt\n|l| Radio Free C-Side\n","uploadtime":1699849290,"views":13,"p1id":"averagerandbats","p2id":"alecog","formatid":"gen9vgc2023regulatione","rating":0,"private":0,"password":""}