{"id":"gen9vgc2023regulatione-1993859232","p1":"whoisparsley","p2":"Kzjekzk","format":"[Gen 9] VGC 2023 Regulation E","log":"|j|\u2606whoisparsley\n|j|\u2606Kzjekzk\n|t:|1700366318\n|gametype|doubles\n|player|p1|whoisparsley|carmine-festival|1093\n|player|p2|Kzjekzk|lance|1073\n|teamsize|p1|6\n|teamsize|p2|6\n|gen|9\n|tier|[Gen 9] VGC 2023 Regulation E\n|rated|\n|rule|Species Clause: Limit one of each Pok\u00e9mon\n|rule|Item Clause: Limit one of each item\n|clearpoke\n|poke|p1|Articuno-Galar, L50|\n|poke|p1|Arcanine-Hisui, L50, M|\n|poke|p1|Azelf, L50|\n|poke|p1|Ceruledge, L50, M|\n|poke|p1|Chi-Yu, L50|\n|poke|p1|Corviknight, L50, F|\n|poke|p2|Flutter Mane, L50|\n|poke|p2|Tornadus, L50, M|\n|poke|p2|Rillaboom, L50, M|\n|poke|p2|Garganacl, L50, M|\n|poke|p2|Arcanine-Hisui, L50, M|\n|poke|p2|Chien-Pao, L50|\n|teampreview|4\n|\n|t:|1700366375\n|start\n|switch|p1a: Arcanine|Arcanine-Hisui, L50, M, shiny|100\/100\n|switch|p1b: Ceruledge|Ceruledge, L50, M|100\/100\n|switch|p2a: Garganacl|Garganacl, L50, M|100\/100\n|switch|p2b: Tornadus|Tornadus, L50, M|100\/100\n|-ability|p1a: Arcanine|Intimidate|boost\n|-unboost|p2a: Garganacl|atk|1\n|-unboost|p2b: Tornadus|atk|1\n|turn|1\n|\n|t:|1700366406\n|move|p2b: Tornadus|Taunt|p1b: Ceruledge\n|-start|p1b: Ceruledge|move: Taunt\n|move|p1a: Arcanine|Close Combat|p2a: Garganacl\n|-supereffective|p2a: Garganacl\n|-damage|p2a: Garganacl|51\/100\n|-unboost|p1a: Arcanine|def|1\n|-unboost|p1a: Arcanine|spd|1\n|move|p1b: Ceruledge|Poltergeist|p2a: Garganacl\n|-activate|p2a: Garganacl|move: Poltergeist|Sitrus Berry\n|-damage|p2a: Garganacl|31\/100\n|-enditem|p2a: Garganacl|Sitrus Berry|[eat]\n|-heal|p2a: Garganacl|56\/100|[from] item: Sitrus Berry\n|move|p2a: Garganacl|Iron Defense|p2a: Garganacl\n|-boost|p2a: Garganacl|def|2\n|\n|upkeep\n|turn|2\n|\n|t:|1700366471\n|-terastallize|p2a: Garganacl|Ghost\n|move|p2b: Tornadus|Tailwind|p2b: Tornadus\n|-sidestart|p2: Kzjekzk|move: Tailwind\n|move|p1a: Arcanine|Close Combat|p2a: Garganacl\n|-immune|p2a: Garganacl\n|move|p1b: Ceruledge|Poltergeist||[still]\n|-fail|p1b: Ceruledge\n|move|p2a: Garganacl|Salt Cure|p1b: Ceruledge\n|-supereffective|p1b: Ceruledge\n|-damage|p1b: Ceruledge|77\/100\n|-start|p1b: Ceruledge|Salt Cure\n|\n|-damage|p1b: Ceruledge|65\/100|[from] Salt Cure\n|upkeep\n|turn|3\n|-message|whoisparsley forfeited.\n|\n|win|Kzjekzk\n|raw|whoisparsley's rating: 1093 &rarr; <strong>1068<\/strong><br \/>(-25 for losing)\n|raw|Kzjekzk's rating: 1073 &rarr; <strong>1104<\/strong><br \/>(+31 for winning)\n|l|\u2606whoisparsley\n","uploadtime":1700366486,"views":8,"p1id":"whoisparsley","p2id":"kzjekzk","formatid":"gen9vgc2023regulatione","rating":1068,"private":0,"password":""}