{"id":"gen9vgc2023regulatione-1999404818","p1":"Jippt351","p2":"chaddyfootball","format":"[Gen 9] VGC 2023 Regulation E","log":"|j|\u2606Jippt351\n|j|\u203dchaddyfootball\n|t:|1701074858\n|gametype|doubles\n|player|p1|Jippt351|266|1257\n|player|p2|chaddyfootball|265|1342\n|teamsize|p1|6\n|teamsize|p2|6\n|gen|9\n|tier|[Gen 9] VGC 2023 Regulation E\n|rated|\n|rule|Species Clause: Limit one of each Pok\u00e9mon\n|rule|Item Clause: Limit one of each item\n|clearpoke\n|poke|p1|Lilligant-Hisui, L50, F|\n|poke|p1|Torkoal, L50, F|\n|poke|p1|Regidrago, L50|\n|poke|p1|Ursaluna, L50, F|\n|poke|p1|Armarouge, L50, F|\n|poke|p1|Indeedee-F, L50, F|\n|poke|p2|Gholdengo, L50|\n|poke|p2|Amoonguss, L50, M|\n|poke|p2|Arcanine, L50, F|\n|poke|p2|Urshifu-*, L50, M|\n|poke|p2|Ninetales-Alola, L50, F|\n|poke|p2|Tornadus, L50, M|\n|teampreview|4\n|inactive|Battle timer is ON: inactive players will automatically lose when time's up. (requested by Jippt351)\n|inactive|Jippt351 has 60 seconds left.\n|inactive|chaddyfootball has 60 seconds left.\n|\n|t:|1701074906\n|start\n|switch|p1a: Lilligant|Lilligant-Hisui, L50, F|100\/100\n|switch|p1b: Armarouge|Armarouge, L50, F|100\/100\n|switch|p2a: Arcanine|Arcanine, L50, F|100\/100\n|switch|p2b: Urshifu|Urshifu-Rapid-Strike, L50, M|100\/100\n|-ability|p2a: Arcanine|Intimidate|boost\n|-unboost|p1a: Lilligant|atk|1\n|-unboost|p1b: Armarouge|atk|1\n|turn|1\n|l|\u2606Jippt351\n|inactive|Jippt351 disconnected and has a minute to reconnect!\n|player|p1|\n|j|\u2606Jippt351\n|inactive|Jippt351 reconnected and has 35 seconds left.\n|player|p1|Jippt351|266\n|inactive|Jippt351 has 30 seconds left.\n|inactive|chaddyfootball has 30 seconds left.\n|inactive|chaddyfootball has 20 seconds left.\n|inactive|chaddyfootball has 15 seconds left.\n|inactive|chaddyfootball has 10 seconds left.\n|inactive|chaddyfootball has 5 seconds left.\n|\n|t:|1701074961\n|switch|p1b: Torkoal|Torkoal, L50, F|100\/100\n|-weather|SunnyDay|[from] ability: Drought|[of] p1b: Torkoal\n|-terastallize|p1a: Lilligant|Ghost\n|move|p1a: Lilligant|Solar Blade||[still]\n|-prepare|p1a: Lilligant|Solar Blade\n|-anim|p1a: Lilligant|Solar Blade|p2b: Urshifu\n|-supereffective|p2b: Urshifu\n|-damage|p2b: Urshifu|26\/100\n|move|p2b: Urshifu|Surging Strikes|p1a: Lilligant\n|-crit|p1a: Lilligant\n|-damage|p1a: Lilligant|83\/100\n|-crit|p1a: Lilligant\n|-damage|p1a: Lilligant|65\/100\n|-crit|p1a: Lilligant\n|-damage|p1a: Lilligant|45\/100\n|-hitcount|p1a: Lilligant|3\n|move|p2a: Arcanine|Play Rough|p1a: Lilligant\n|-damage|p1a: Lilligant|2\/100\n|-unboost|p1a: Lilligant|atk|1\n|\n|-weather|SunnyDay|[upkeep]\n|upkeep\n|turn|2\n|l|\u2606Jippt351\n|inactive|Jippt351 disconnected and has a minute to reconnect!\n|player|p1|\n|j|\u2606Jippt351\n|inactive|Jippt351 reconnected and has 35 seconds left.\n|player|p1|Jippt351|266\n|inactive|Jippt351 has 30 seconds left.\n|inactive|chaddyfootball has 30 seconds left.\n|inactive|chaddyfootball has 20 seconds left.\n|inactive|chaddyfootball has 15 seconds left.\n|inactive|chaddyfootball has 10 seconds left.\n|inactive|chaddyfootball has 5 seconds left.\n|\n|t:|1701075012\n|-terastallize|p2a: Arcanine|Grass\n|move|p1a: Lilligant|Solar Blade||[still]\n|-prepare|p1a: Lilligant|Solar Blade\n|-anim|p1a: Lilligant|Solar Blade|p2b: Urshifu\n|-supereffective|p2b: Urshifu\n|-damage|p2b: Urshifu|0 fnt\n|faint|p2b: Urshifu\n|move|p2a: Arcanine|Flare Blitz|p1b: Torkoal\n|-resisted|p1b: Torkoal\n|-damage|p1b: Torkoal|65\/100\n|-damage|p2a: Arcanine|91\/100|[from] Recoil\n|move|p1b: Torkoal|Earth Power|p2a: Arcanine\n|-resisted|p2a: Arcanine\n|-damage|p2a: Arcanine|77\/100\n|\n|-weather|SunnyDay|[upkeep]\n|upkeep\n|-message|chaddyfootball forfeited.\n|\n|win|Jippt351\n|raw|Jippt351's rating: 1257 &rarr; <strong>1288<\/strong><br \/>(+31 for winning)\n|raw|chaddyfootball's rating: 1342 &rarr; <strong>1317<\/strong><br \/>(-25 for losing)\n|l|\u203dchaddyfootball\n","uploadtime":1701075028,"views":6,"p1id":"jippt351","p2id":"chaddyfootball","formatid":"gen9vgc2023regulatione","rating":1288,"private":0,"password":""}