{"id":"gen9vgc2023regulatione-1990313373","p1":"amelia24","p2":"tpw989","format":"[Gen 9] VGC 2023 Regulation E","log":"|j|\u2606amelia24\n|j|\u2606tpw989\n|t:|1699955212\n|gametype|doubles\n|player|p1|amelia24|266|1024\n|player|p2|tpw989|blackbelt|1000\n|teamsize|p1|6\n|teamsize|p2|6\n|gen|9\n|tier|[Gen 9] VGC 2023 Regulation E\n|rated|\n|rule|Species Clause: Limit one of each Pok\u00e9mon\n|rule|Item Clause: Limit one of each item\n|clearpoke\n|poke|p1|Ogerpon-Wellspring, L50, F|\n|poke|p1|Urshifu-*, L50, F|\n|poke|p1|Flutter Mane, L50|\n|poke|p1|Iron Hands, L50|\n|poke|p1|Tornadus, L50, M|\n|poke|p1|Landorus-Therian, L50, M|\n|poke|p2|Oricorio-Pom-Pom, L50, F|\n|poke|p2|Volcarona, L50, F|\n|poke|p2|Ninetales-Alola, L50, M|\n|poke|p2|Kommo-o, L50, F|\n|poke|p2|Quaquaval, L50, M|\n|poke|p2|Lilligant, L50, F|\n|teampreview|4\n|c|\u2606tpw989|gg\n|c|\u2606tpw989|tired of playing this team\n|inactive|Battle timer is ON: inactive players will automatically lose when time's up. (requested by amelia24)\n|c|\u2606tpw989|you gonna win but it will take 8 mins\n|inactive|tpw989 has 60 seconds left.\n|inactive|tpw989 has 30 seconds left.\n|inactive|tpw989 has 20 seconds left.\n|inactive|tpw989 has 15 seconds left.\n|inactive|tpw989 has 10 seconds left.\n|inactive|tpw989 has 5 seconds left.\n|\n|t:|1699955360\n|start\n|switch|p1a: Flutter Mane|Flutter Mane, L50|100\/100\n|switch|p1b: Landorus|Landorus-Therian, L50, M|100\/100\n|switch|p2a: Oricorio|Oricorio-Pom-Pom, L50, F|100\/100\n|switch|p2b: Volcarona|Volcarona, L50, F|100\/100\n|-ability|p1b: Landorus|Intimidate|boost\n|-unboost|p2a: Oricorio|atk|1\n|-unboost|p2b: Volcarona|atk|1\n|-enditem|p1a: Flutter Mane|Booster Energy\n|-activate|p1a: Flutter Mane|ability: Protosynthesis|[fromitem]\n|-start|p1a: Flutter Mane|protosynthesisspe\n|turn|1\n|inactive|amelia24 has 30 seconds left.\n|inactive|tpw989 has 30 seconds left.\n|inactive|amelia24 has 20 seconds left.\n|inactive|tpw989 has 20 seconds left.\n|inactive|amelia24 has 15 seconds left.\n|inactive|tpw989 has 15 seconds left.\n|inactive|amelia24 has 10 seconds left.\n|inactive|tpw989 has 10 seconds left.\n|inactive|tpw989 has 5 seconds left.\n|\n|t:|1699955415\n|-end|p1a: Flutter Mane|Protosynthesis|[silent]\n|switch|p1a: Iron Hands|Iron Hands, L50|100\/100\n|move|p2a: Oricorio|Protect|p2a: Oricorio\n|-singleturn|p2a: Oricorio|Protect\n|move|p2b: Volcarona|Rage Powder|p2b: Volcarona\n|-singleturn|p2b: Volcarona|move: Rage Powder\n|move|p1b: Landorus|Stomping Tantrum|p2b: Volcarona\n|-damage|p2b: Volcarona|54\/100\n|-damage|p1b: Landorus|84\/100|[from] item: Rocky Helmet|[of] p2b: Volcarona\n|\n|upkeep\n|turn|2\n|inactive|tpw989 has 30 seconds left.\n|inactive|tpw989 has 20 seconds left.\n|inactive|tpw989 has 15 seconds left.\n|inactive|tpw989 has 10 seconds left.\n|inactive|tpw989 has 5 seconds left.\n|\n|t:|1699955470\n|move|p2a: Oricorio|Protect||[still]\n|-fail|p2a: Oricorio\n|move|p2b: Volcarona|Rage Powder|p2b: Volcarona\n|-singleturn|p2b: Volcarona|move: Rage Powder\n|move|p1b: Landorus|Stomping Tantrum|p2b: Volcarona\n|-damage|p2b: Volcarona|9\/100\n|-damage|p1b: Landorus|68\/100|[from] item: Rocky Helmet|[of] p2b: Volcarona\n|move|p1a: Iron Hands|Drain Punch|p2b: Volcarona\n|-resisted|p2b: Volcarona\n|-damage|p2b: Volcarona|0 fnt\n|-damage|p1a: Iron Hands|84\/100|[from] item: Rocky Helmet|[of] p2b: Volcarona\n|faint|p2b: Volcarona\n|\n|upkeep\n|inactive|tpw989 has 30 seconds left.\n|inactive|tpw989 has 20 seconds left.\n|inactive|tpw989 has 15 seconds left.\n|inactive|tpw989 has 10 seconds left.\n|inactive|tpw989 has 5 seconds left.\n|\n|t:|1699955525\n|switch|p2b: Ninetales|Ninetales-Alola, L50, M|100\/100\n|-weather|Snow|[from] ability: Snow Warning|[of] p2b: Ninetales\n|turn|3\n|inactive|tpw989 has 30 seconds left.\n|inactive|tpw989 has 20 seconds left.\n|inactive|tpw989 has 15 seconds left.\n|inactive|tpw989 has 10 seconds left.\n|inactive|tpw989 has 5 seconds left.\n|\n|t:|1699955580\n|move|p2a: Oricorio|Protect|p2a: Oricorio\n|-singleturn|p2a: Oricorio|Protect\n|move|p1b: Landorus|Stomping Tantrum|p2a: Oricorio\n|-activate|p2a: Oricorio|move: Protect\n|move|p2b: Ninetales|Aurora Veil|p2b: Ninetales\n|-sidestart|p2: tpw989|move: Aurora Veil\n|move|p1a: Iron Hands|Heavy Slam|p2b: Ninetales\n|-supereffective|p2b: Ninetales\n|-damage|p2b: Ninetales|0 fnt\n|faint|p2b: Ninetales\n|\n|-weather|Snow|[upkeep]\n|upkeep\n|inactive|tpw989 has 30 seconds left.\n|-message|tpw989 forfeited.\n|\n|win|amelia24\n|raw|amelia24's rating: 1024 &rarr; <strong>1058<\/strong><br \/>(+34 for winning)\n|raw|tpw989's rating: 1000 &rarr; <strong>1000<\/strong><br \/>(+0 for losing)\n|l|\u2606tpw989\n","uploadtime":1699955620,"views":16,"p1id":"amelia24","p2id":"tpw989","formatid":"gen9vgc2023regulatione","rating":1000,"private":0,"password":""}