{"id":"gen9vgc2023regulatione-1991049940","p1":"mikn233","p2":"AnyaForger30","format":"[Gen 9] VGC 2023 Regulation E","log":"|j|\u2606mikn233\n|j|\u2606AnyaForger30\n|t:|1700034642\n|gametype|doubles\n|player|p1|mikn233|roxie|1400\n|player|p2|AnyaForger30|caitlin|1358\n|teamsize|p1|6\n|teamsize|p2|6\n|gen|9\n|tier|[Gen 9] VGC 2023 Regulation E\n|rated|\n|rule|Species Clause: Limit one of each Pok\u00e9mon\n|rule|Item Clause: Limit one of each item\n|clearpoke\n|poke|p1|Ursaluna, L50, F|\n|poke|p1|Armarouge, L50, F|\n|poke|p1|Annihilape, L50, M|\n|poke|p1|Indeedee-F, L50, F|\n|poke|p1|Torkoal, L50, F|\n|poke|p1|Chandelure, L50, M|\n|poke|p2|Tyranitar, L50, M|\n|poke|p2|Ogerpon-Cornerstone, L50, F|\n|poke|p2|Chien-Pao, L50|\n|poke|p2|Dragonite, L50, F|\n|poke|p2|Torkoal, L50, M|\n|poke|p2|Farigiraf, L50, M|\n|teampreview|4\n|inactive|Battle timer is ON: inactive players will automatically lose when time's up. (requested by AnyaForger30)\n|\n|t:|1700034668\n|start\n|switch|p1a: Chandelure|Chandelure, L50, M|100\/100\n|switch|p1b: Ursaluna|Ursaluna, L50, F|100\/100\n|switch|p2a: Ogerpon|Ogerpon-Cornerstone, L50, F|100\/100\n|switch|p2b: Farigiraf|Farigiraf, L50, M|100\/100\n|turn|1\n|\n|t:|1700034692\n|switch|p1a: Indeedee|Indeedee-F, L50, F|100\/100\n|-fieldstart|move: Psychic Terrain|[from] ability: Psychic Surge|[of] p1a: Indeedee\n|move|p2a: Ogerpon|Ivy Cudgel|p1a: Indeedee|[anim] Ivy Cudgel Rock\n|-crit|p1a: Indeedee\n|-damage|p1a: Indeedee|12\/100\n|-enditem|p1a: Indeedee|Sitrus Berry|[eat]\n|-heal|p1a: Indeedee|37\/100|[from] item: Sitrus Berry\n|move|p1b: Ursaluna|Drain Punch|p2a: Ogerpon\n|-supereffective|p2a: Ogerpon\n|-damage|p2a: Ogerpon|18\/100\n|move|p2b: Farigiraf|Trick Room|p2b: Farigiraf\n|-fieldstart|move: Trick Room|[of] p2b: Farigiraf\n|\n|upkeep\n|turn|2\n|\n|t:|1700034713\n|move|p1a: Indeedee|Helping Hand|p1b: Ursaluna\n|-singleturn|p1b: Ursaluna|Helping Hand|[of] p1a: Indeedee\n|move|p2b: Farigiraf|Dazzling Gleam|p1a: Indeedee|[spread] p1a,p1b\n|-damage|p1a: Indeedee|22\/100\n|-damage|p1b: Ursaluna|91\/100\n|move|p1b: Ursaluna|Earthquake|p2b: Farigiraf|[spread] p1a,p2a,p2b\n|-crit|p2a: Ogerpon\n|-damage|p1a: Indeedee|0 fnt\n|-damage|p2a: Ogerpon|0 fnt\n|-damage|p2b: Farigiraf|45\/100\n|-enditem|p2b: Farigiraf|Sitrus Berry|[eat]\n|-heal|p2b: Farigiraf|69\/100|[from] item: Sitrus Berry\n|faint|p1a: Indeedee\n|faint|p2a: Ogerpon\n|\n|upkeep\n|j| 5Sscreen\n|\n|t:|1700034729\n|switch|p1a: Chandelure|Chandelure, L50, M|100\/100\n|switch|p2a: Torkoal|Torkoal, L50, M|100\/100\n|-weather|SunnyDay|[from] ability: Drought|[of] p2a: Torkoal\n|turn|3\n|\n|t:|1700034751\n|-terastallize|p1a: Chandelure|Fairy\n|move|p2a: Torkoal|Solar Beam||[still]\n|-prepare|p2a: Torkoal|Solar Beam\n|-anim|p2a: Torkoal|Solar Beam|p1b: Ursaluna\n|-supereffective|p1b: Ursaluna\n|-damage|p1b: Ursaluna|35\/100\n|move|p1a: Chandelure|Heat Wave|p2b: Farigiraf|[spread] p2a,p2b\n|-resisted|p2a: Torkoal\n|-damage|p2a: Torkoal|55\/100\n|-damage|p2b: Farigiraf|16\/100\n|move|p2b: Farigiraf|Dazzling Gleam|p1b: Ursaluna|[spread] p1a,p1b\n|-damage|p1a: Chandelure|83\/100\n|-damage|p1b: Ursaluna|26\/100\n|move|p1b: Ursaluna|Drain Punch|p2a: Torkoal\n|-crit|p2a: Torkoal\n|-damage|p2a: Torkoal|24\/100\n|-heal|p1b: Ursaluna|38\/100|[from] drain|[of] p2a: Torkoal\n|\n|-weather|SunnyDay|[upkeep]\n|upkeep\n|turn|4\n|\n|t:|1700034774\n|switch|p2b: Tyranitar|Tyranitar, L50, M|100\/100\n|-weather|Sandstorm|[from] ability: Sand Stream|[of] p2b: Tyranitar\n|move|p2a: Torkoal|Solar Beam||[still]\n|-prepare|p2a: Torkoal|Solar Beam\n|move|p1a: Chandelure|Heat Wave|p2b: Tyranitar|[spread] p2a,p2b\n|-resisted|p2a: Torkoal\n|-resisted|p2b: Tyranitar\n|-damage|p2a: Torkoal|0 fnt\n|-damage|p2b: Tyranitar|89\/100\n|faint|p2a: Torkoal\n|move|p1b: Ursaluna|Drain Punch|p2b: Tyranitar\n|-supereffective|p2b: Tyranitar\n|-damage|p2b: Tyranitar|0 fnt\n|-heal|p1b: Ursaluna|78\/100|[from] drain|[of] p2b: Tyranitar\n|faint|p2b: Tyranitar\n|\n|-weather|Sandstorm|[upkeep]\n|-damage|p1a: Chandelure|77\/100|[from] Sandstorm\n|upkeep\n|-message|AnyaForger30 forfeited.\n|\n|win|mikn233\n|raw|mikn233's rating: 1400 &rarr; <strong>1418<\/strong><br \/>(+18 for winning)\n|raw|AnyaForger30's rating: 1358 &rarr; <strong>1340<\/strong><br \/>(-18 for losing)\n|l|\u2606AnyaForger30\n|l|\u2606mikn233\n","uploadtime":1700034861,"views":10,"p1id":"mikn233","p2id":"anyaforger30","formatid":"gen9vgc2023regulatione","rating":1340,"private":0,"password":""}