{"id":"gen9vgc2023regulatione-1999056914","p1":"itsallogreingnow","p2":"LycanPlaysVGC","format":"[Gen 9] VGC 2023 Regulation E","log":"|j|\u2606itsallogreingnow\n|j|\u2606LycanPlaysVGC\n|t:|1701028525\n|gametype|doubles\n|player|p1|itsallogreingnow|2|1287\n|player|p2|LycanPlaysVGC|hiker-gen4|1291\n|teamsize|p1|6\n|teamsize|p2|6\n|gen|9\n|tier|[Gen 9] VGC 2023 Regulation E\n|rated|\n|rule|Species Clause: Limit one of each Pok\u00e9mon\n|rule|Item Clause: Limit one of each item\n|clearpoke\n|poke|p1|Dragonite, L50, F|\n|poke|p1|Tornadus, L50, M|\n|poke|p1|Chien-Pao, L50|\n|poke|p1|Flutter Mane, L50|\n|poke|p1|Urshifu-*, L50, F|\n|poke|p1|Arcanine-Hisui, L50, M|\n|poke|p2|Goodra-Hisui, L50, F|\n|poke|p2|Landorus-Therian, L50, M|\n|poke|p2|Grimmsnarl, L50, M|\n|poke|p2|Tyranitar, L50, F|\n|poke|p2|Ogerpon, L50, F|\n|poke|p2|Flutter Mane, L50|\n|teampreview|4\n|inactive|Battle timer is ON: inactive players will automatically lose when time's up. (requested by LycanPlaysVGC)\n|\n|t:|1701028551\n|start\n|switch|p1a: Tornadus|Tornadus, L50, M|100\/100\n|switch|p1b: Urshifu|Urshifu-Rapid-Strike, L50, F|100\/100\n|switch|p2a: Grimmsnarl|Grimmsnarl, L50, M|100\/100\n|switch|p2b: Landorus|Landorus-Therian, L50, M|100\/100\n|-ability|p2b: Landorus|Intimidate|boost\n|-unboost|p1a: Tornadus|atk|1\n|-unboost|p1b: Urshifu|atk|1\n|turn|1\n|inactive|LycanPlaysVGC has 30 seconds left.\n|\n|t:|1701028579\n|-terastallize|p1b: Urshifu|Water\n|move|p1a: Tornadus|Rain Dance|p1a: Tornadus\n|-weather|RainDance\n|move|p2a: Grimmsnarl|Thunder Wave|p1b: Urshifu\n|-status|p1b: Urshifu|par\n|move|p2b: Landorus|U-turn|p1b: Urshifu\n|-damage|p1b: Urshifu|70\/100 par\n|\n|t:|1701028588\n|switch|p2b: Goodra|Goodra-Hisui, L50, F|100\/100|[from] U-turn\n|move|p1b: Urshifu|Surging Strikes|p2b: Goodra\n|-resisted|p2b: Goodra\n|-damage|p2b: Goodra|93\/100\n|-resisted|p2b: Goodra\n|-damage|p2b: Goodra|86\/100\n|-resisted|p2b: Goodra\n|-damage|p2b: Goodra|78\/100\n|-hitcount|p2b: Goodra|3\n|\n|-weather|RainDance|[upkeep]\n|-heal|p2b: Goodra|84\/100|[from] item: Leftovers\n|upkeep\n|turn|2\n|inactive|LycanPlaysVGC has 30 seconds left.\n|\n|t:|1701028619\n|switch|p1a: Chien-Pao|Chien-Pao, L50|100\/100\n|-ability|p1a: Chien-Pao|Sword of Ruin\n|move|p2a: Grimmsnarl|Light Screen|p2a: Grimmsnarl\n|-sidestart|p2: LycanPlaysVGC|move: Light Screen\n|move|p1b: Urshifu|Surging Strikes|p2a: Grimmsnarl\n|-crit|p2a: Grimmsnarl\n|-damage|p2a: Grimmsnarl|35\/100\n|-crit|p2a: Grimmsnarl\n|-damage|p2a: Grimmsnarl|0 fnt\n|faint|p2a: Grimmsnarl\n|-hitcount|p2: Grimmsnarl|2\n|move|p2b: Goodra|Shelter|p2b: Goodra\n|-boost|p2b: Goodra|def|2\n|\n|-weather|RainDance|[upkeep]\n|-heal|p2b: Goodra|90\/100|[from] item: Leftovers\n|upkeep\n|\n|t:|1701028636\n|switch|p2a: Flutter Mane|Flutter Mane, L50|100\/100\n|-enditem|p2a: Flutter Mane|Booster Energy\n|-activate|p2a: Flutter Mane|ability: Protosynthesis|[fromitem]\n|-start|p2a: Flutter Mane|protosynthesisspe\n|turn|3\n|\n|t:|1701028658\n|move|p2a: Flutter Mane|Dazzling Gleam|p1b: Urshifu|[spread] p1a,p1b\n|-supereffective|p1a: Chien-Pao\n|-damage|p1a: Chien-Pao|2\/100\n|-damage|p1b: Urshifu|27\/100 par\n|move|p1a: Chien-Pao|Sacred Sword|p2b: Goodra\n|-supereffective|p2b: Goodra\n|-damage|p2b: Goodra|29\/100\n|move|p1b: Urshifu|Surging Strikes|p2b: Goodra\n|-resisted|p2b: Goodra\n|-damage|p2b: Goodra|24\/100\n|-resisted|p2b: Goodra\n|-damage|p2b: Goodra|18\/100\n|-resisted|p2b: Goodra\n|-damage|p2b: Goodra|13\/100\n|-hitcount|p2b: Goodra|3\n|move|p2b: Goodra|Heavy Slam|p1a: Chien-Pao\n|-supereffective|p1a: Chien-Pao\n|-damage|p1a: Chien-Pao|0 fnt\n|faint|p1a: Chien-Pao\n|\n|-weather|RainDance|[upkeep]\n|-heal|p2b: Goodra|20\/100|[from] item: Leftovers\n|upkeep\n|\n|t:|1701028680\n|switch|p1a: Tornadus|Tornadus, L50, M|100\/100\n|turn|4\n|-message|itsallogreingnow forfeited.\n|\n|win|LycanPlaysVGC\n|raw|itsallogreingnow's rating: 1287 &rarr; <strong>1262<\/strong><br \/>(-25 for losing)\n|raw|LycanPlaysVGC's rating: 1291 &rarr; <strong>1316<\/strong><br \/>(+25 for winning)\n|l|\u2606itsallogreingnow\n","uploadtime":1701028703,"views":9,"p1id":"itsallogreingnow","p2id":"lycanplaysvgc","formatid":"gen9vgc2023regulatione","rating":1262,"private":0,"password":""}