{"id":"gen9vgc2023regulatione-1990944716","p1":"Naokana","p2":"Vwang03","format":"[Gen 9] VGC 2023 Regulation E","log":"|j|\u2606Naokana\n|j|\u2606Vwang03\n|t:|1700018089\n|gametype|doubles\n|player|p1|Naokana|2|1188\n|player|p2|Vwang03|101|1113\n|teamsize|p1|6\n|teamsize|p2|6\n|gen|9\n|tier|[Gen 9] VGC 2023 Regulation E\n|rated|\n|rule|Species Clause: Limit one of each Pok\u00e9mon\n|rule|Item Clause: Limit one of each item\n|clearpoke\n|poke|p1|Urshifu-*, L50, F|\n|poke|p1|Tornadus, L50, M|\n|poke|p1|Chi-Yu, L50|\n|poke|p1|Landorus-Therian, L50, M|\n|poke|p1|Weezing, L50, F|\n|poke|p1|Roaring Moon, L50|\n|poke|p2|Armarouge, L50, F|\n|poke|p2|Sinistcha-Masterpiece, L50|\n|poke|p2|Indeedee-F, L50, F|\n|poke|p2|Iron Hands, L50|\n|poke|p2|Palafin, L50, M|\n|poke|p2|Tornadus, L50, M|\n|teampreview|4\n|inactive|Battle timer is ON: inactive players will automatically lose when time's up. (requested by Vwang03)\n|inactive|Naokana has 60 seconds left.\n|\n|t:|1700018140\n|start\n|switch|p1a: Tornadus|Tornadus, L50, M|100\/100\n|switch|p1b: Chi-Yu|Chi-Yu, L50|100\/100\n|switch|p2a: Armarouge|Armarouge, L50, F|100\/100\n|switch|p2b: Palafin|Palafin, L50, M|100\/100\n|-ability|p1b: Chi-Yu|Beads of Ruin\n|turn|1\n|\n|t:|1700018162\n|switch|p1a: Weezing|Weezing, L50, F|100\/100\n|-ability|p1a: Weezing|Neutralizing Gas\n|-terastallize|p1b: Chi-Yu|Fire\n|move|p2b: Palafin|Jet Punch|p2a: Armarouge\n|-supereffective|p2a: Armarouge\n|-damage|p2a: Armarouge|32\/100\n|-enditem|p2a: Armarouge|Weakness Policy\n|-boost|p2a: Armarouge|atk|2|[from] item: Weakness Policy\n|-boost|p2a: Armarouge|spa|2|[from] item: Weakness Policy\n|move|p1b: Chi-Yu|Heat Wave|p2a: Armarouge|[spread] p2a,p2b\n|-resisted|p2a: Armarouge\n|-crit|p2a: Armarouge\n|-resisted|p2b: Palafin\n|-damage|p2a: Armarouge|0 fnt\n|-damage|p2b: Palafin|43\/100\n|faint|p2a: Armarouge\n|\n|upkeep\n|-message|Vwang03 forfeited.\n|\n|win|Naokana\n|raw|Naokana's rating: 1188 &rarr; <strong>1208<\/strong><br \/>(+20 for winning)\n|raw|Vwang03's rating: 1113 &rarr; <strong>1093<\/strong><br \/>(-20 for losing)\n|l|\u2606Vwang03\n","uploadtime":1700018191,"views":12,"p1id":"naokana","p2id":"vwang03","formatid":"gen9vgc2023regulatione","rating":1093,"private":0,"password":""}