{"id":"gen9vgc2023regulatione-1993376229","p1":"air484209","p2":"GroundNecton","format":"[Gen 9] VGC 2023 Regulation E","log":"|j|\u2606air484209\n|j|\u2606GroundNecton\n|t:|1700308616\n|gametype|doubles\n|player|p1|air484209|170|1205\n|player|p2|GroundNecton|aaron|1252\n|teamsize|p1|6\n|teamsize|p2|6\n|gen|9\n|tier|[Gen 9] VGC 2023 Regulation E\n|rated|\n|rule|Species Clause: Limit one of each Pok\u00e9mon\n|rule|Item Clause: Limit one of each item\n|clearpoke\n|poke|p1|Grimmsnarl, L50, M|\n|poke|p1|Zapdos, L50|\n|poke|p1|Heatran, L50, F|\n|poke|p1|Ogerpon-Wellspring, L50, F|\n|poke|p1|Iron Hands, L50|\n|poke|p1|Flutter Mane, L50|\n|poke|p2|Chien-Pao, L50|\n|poke|p2|Urshifu-*, L50, F|\n|poke|p2|Chi-Yu, L50|\n|poke|p2|Flutter Mane, L50|\n|poke|p2|Dragonite, L50, F|\n|poke|p2|Rillaboom, L50, F|\n|teampreview|4\n|\n|t:|1700308660\n|start\n|switch|p1a: Zapdos|Zapdos, L50|100\/100\n|switch|p1b: Grimmsnarl|Grimmsnarl, L50, M|100\/100\n|switch|p2a: \ub0a0\uac1c\uce58\ub294\uba38\ub9ac|Flutter Mane, L50|100\/100\n|switch|p2b: \uc704\uc720\uc774|Chi-Yu, L50|100\/100\n|-ability|p2b: \uc704\uc720\uc774|Beads of Ruin\n|-enditem|p2a: \ub0a0\uac1c\uce58\ub294\uba38\ub9ac|Booster Energy\n|-activate|p2a: \ub0a0\uac1c\uce58\ub294\uba38\ub9ac|ability: Protosynthesis|[fromitem]\n|-start|p2a: \ub0a0\uac1c\uce58\ub294\uba38\ub9ac|protosynthesisspe\n|turn|1\n|\n|t:|1700308706\n|switch|p1b: Heatran|Heatran, L50, F|100\/100\n|-terastallize|p2b: \uc704\uc720\uc774|Fire\n|-terastallize|p1a: Zapdos|Water\n|move|p2a: \ub0a0\uac1c\uce58\ub294\uba38\ub9ac|Taunt|p1a: Zapdos\n|-start|p1a: Zapdos|move: Taunt\n|move|p2b: \uc704\uc720\uc774|Heat Wave|p1b: Heatran|[spread] p1a\n|-start|p1b: Heatran|ability: Flash Fire\n|-resisted|p1a: Zapdos\n|-damage|p1a: Zapdos|44\/100\n|cant|p1a: Zapdos|move: Taunt|Light Screen\n|\n|upkeep\n|turn|2\n|\n|t:|1700308748\n|switch|p1a: Iron Hands|Iron Hands, L50|100\/100\n|move|p2a: \ub0a0\uac1c\uce58\ub294\uba38\ub9ac|Shadow Ball|p1b: Heatran\n|-damage|p1b: Heatran|52\/100\n|move|p2b: \uc704\uc720\uc774|Heat Wave|p1a: Iron Hands|[spread] p1a\n|-immune|p1b: Heatran|[from] ability: Flash Fire\n|-damage|p1a: Iron Hands|35\/100\n|move|p1b: Heatran|Flash Cannon|p2a: \ub0a0\uac1c\uce58\ub294\uba38\ub9ac\n|-supereffective|p2a: \ub0a0\uac1c\uce58\ub294\uba38\ub9ac\n|-damage|p2a: \ub0a0\uac1c\uce58\ub294\uba38\ub9ac|0 fnt\n|faint|p2a: \ub0a0\uac1c\uce58\ub294\uba38\ub9ac\n|-end|p2a: \ub0a0\uac1c\uce58\ub294\uba38\ub9ac|Protosynthesis|[silent]\n|\n|upkeep\n|\n|t:|1700308766\n|switch|p2a: \uc6b0\ub77c\uc624\uc2a4|Urshifu-Rapid-Strike, L50, F|100\/100\n|turn|3\n|\n|t:|1700308826\n|-end|p1b: Heatran|ability: Flash Fire|[silent]\n|switch|p1b: Grimmsnarl|Grimmsnarl, L50, M|100\/100\n|move|p2b: \uc704\uc720\uc774|Heat Wave|p1a: Iron Hands|[spread] p1a,p1b\n|-damage|p1a: Iron Hands|0 fnt\n|-damage|p1b: Grimmsnarl|0 fnt\n|faint|p1a: Iron Hands\n|-end|p1a: Iron Hands|Quark Drive|[silent]\n|faint|p1b: Grimmsnarl\n|move|p2a: \uc6b0\ub77c\uc624\uc2a4|Surging Strikes|p1: Iron Hands|[notarget]\n|-fail|p2a: \uc6b0\ub77c\uc624\uc2a4\n|\n|upkeep\n|-message|air484209 forfeited.\n|\n|win|GroundNecton\n|raw|air484209's rating: 1205 &rarr; <strong>1183<\/strong><br \/>(-22 for losing)\n|raw|GroundNecton's rating: 1252 &rarr; <strong>1274<\/strong><br \/>(+22 for winning)\n|l|\u2606air484209\n","uploadtime":1700308837,"views":7,"p1id":"air484209","p2id":"groundnecton","formatid":"gen9vgc2023regulatione","rating":1183,"private":0,"password":""}