{"id":"gen9vgc2023regulatione-1990171728","p1":"Ozwald McFly","p2":"Jawcks","format":"[Gen 9] VGC 2023 Regulation E","log":"|j|\u2606Ozwald McFly\n|j|\u2606Jawcks\n|t:|1699932597\n|gametype|doubles\n|player|p1|Ozwald McFly|birdkeeper-gen4dp|1221\n|player|p2|Jawcks|pokemonrangerf|1313\n|teamsize|p1|6\n|teamsize|p2|6\n|gen|9\n|tier|[Gen 9] VGC 2023 Regulation E\n|rated|\n|rule|Species Clause: Limit one of each Pok\u00e9mon\n|rule|Item Clause: Limit one of each item\n|clearpoke\n|poke|p1|Noctowl, L50, F|\n|poke|p1|Sandy Shocks, L50|\n|poke|p1|Espeon, L50, F|\n|poke|p1|Indeedee-F, L50, F|\n|poke|p1|Iron Hands, L50|\n|poke|p1|Decidueye-Hisui, L50, M|\n|poke|p2|Tornadus, L50, M|\n|poke|p2|Urshifu-*, L50, M|\n|poke|p2|Moltres-Galar, L50|\n|poke|p2|Landorus-Therian, L50, M|\n|poke|p2|Arcanine-Hisui, L50, F|\n|poke|p2|Gastrodon, L50, M|\n|teampreview|4\n|\n|t:|1699932629\n|start\n|switch|p1a: Decidueye|Decidueye-Hisui, L50, M, shiny|100\/100\n|switch|p1b: Indeedee|Indeedee-F, L50, F|100\/100\n|switch|p2a: Landorus|Landorus-Therian, L50, M|100\/100\n|switch|p2b: Arcanine|Arcanine-Hisui, L50, F|100\/100\n|-ability|p2a: Landorus|Intimidate|boost\n|-fail|p1a: Decidueye|unboost|Attack|[from] ability: Scrappy|[of] p1a: Decidueye\n|-unboost|p1b: Indeedee|atk|1\n|-fieldstart|move: Psychic Terrain|[from] ability: Psychic Surge|[of] p1b: Indeedee\n|turn|1\n|\n|t:|1699932651\n|move|p1a: Decidueye|Protect|p1a: Decidueye\n|-singleturn|p1a: Decidueye|Protect\n|move|p2a: Landorus|U-turn|p1a: Decidueye\n|-activate|p1a: Decidueye|move: Protect\n|move|p2b: Arcanine|Flare Blitz|p1a: Decidueye\n|-activate|p1a: Decidueye|move: Protect\n|move|p1b: Indeedee|Trick Room|p1b: Indeedee\n|-fieldstart|move: Trick Room|[of] p1b: Indeedee\n|\n|upkeep\n|turn|2\n|\n|t:|1699932667\n|-terastallize|p1a: Decidueye|Fighting\n|move|p1a: Decidueye|Triple Arrows|p2b: Arcanine\n|-supereffective|p2b: Arcanine\n|-damage|p2b: Arcanine|0 fnt\n|faint|p2b: Arcanine\n|move|p1b: Indeedee|Psyshock|p2a: Landorus\n|-damage|p2a: Landorus|57\/100\n|move|p2a: Landorus|U-turn|p1b: Indeedee\n|-supereffective|p1b: Indeedee\n|-crit|p1b: Indeedee\n|-damage|p1b: Indeedee|2\/100\n|-enditem|p1b: Indeedee|Sitrus Berry|[eat]\n|-heal|p1b: Indeedee|27\/100|[from] item: Sitrus Berry\n|\n|t:|1699932678\n|switch|p2a: Gastrodon|Gastrodon, L50, M|100\/100|[from] U-turn\n|\n|upkeep\n|\n|t:|1699932687\n|switch|p2b: Landorus|Landorus-Therian, L50, M|57\/100\n|-ability|p2b: Landorus|Intimidate|boost\n|-fail|p1a: Decidueye|unboost|Attack|[from] ability: Scrappy|[of] p1a: Decidueye\n|-unboost|p1b: Indeedee|atk|1\n|turn|3\n|\n|t:|1699932705\n|-terastallize|p2a: Gastrodon|Fire\n|move|p1a: Decidueye|Leaf Blade|p2a: Gastrodon\n|-resisted|p2a: Gastrodon\n|-damage|p2a: Gastrodon|76\/100\n|move|p2a: Gastrodon|Yawn|p1a: Decidueye\n|-start|p1a: Decidueye|move: Yawn|[of] p2a: Gastrodon\n|move|p1b: Indeedee|Psyshock|p2b: Landorus\n|-damage|p2b: Landorus|20\/100\n|move|p2b: Landorus|U-turn|p1a: Decidueye\n|-resisted|p1a: Decidueye\n|-damage|p1a: Decidueye|85\/100\n|\n|t:|1699932717\n|switch|p2b: Moltres|Moltres-Galar, L50|100\/100|[from] U-turn\n|\n|-heal|p2a: Gastrodon|82\/100|[from] item: Leftovers\n|upkeep\n|turn|4\n|\n|t:|1699932735\n|move|p1b: Indeedee|Helping Hand|p1a: Decidueye\n|-singleturn|p1a: Decidueye|Helping Hand|[of] p1b: Indeedee\n|move|p1a: Decidueye|Triple Arrows|p2b: Moltres\n|-damage|p2b: Moltres|0 fnt\n|faint|p2b: Moltres\n|move|p2a: Gastrodon|Ice Beam|p1b: Indeedee\n|-damage|p1b: Indeedee|11\/100\n|\n|-heal|p2a: Gastrodon|88\/100|[from] item: Leftovers\n|-end|p1a: Decidueye|move: Yawn|[silent]\n|-status|p1a: Decidueye|slp\n|upkeep\n|-message|Jawcks forfeited.\n|\n|win|Ozwald McFly\n|raw|Ozwald McFly's rating: 1221 &rarr; <strong>1252<\/strong><br \/>(+31 for winning)\n|raw|Jawcks's rating: 1313 &rarr; <strong>1288<\/strong><br \/>(-25 for losing)\n|l|\u2606Jawcks\n","uploadtime":1699932753,"views":9,"p1id":"ozwaldmcfly","p2id":"jawcks","formatid":"gen9vgc2023regulatione","rating":1252,"private":0,"password":""}