{"id":"gen9vgc2023regulatione-1995787292","p1":"Krisuerte","p2":"Mr.A1","format":"[Gen 9] VGC 2023 Regulation E","log":"|j|\u2606Krisuerte\n|j|\u203dMr.A1\n|n|\u2606Krisuerte|krisuerte\n|n|\u203dMr.A1|mra1\n|html|View the match progress at <a href=\"\/game-bestof3-gen9vgc2023regulatione-1995784663\">game-bestof3-gen9vgc2023regulatione-1995784663<\/a>\n|t:|1700603127\n|gametype|doubles\n|player|p1|Krisuerte|265|\n|player|p2|Mr.A1|acetrainer-gen4|\n|teamsize|p1|6\n|teamsize|p2|6\n|gen|9\n|tier|[Gen 9] VGC 2023 Regulation E\n|rule|Species Clause: Limit one of each Pok\u00e9mon\n|rule|Item Clause: Limit one of each item\n|clearpoke\n|poke|p1|Rillaboom, L50, F|\n|poke|p1|Flutter Mane, L50|\n|poke|p1|Chi-Yu, L50|\n|poke|p1|Thundurus, L50, M|\n|poke|p1|Landorus-Therian, L50, M|\n|poke|p1|Sinistcha-Masterpiece, L50|\n|poke|p2|Flutter Mane, L50|\n|poke|p2|Tornadus, L50, M|\n|poke|p2|Urshifu-*, L50, M|\n|poke|p2|Arcanine-Hisui, L50, F|\n|poke|p2|Chien-Pao, L50|\n|poke|p2|Rillaboom, L50, F|\n|teampreview|4\n|\n|t:|1700603196\n|start\n|switch|p1a: Thundurus|Thundurus, L50, M|100\/100\n|switch|p1b: Chi-Yu|Chi-Yu, L50|100\/100\n|switch|p2a: Tornadus|Tornadus, L50, M|100\/100\n|switch|p2b: Chien-Pao|Chien-Pao, L50|100\/100\n|-ability|p1b: Chi-Yu|Beads of Ruin\n|-ability|p2b: Chien-Pao|Sword of Ruin\n|turn|1\n|\n|t:|1700603233\n|-terastallize|p1b: Chi-Yu|Ghost\n|-terastallize|p2b: Chien-Pao|Ghost\n|move|p2a: Tornadus|Tailwind|p2a: Tornadus\n|-sidestart|p2: Mr.A1|move: Tailwind\n|move|p2b: Chien-Pao|Sacred Sword|p1b: Chi-Yu\n|-immune|p1b: Chi-Yu\n|move|p1b: Chi-Yu|Heat Wave|p2a: Tornadus|[spread] p2a,p2b\n|-damage|p2a: Tornadus|42\/100\n|-damage|p2b: Chien-Pao|10\/100\n|move|p1a: Thundurus|Wildbolt Storm|p2b: Chien-Pao|[spread] p2a,p2b\n|-supereffective|p2a: Tornadus\n|-damage|p2a: Tornadus|0 fnt\n|-damage|p2b: Chien-Pao|0 fnt\n|faint|p2a: Tornadus\n|faint|p2b: Chien-Pao\n|\n|upkeep\n|\n|t:|1700603250\n|switch|p2b: Arcanine|Arcanine-Hisui, L50, F|100\/100\n|switch|p2a: Urshifu|Urshifu-Rapid-Strike, L50, M|100\/100\n|-ability|p2b: Arcanine|Intimidate|boost\n|-unboost|p1a: Thundurus|atk|1\n|-unboost|p1b: Chi-Yu|atk|1\n|turn|2\n|\n|t:|1700603278\n|move|p1a: Thundurus|Thunder Wave|p2a: Urshifu\n|-status|p2a: Urshifu|par\n|move|p2b: Arcanine|Rock Slide|p1a: Thundurus|[spread] p1a,p1b\n|-supereffective|p1a: Thundurus\n|-damage|p1a: Thundurus|0 fnt\n|-damage|p1b: Chi-Yu|23\/100\n|faint|p1a: Thundurus\n|cant|p1b: Chi-Yu|flinch\n|cant|p2a: Urshifu|par\n|\n|upkeep\n|\n|t:|1700603293\n|switch|p1a: Landorus|Landorus-Therian, L50, M|100\/100\n|-ability|p1a: Landorus|Intimidate|boost\n|-unboost|p2a: Urshifu|atk|1\n|-unboost|p2b: Arcanine|atk|1\n|turn|3\n|\n|t:|1700603301\n|move|p2b: Arcanine|Rock Slide|p1a: Landorus|[spread] p1b\n|-miss|p2b: Arcanine|p1a: Landorus\n|-damage|p1b: Chi-Yu|0 fnt\n|faint|p1b: Chi-Yu\n|move|p1a: Landorus|Earthquake|p2b: Arcanine|[spread] p2a,p2b\n|-supereffective|p2b: Arcanine\n|-damage|p2a: Urshifu|54\/100 par\n|-damage|p2b: Arcanine|0 fnt\n|faint|p2b: Arcanine\n|-damage|p1a: Landorus|91\/100|[from] item: Life Orb\n|cant|p2a: Urshifu|par\n|\n|upkeep\n|\n|t:|1700603315\n|switch|p1b: Flutter Mane|Flutter Mane, L50|100\/100\n|-enditem|p1b: Flutter Mane|Booster Energy\n|-activate|p1b: Flutter Mane|ability: Protosynthesis|[fromitem]\n|-start|p1b: Flutter Mane|protosynthesisspa\n|turn|4\n|\n|t:|1700603324\n|move|p1b: Flutter Mane|Dazzling Gleam|p2a: Urshifu\n|-supereffective|p2a: Urshifu\n|-damage|p2a: Urshifu|0 fnt\n|faint|p2a: Urshifu\n|\n|win|Krisuerte\n|l|\u203dMr.A1\n|inactive|Krisuerte has 50 seconds to confirm battle start!\n|inactive|Mr.A1 has 50 seconds to confirm battle start!\n","uploadtime":1700603336,"views":1,"p1id":"krisuerte","p2id":"mra1","formatid":"gen9vgc2023regulatione","rating":0,"private":0,"password":""}