{"id":"gen9vgc2023regulatione-1995474270","p1":"flotandocomoespuma","p2":"QrdeJegoMac","format":"[Gen 9] VGC 2023 Regulation E","log":"|j|\u2606flotandocomoespuma\n|j|\u2606QrdeJegoMac\n|t:|1700574827\n|gametype|doubles\n|player|p1|flotandocomoespuma|clown|1547\n|player|p2|QrdeJegoMac|266|1551\n|teamsize|p1|6\n|teamsize|p2|6\n|gen|9\n|tier|[Gen 9] VGC 2023 Regulation E\n|rated|\n|rule|Species Clause: Limit one of each Pok\u00e9mon\n|rule|Item Clause: Limit one of each item\n|clearpoke\n|poke|p1|Tornadus, L50, M|\n|poke|p1|Urshifu-*, L50, M|\n|poke|p1|Gholdengo, L50|\n|poke|p1|Amoonguss, L50, F|\n|poke|p1|Iron Hands, L50|\n|poke|p1|Arcanine-Hisui, L50, F|\n|poke|p2|Chien-Pao, L50|\n|poke|p2|Arcanine-Hisui, L50, M|\n|poke|p2|Urshifu-*, L50, M|\n|poke|p2|Tornadus, L50, M|\n|poke|p2|Rillaboom, L50, M|\n|poke|p2|Flutter Mane, L50|\n|teampreview|4\n|inactive|Battle timer is ON: inactive players will automatically lose when time's up. (requested by QrdeJegoMac)\nflotandocomoespuma has agreed to open team sheets.\n|inactive|flotandocomoespuma has 60 seconds left.\n|\n|t:|1700574865\n|start\n|switch|p1a: Tornadus|Tornadus, L50, M|100\/100\n|switch|p1b: Urshifu|Urshifu-Rapid-Strike, L50, M|100\/100\n|switch|p2a: Flutter Mane|Flutter Mane, L50|100\/100\n|switch|p2b: Tornadus|Tornadus, L50, M|100\/100\n|-enditem|p2a: Flutter Mane|Booster Energy\n|-activate|p2a: Flutter Mane|ability: Protosynthesis|[fromitem]\n|-start|p2a: Flutter Mane|protosynthesisspe\n|turn|1\n|\n|t:|1700574876\n|-terastallize|p2a: Flutter Mane|Grass\n|-terastallize|p1b: Urshifu|Water\n|move|p2b: Tornadus|Tailwind|p2b: Tornadus\n|-sidestart|p2: QrdeJegoMac|move: Tailwind\n|move|p1a: Tornadus|Rain Dance|p1a: Tornadus\n|-weather|RainDance\n|move|p1b: Urshifu|Aqua Jet|p2a: Flutter Mane\n|-resisted|p2a: Flutter Mane\n|-damage|p2a: Flutter Mane|65\/100\n|move|p2a: Flutter Mane|Dazzling Gleam|p1a: Tornadus|[spread] p1a,p1b\n|-damage|p1a: Tornadus|70\/100\n|-damage|p1b: Urshifu|65\/100\n|\n|-weather|RainDance|[upkeep]\n|upkeep\n|turn|2\n|\n|t:|1700574894\n|move|p2a: Flutter Mane|Shadow Ball|p1b: Urshifu\n|-damage|p1b: Urshifu|15\/100\n|move|p2b: Tornadus|Bleakwind Storm|p1a: Tornadus|[spread] p1a,p1b\n|-damage|p1a: Tornadus|38\/100\n|-damage|p1b: Urshifu|0 fnt\n|faint|p1b: Urshifu\n|move|p1a: Tornadus|Bleakwind Storm|p2a: Flutter Mane|[spread] p2a,p2b\n|-supereffective|p2a: Flutter Mane\n|-damage|p2a: Flutter Mane|10\/100\n|-damage|p2b: Tornadus|69\/100\n|\n|-weather|RainDance|[upkeep]\n|upkeep\n|\n|t:|1700574906\n|switch|p1b: Toy ke goteo|Gholdengo, L50|100\/100\n|turn|3\n|\n|t:|1700574911\n|move|p2b: Tornadus|Taunt|p1a: Tornadus\n|-start|p1a: Tornadus|move: Taunt\n|cant|p1a: Tornadus|move: Taunt|Tailwind\n|move|p2a: Flutter Mane|Shadow Ball|p1b: Toy ke goteo\n|-supereffective|p1b: Toy ke goteo\n|-damage|p1b: Toy ke goteo|30\/100\n|move|p1b: Toy ke goteo|Nasty Plot|p1b: Toy ke goteo\n|-boost|p1b: Toy ke goteo|spa|2\n|\n|-weather|RainDance|[upkeep]\n|-heal|p1b: Toy ke goteo|36\/100|[from] item: Leftovers\n|upkeep\n|turn|4\n|\n|t:|1700574923\n|move|p2a: Flutter Mane|Shadow Ball|p1b: Toy ke goteo\n|-supereffective|p1b: Toy ke goteo\n|-damage|p1b: Toy ke goteo|0 fnt\n|faint|p1b: Toy ke goteo\n|move|p2b: Tornadus|Bleakwind Storm|p1a: Tornadus\n|-damage|p1a: Tornadus|0 fnt\n|faint|p1a: Tornadus\n|\n|-weather|RainDance|[upkeep]\n|-sideend|p2: QrdeJegoMac|move: Tailwind\n|upkeep\n|-message|flotandocomoespuma forfeited.\n|\n|win|QrdeJegoMac\n|raw|flotandocomoespuma's rating: 1547 &rarr; <strong>1527<\/strong><br \/>(-20 for losing)\n|raw|QrdeJegoMac's rating: 1551 &rarr; <strong>1571<\/strong><br \/>(+20 for winning)\n|l|\u2606flotandocomoespuma\n","uploadtime":1700574936,"views":4,"p1id":"flotandocomoespuma","p2id":"qrdejegomac","formatid":"gen9vgc2023regulatione","rating":1527,"private":0,"password":""}