{"id":"gen9vgc2023regulatione-1990689140","p1":"Steel Command","p2":"Megalos593","format":"[Gen 9] VGC 2023 Regulation E","log":"|j|\u2606Steel Command\n|j|\u2606Megalos593\n|t:|1699991959\n|gametype|doubles\n|player|p1|Steel Command|101|1108\n|player|p2|Megalos593|169|1043\n|teamsize|p1|6\n|teamsize|p2|6\n|gen|9\n|tier|[Gen 9] VGC 2023 Regulation E\n|rated|\n|rule|Species Clause: Limit one of each Pok\u00e9mon\n|rule|Item Clause: Limit one of each item\n|clearpoke\n|poke|p1|Urshifu-*, L50, F|\n|poke|p1|Farigiraf, L50, F|\n|poke|p1|Clefairy, L50, F|\n|poke|p1|Ogerpon-Hearthflame, L50, F|\n|poke|p1|Ursaluna-Bloodmoon, L50, M|\n|poke|p1|Okidogi, L50, M|\n|poke|p2|Urshifu-*, L50, M|\n|poke|p2|Tornadus, L50, M|\n|poke|p2|Ogerpon-Hearthflame, L50, F|\n|poke|p2|Flutter Mane, L50|\n|poke|p2|Landorus-Therian, L50, M|\n|poke|p2|Kingambit, L50, M|\n|teampreview|4\nMegalos593 has agreed to open team sheets.\n|\n|t:|1699992052\n|start\n|switch|p1a: Farigiraf|Farigiraf, L50, F|100\/100\n|switch|p1b: Okidogi|Okidogi, L50, M|100\/100\n|switch|p2a: Tornadus|Tornadus, L50, M|100\/100\n|switch|p2b: Ogerpon|Ogerpon-Hearthflame, L50, F|100\/100\n|-ability|p2b: Ogerpon|Mold Breaker\n|turn|1\n|\n|t:|1699992089\n|-terastallize|p2b: Ogerpon|Fire\n|detailschange|p2b: Ogerpon|Ogerpon-Hearthflame-Tera, L50, F, tera:Fire\n|-ability|p2b: Ogerpon|Embody Aspect (Hearthflame)|boost\n|-boost|p2b: Ogerpon|atk|1\n|move|p2a: Tornadus|Tailwind|p2a: Tornadus\n|-sidestart|p2: Megalos593|move: Tailwind\n|move|p2b: Ogerpon|Ivy Cudgel|p1a: Farigiraf|[anim] Ivy Cudgel Fire\n|-damage|p1a: Farigiraf|0 fnt\n|faint|p1a: Farigiraf\n|move|p1b: Okidogi|Ice Punch|p2a: Tornadus\n|-supereffective|p2a: Tornadus\n|-damage|p2a: Tornadus|41\/100\n|-enditem|p2a: Tornadus|Sitrus Berry|[eat]\n|-heal|p2a: Tornadus|66\/100|[from] item: Sitrus Berry\n|\n|upkeep\n|\n|t:|1699992102\n|switch|p1a: Clefairy|Clefairy, L50, F|100\/100\n|turn|2\n|\n|t:|1699992121\n|-terastallize|p1b: Okidogi|Water\n|move|p1a: Clefairy|Protect|p1a: Clefairy\n|-singleturn|p1a: Clefairy|Protect\n|move|p2a: Tornadus|Bleakwind Storm|p1a: Clefairy|[spread] p1b\n|-activate|p1a: Clefairy|move: Protect\n|-damage|p1b: Okidogi|84\/100\n|move|p2b: Ogerpon|Ivy Cudgel|p1a: Clefairy|[anim] Ivy Cudgel Fire\n|-activate|p1a: Clefairy|move: Protect\n|move|p1b: Okidogi|Poison Jab|p2b: Ogerpon\n|-damage|p2b: Ogerpon|56\/100\n|-status|p2b: Ogerpon|psn\n|\n|-damage|p2b: Ogerpon|44\/100 psn|[from] psn\n|upkeep\n|turn|3\n|\n|t:|1699992165\n|switch|p1a: Ursaluna|Ursaluna-Bloodmoon, L50, M|100\/100\n|move|p2a: Tornadus|Bleakwind Storm|p1b: Okidogi|[spread] p1a,p1b\n|-damage|p1a: Ursaluna|61\/100\n|-damage|p1b: Okidogi|60\/100\n|-unboost|p1a: Ursaluna|spe|1\n|move|p2b: Ogerpon|Horn Leech|p1b: Okidogi\n|-supereffective|p1b: Okidogi\n|-damage|p1b: Okidogi|0 fnt\n|-heal|p2b: Ogerpon|76\/100 psn|[from] drain|[of] p1b: Okidogi\n|faint|p1b: Okidogi\n|\n|-damage|p2b: Ogerpon|63\/100 psn|[from] psn\n|upkeep\n|-message|Steel Command forfeited.\n|\n|win|Megalos593\n|raw|Steel Command's rating: 1108 &rarr; <strong>1078<\/strong><br \/>(-30 for losing)\n|raw|Megalos593's rating: 1043 &rarr; <strong>1083<\/strong><br \/>(+40 for winning)\n|l|\u2606Steel Command\n","uploadtime":1699992195,"views":8,"p1id":"steelcommand","p2id":"megalos593","formatid":"gen9vgc2023regulatione","rating":1078,"private":0,"password":""}