{"id":"gen9vgc2023regulatione-1988734173","p1":"SapphicAshley","p2":"BonleyVGC","format":"[Gen 9] VGC 2023 Regulation E","log":"|j|\u2606SapphicAshley\n|j|\u2606BonleyVGC\n|t:|1699756345\n|gametype|doubles\n|player|p1|SapphicAshley|marnie-masters3|1116\n|player|p2|BonleyVGC|dancer|1125\n|teamsize|p1|6\n|teamsize|p2|6\n|gen|9\n|tier|[Gen 9] VGC 2023 Regulation E\n|rated|\n|rule|Species Clause: Limit one of each Pok\u00e9mon\n|rule|Item Clause: Limit one of each item\n|clearpoke\n|poke|p1|Gholdengo, L50|\n|poke|p1|Ogerpon, L50, F|\n|poke|p1|Urshifu-*, L50, F|\n|poke|p1|Tornadus, L50, M|\n|poke|p1|Arcanine-Hisui, L50, M|\n|poke|p1|Chien-Pao, L50|\n|poke|p2|Regieleki, L50|\n|poke|p2|Chi-Yu, L50|\n|poke|p2|Dragapult, L50, M|\n|poke|p2|Milotic, L50, M|\n|poke|p2|Farigiraf, L50, M|\n|poke|p2|Rillaboom, L50, M|\n|teampreview|4\n|inactive|Battle timer is ON: inactive players will automatically lose when time's up. (requested by SapphicAshley)\nSapphicAshley has agreed to open team sheets.\n|inactive|SapphicAshley has 60 seconds left.\n|\n|t:|1699756397\n|start\n|switch|p1a: Tornadus|Tornadus, L50, M|100\/100\n|switch|p1b: Urshifu|Urshifu-Rapid-Strike, L50, F|100\/100\n|switch|p2a: Regieleki|Regieleki, L50|100\/100\n|switch|p2b: Chi-Yu|Chi-Yu, L50|100\/100\n|-ability|p2b: Chi-Yu|Beads of Ruin\n|turn|1\n|inactive|SapphicAshley has 30 seconds left.\n|\n|t:|1699756427\n|-terastallize|p2b: Chi-Yu|Water\n|move|p1a: Tornadus|Tailwind|p1a: Tornadus\n|-sidestart|p1: SapphicAshley|move: Tailwind\n|move|p1b: Urshifu|Surging Strikes|p2b: Chi-Yu\n|-resisted|p2b: Chi-Yu\n|-crit|p2b: Chi-Yu\n|-damage|p2b: Chi-Yu|82\/100\n|-resisted|p2b: Chi-Yu\n|-crit|p2b: Chi-Yu\n|-damage|p2b: Chi-Yu|64\/100\n|-resisted|p2b: Chi-Yu\n|-crit|p2b: Chi-Yu\n|-damage|p2b: Chi-Yu|45\/100\n|-hitcount|p2b: Chi-Yu|3\n|move|p2a: Regieleki|Electroweb|p1b: Urshifu|[spread] p1a,p1b\n|-supereffective|p1a: Tornadus\n|-supereffective|p1b: Urshifu\n|-damage|p1a: Tornadus|29\/100\n|-damage|p1b: Urshifu|11\/100\n|-unboost|p1a: Tornadus|spe|1\n|-unboost|p1b: Urshifu|spe|1\n|move|p2b: Chi-Yu|Heat Wave|p1b: Urshifu|[spread] p1a,p1b\n|-resisted|p1b: Urshifu\n|-damage|p1a: Tornadus|0 fnt\n|-damage|p1b: Urshifu|0 fnt\n|faint|p1a: Tornadus\n|faint|p1b: Urshifu\n|\n|upkeep\n|\n|t:|1699756447\n|switch|p1a: Chien-Pao|Chien-Pao, L50|100\/100\n|switch|p1b: Arcanine|Arcanine-Hisui, L50, M, shiny|100\/100\n|-ability|p1a: Chien-Pao|Sword of Ruin\n|-ability|p1b: Arcanine|Intimidate|boost\n|-unboost|p2a: Regieleki|atk|1\n|-unboost|p2b: Chi-Yu|atk|1\n|turn|2\n|\n|t:|1699756469\n|switch|p2b: Rillaboom|Rillaboom, L50, M|100\/100\n|-fieldstart|move: Grassy Terrain|[from] ability: Grassy Surge|[of] p2b: Rillaboom\n|move|p1a: Chien-Pao|Protect|p1a: Chien-Pao\n|-singleturn|p1a: Chien-Pao|Protect\n|move|p2a: Regieleki|Electroweb|p1a: Chien-Pao|[spread] p1b\n|-activate|p1a: Chien-Pao|move: Protect\n|-damage|p1b: Arcanine|71\/100\n|-unboost|p1b: Arcanine|spe|1\n|move|p1b: Arcanine|Rock Slide|p2b: Rillaboom|[spread] p2a,p2b\n|-damage|p2a: Regieleki|0 fnt\n|-damage|p2b: Rillaboom|44\/100\n|faint|p2a: Regieleki\n|\n|-heal|p1b: Arcanine|78\/100|[from] Grassy Terrain\n|-heal|p2b: Rillaboom|50\/100|[from] Grassy Terrain\n|upkeep\n|\n|t:|1699756493\n|switch|p2a: Chi-Yu|Chi-Yu, L50, tera:Water|45\/100\n|-ability|p2a: Chi-Yu|Beads of Ruin\n|turn|3\n|\n|t:|1699756517\n|move|p1a: Chien-Pao|Protect|p1a: Chien-Pao\n|-singleturn|p1a: Chien-Pao|Protect\n|move|p2b: Rillaboom|Fake Out|p1a: Chien-Pao\n|-activate|p1a: Chien-Pao|move: Protect\n|move|p1b: Arcanine|Rock Slide|p2b: Rillaboom|[spread] p2a,p2b\n|-damage|p2a: Chi-Yu|0 fnt\n|-damage|p2b: Rillaboom|0 fnt\n|faint|p2a: Chi-Yu\n|faint|p2b: Rillaboom\n|\n|-heal|p1b: Arcanine|84\/100|[from] Grassy Terrain\n|upkeep\n|\n|t:|1699756532\n|switch|p2a: Milotic|Milotic, L50, M|100\/100\n|turn|4\n|\n|t:|1699756548\n|-terastallize|p1b: Arcanine|Normal\n|move|p1a: Chien-Pao|Ice Spinner|p2a: Milotic\n|-resisted|p2a: Milotic\n|-damage|p2a: Milotic|72\/100\n|-fieldend|move: Grassy Terrain\n|move|p1b: Arcanine|Rock Slide|p2a: Milotic\n|-damage|p2a: Milotic|0 fnt\n|faint|p2a: Milotic\n|\n|win|SapphicAshley\n|raw|SapphicAshley's rating: 1116 &rarr; <strong>1142<\/strong><br \/>(+26 for winning)\n|raw|BonleyVGC's rating: 1125 &rarr; <strong>1099<\/strong><br \/>(-26 for losing)\n","uploadtime":1699756567,"views":30,"p1id":"sapphicashley","p2id":"bonleyvgc","formatid":"gen9vgc2023regulatione","rating":1099,"private":0,"password":""}