{"id":"gen9vgc2023regulatione-1990921923","p1":"AshValentineWR","p2":"quinnelis","format":"[Gen 9] VGC 2023 Regulation E","log":"|j|\u2606AshValentineWR\n|j|\u2606quinnelis\n|t:|1700015437\n|gametype|doubles\n|player|p1|AshValentineWR|cynthia-gen4|1154\n|player|p2|quinnelis|266|1084\n|teamsize|p1|6\n|teamsize|p2|6\n|gen|9\n|tier|[Gen 9] VGC 2023 Regulation E\n|rated|\n|rule|Species Clause: Limit one of each Pok\u00e9mon\n|rule|Item Clause: Limit one of each item\n|clearpoke\n|poke|p1|Mimikyu, L50, F|\n|poke|p1|Arcanine, L50, M|\n|poke|p1|Appletun, L50, F|\n|poke|p1|Iron Hands, L50|\n|poke|p1|Bombirdier, L50, F|\n|poke|p1|Slowbro, L50, M|\n|poke|p2|Scizor, L50, F|\n|poke|p2|Scyther, L50, F|\n|poke|p2|Roaring Moon, L50|\n|poke|p2|Azumarill, L50, M|\n|poke|p2|Palafin, L50, F|\n|poke|p2|Thundurus, L50, M|\n|teampreview|4\n|inactive|Battle timer is ON: inactive players will automatically lose when time's up. (requested by quinnelis)\nAshValentineWR rejected open team sheets.\n|c|\u2606AshValentineWR|gl hf\n|inactive|quinnelis has 60 seconds left.\n|\n|t:|1700015480\n|start\n|switch|p1a: Mimikyu|Mimikyu, L50, F, shiny|100\/100\n|switch|p1b: Bombirdier|Bombirdier, L50, F|100\/100\n|switch|p2a: Scyther|Scyther, L50, F, shiny|100\/100\n|switch|p2b: Roaring Moon|Roaring Moon, L50|100\/100\n|-enditem|p2b: Roaring Moon|Booster Energy\n|-activate|p2b: Roaring Moon|ability: Protosynthesis|[fromitem]\n|-start|p2b: Roaring Moon|protosynthesisatk\n|turn|1\n|\n|t:|1700015498\n|-terastallize|p1b: Bombirdier|Rock\n|move|p2b: Roaring Moon|Knock Off|p1a: Mimikyu\n|-activate|p1a: Mimikyu|ability: Disguise\n|-damage|p1a: Mimikyu|100\/100\n|-enditem|p1a: Mimikyu|Mental Herb|[from] move: Knock Off|[of] p2b: Roaring Moon\n|detailschange|p1a: Mimikyu|Mimikyu-Busted, L50, F, shiny\n|-damage|p1a: Mimikyu|88\/100|[from] pokemon: Mimikyu-Busted\n|move|p2a: Scyther|Swords Dance|p2a: Scyther\n|-boost|p2a: Scyther|atk|2\n|move|p1b: Bombirdier|Rock Slide|p2b: Roaring Moon|[spread] p2a,p2b\n|-supereffective|p2a: Scyther\n|-damage|p2a: Scyther|0 fnt\n|-damage|p2b: Roaring Moon|36\/100\n|faint|p2a: Scyther\n|-damage|p1b: Bombirdier|91\/100|[from] item: Life Orb\n|move|p1a: Mimikyu|Trick Room|p1a: Mimikyu\n|-fieldstart|move: Trick Room|[of] p1a: Mimikyu\n|\n|upkeep\n|inactive|quinnelis has 30 seconds left.\n|\n|t:|1700015526\n|switch|p2a: Azumarill|Azumarill, L50, M|100\/100\n|turn|2\n|\n|t:|1700015542\n|move|p2a: Azumarill|Belly Drum|p2a: Azumarill\n|-damage|p2a: Azumarill|50\/100\n|-setboost|p2a: Azumarill|atk|6|[from] move: Belly Drum\n|-enditem|p2a: Azumarill|Sitrus Berry|[eat]\n|-heal|p2a: Azumarill|75\/100|[from] item: Sitrus Berry\n|move|p1b: Bombirdier|Rock Slide|p2a: Azumarill|[spread] p2a,p2b\n|-crit|p2b: Roaring Moon\n|-damage|p2a: Azumarill|14\/100\n|-damage|p2b: Roaring Moon|0 fnt\n|faint|p2b: Roaring Moon\n|-end|p2b: Roaring Moon|Protosynthesis|[silent]\n|-damage|p1b: Bombirdier|81\/100|[from] item: Life Orb\n|move|p1a: Mimikyu|Play Rough|p2a: Azumarill\n|-damage|p2a: Azumarill|0 fnt\n|faint|p2a: Azumarill\n|\n|upkeep\n|-message|quinnelis forfeited.\n|\n|win|AshValentineWR\n|raw|AshValentineWR's rating: 1154 &rarr; <strong>1174<\/strong><br \/>(+20 for winning)\n|raw|quinnelis's rating: 1084 &rarr; <strong>1066<\/strong><br \/>(-18 for losing)\n|l|\u2606quinnelis\n","uploadtime":1700015564,"views":19,"p1id":"ashvalentinewr","p2id":"quinnelis","formatid":"gen9vgc2023regulatione","rating":1066,"private":0,"password":""}