{"id":"gen9vgc2023regulatione-1999135321","p1":"LucaIaria63","p2":"Eljhona69","format":"[Gen 9] VGC 2023 Regulation E","log":"|j|\u2606LucaIaria63\n|j|\u2606Eljhona69\n|t:|1701036973\n|gametype|doubles\n|player|p1|LucaIaria63|colress|1011\n|player|p2|Eljhona69|giovanni|1036\n|teamsize|p1|6\n|teamsize|p2|6\n|gen|9\n|tier|[Gen 9] VGC 2023 Regulation E\n|rated|\n|rule|Species Clause: Limit one of each Pok\u00e9mon\n|rule|Item Clause: Limit one of each item\n|clearpoke\n|poke|p1|Zapdos-Galar, L50|\n|poke|p1|Grafaiai, L50, F|\n|poke|p1|Arcanine-Hisui, L50, F|\n|poke|p1|Farigiraf, L50, M|\n|poke|p1|Rillaboom, L50, F|\n|poke|p1|Tinkaton, L50, F|\n|poke|p2|Clefable, L50, M|\n|poke|p2|Grimmsnarl, L50, M|\n|poke|p2|Garchomp, L50, F|\n|poke|p2|Ogerpon-Wellspring, L50, F|\n|poke|p2|Kingambit, L50, F|\n|poke|p2|Cinderace, L50, M|\n|teampreview|4\n|\n|t:|1701037014\n|start\n|switch|p1a: Zapdos|Zapdos-Galar, L50|100\/100\n|switch|p1b: Grafaiai|Grafaiai, L50, F|100\/100\n|switch|p2a: Garchomp|Garchomp, L50, F|100\/100\n|switch|p2b: Grimmsnarl|Grimmsnarl, L50, M, shiny|100\/100\n|turn|1\n|inactive|Battle timer is ON: inactive players will automatically lose when time's up. (requested by Eljhona69)\n|\n|t:|1701037033\n|move|p1b: Grafaiai|Swagger|p2a: Garchomp|[miss]\n|-miss|p1b: Grafaiai|p2a: Garchomp\n|move|p2b: Grimmsnarl|Parting Shot|p1a: Zapdos\n|-unboost|p1a: Zapdos|atk|1\n|-ability|p1a: Zapdos|Defiant|boost\n|-boost|p1a: Zapdos|atk|2\n|-unboost|p1a: Zapdos|spa|1\n|-ability|p1a: Zapdos|Defiant|boost\n|-boost|p1a: Zapdos|atk|2\n|\n|t:|1701037047\n|switch|p2b: Clefable|Clefable, L50, M|100\/100|[from] Parting Shot\n|move|p2a: Garchomp|Swords Dance|p2a: Garchomp\n|-boost|p2a: Garchomp|atk|2\n|-enditem|p1a: Zapdos|Mirror Herb\n|-boost|p1a: Zapdos|atk|2|[from] item: Mirror Herb\n|move|p1a: Zapdos|Brave Bird|p2a: Garchomp\n|-damage|p2a: Garchomp|0 fnt\n|-damage|p1a: Zapdos|88\/100|[from] ability: Rough Skin|[of] p2a: Garchomp\n|faint|p2a: Garchomp\n|-damage|p1a: Zapdos|52\/100|[from] Recoil\n|\n|upkeep\n|-message|Eljhona69 forfeited.\n|\n|win|LucaIaria63\n|raw|LucaIaria63's rating: 1011 &rarr; <strong>1052<\/strong><br \/>(+41 for winning)\n|raw|Eljhona69's rating: 1036 &rarr; <strong>1019<\/strong><br \/>(-17 for losing)\n|l|\u2606Eljhona69\n","uploadtime":1701037333,"views":10,"p1id":"lucaiaria63","p2id":"eljhona69","formatid":"gen9vgc2023regulatione","rating":1019,"private":0,"password":""}