{"id":"gen9vgc2023regulatione-1996342979","p1":"Lynnae","p2":"Jack00VGC","format":"[Gen 9] VGC 2023 Regulation E","log":"|j|\u2606Lynnae\n|j|\u2606Jack00VGC\n|t:|1700673010\n|gametype|doubles\n|player|p1|Lynnae|lady|1105\n|player|p2|Jack00VGC|alder|1103\n|teamsize|p1|5\n|teamsize|p2|6\n|gen|9\n|tier|[Gen 9] VGC 2023 Regulation E\n|rated|\n|rule|Species Clause: Limit one of each Pok\u00e9mon\n|rule|Item Clause: Limit one of each item\n|clearpoke\n|poke|p1|Amoonguss, L50, F|\n|poke|p1|Abomasnow, L50, F|\n|poke|p1|Dachsbun, L50, F|\n|poke|p1|Toxtricity-Low-Key, L50, F|\n|poke|p1|Murkrow, L50, F|\n|poke|p2|Flutter Mane, L50|\n|poke|p2|Ogerpon-Wellspring, L50, F|\n|poke|p2|Indeedee-F, L50, F|\n|poke|p2|Chi-Yu, L50|\n|poke|p2|Regieleki, L50|\n|poke|p2|Tornadus, L50, M|\n|teampreview|4\n|inactive|Battle timer is ON: inactive players will automatically lose when time's up. (requested by Jack00VGC)\nJack00VGC rejected open team sheets.\n|inactive|Jack00VGC has 60 seconds left.\n|\n|t:|1700673049\n|start\n|switch|p1a: Murkrow|Murkrow, L50, F|100\/100\n|switch|p1b: Toxtricity|Toxtricity-Low-Key, L50, F|100\/100\n|switch|p2a: Tornadus|Tornadus, L50, M|100\/100\n|switch|p2b: Chi-Yu|Chi-Yu, L50|100\/100\n|-ability|p2b: Chi-Yu|Beads of Ruin\n|turn|1\n|\n|t:|1700673068\n|-terastallize|p2b: Chi-Yu|Fire\n|move|p2a: Tornadus|Tailwind|p2a: Tornadus\n|-sidestart|p2: Jack00VGC|move: Tailwind\n|move|p1a: Murkrow|Tailwind|p1a: Murkrow\n|-sidestart|p1: Lynnae|move: Tailwind\n|move|p2b: Chi-Yu|Heat Wave|p1b: Toxtricity|[spread] p1a,p1b\n|-damage|p1a: Murkrow|0 fnt\n|-damage|p1b: Toxtricity|0 fnt\n|faint|p1a: Murkrow\n|faint|p1b: Toxtricity\n|-damage|p2b: Chi-Yu|90\/100|[from] item: Life Orb\n|\n|upkeep\n|\n|t:|1700673081\n|switch|p1b: Amoonguss|Amoonguss, L50, F, shiny|100\/100\n|switch|p1a: Abomasnow|Abomasnow, L50, F, shiny|100\/100\n|turn|2\n|\n|t:|1700673095\n|-terastallize|p1b: Amoonguss|Poison\n|move|p1a: Abomasnow|Ice Shard|p2a: Tornadus\n|-supereffective|p2a: Tornadus\n|-damage|p2a: Tornadus|57\/100\n|move|p2b: Chi-Yu|Heat Wave|p1a: Abomasnow|[spread] p1a,p1b\n|-supereffective|p1a: Abomasnow\n|-damage|p1a: Abomasnow|0 fnt\n|-damage|p1b: Amoonguss|18\/100\n|faint|p1a: Abomasnow\n|-damage|p2b: Chi-Yu|80\/100|[from] item: Life Orb\n|move|p2a: Tornadus|Bleakwind Storm|p1b: Amoonguss\n|-damage|p1b: Amoonguss|0 fnt\n|faint|p1b: Amoonguss\n|\n|win|Jack00VGC\n|raw|Lynnae's rating: 1105 &rarr; <strong>1080<\/strong><br \/>(-25 for losing)\n|raw|Jack00VGC's rating: 1103 &rarr; <strong>1128<\/strong><br \/>(+25 for winning)\n","uploadtime":1700673112,"views":0,"p1id":"lynnae","p2id":"jack00vgc","formatid":"gen9vgc2023regulatione","rating":1080,"private":0,"password":""}