{"id":"gen9vgc2023regulatione-1994561826","p1":"superseriousboi","p2":"Patrykme","format":"[Gen 9] VGC 2023 Regulation E","log":"|j|\u2606superseriousboi\n|j|\u2606Patrykme\n|t:|1700460220\n|gametype|doubles\n|player|p1|superseriousboi|drayden|1290\n|player|p2|Patrykme|102|1259\n|teamsize|p1|6\n|teamsize|p2|6\n|gen|9\n|tier|[Gen 9] VGC 2023 Regulation E\n|rated|\n|rule|Species Clause: Limit one of each Pok\u00e9mon\n|rule|Item Clause: Limit one of each item\n|clearpoke\n|poke|p1|Ogerpon-Wellspring, L50, F|\n|poke|p1|Landorus-Therian, L50, M|\n|poke|p1|Heatran, L50, M|\n|poke|p1|Iron Hands, L50|\n|poke|p1|Kingambit, L50, F|\n|poke|p1|Flutter Mane, L50|\n|poke|p2|Urshifu-*, L50, M|\n|poke|p2|Iron Bundle, L50|\n|poke|p2|Gholdengo, L50|\n|poke|p2|Roaring Moon, L50|\n|poke|p2|Ogerpon-Hearthflame, L50, F|\n|poke|p2|Enamorus, L50, F|\n|teampreview|4\n|\n|t:|1700460266\n|start\n|switch|p1a: Iron Hands|Iron Hands, L50|100\/100\n|switch|p1b: Heatran|Heatran, L50, M|100\/100\n|switch|p2a: Iron Bundle|Iron Bundle, L50|100\/100\n|switch|p2b: Enamorus|Enamorus, L50, F|100\/100\n|-enditem|p2a: Iron Bundle|Booster Energy\n|-activate|p2a: Iron Bundle|ability: Quark Drive|[fromitem]\n|-start|p2a: Iron Bundle|quarkdrivespe\n|turn|1\n|\n|t:|1700460292\n|-terastallize|p2b: Enamorus|Fairy\n|move|p2a: Iron Bundle|Hydro Pump|p1a: Iron Hands\n|-damage|p1a: Iron Hands|69\/100\n|move|p2b: Enamorus|Moonblast|p1a: Iron Hands\n|-supereffective|p1a: Iron Hands\n|-crit|p1a: Iron Hands\n|-damage|p1a: Iron Hands|0 fnt\n|faint|p1a: Iron Hands\n|-end|p1a: Iron Hands|Quark Drive|[silent]\n|move|p1b: Heatran|Flash Cannon|p2b: Enamorus\n|-supereffective|p2b: Enamorus\n|-damage|p2b: Enamorus|5\/100\n|-damage|p1b: Heatran|91\/100|[from] item: Life Orb\n|\n|upkeep\n|\n|t:|1700460311\n|switch|p1a: Flutter Mane|Flutter Mane, L50|100\/100\n|turn|2\n|\n|t:|1700460339\n|move|p2a: Iron Bundle|Ice Beam|p1a: Flutter Mane\n|-damage|p1a: Flutter Mane|55\/100\n|move|p1a: Flutter Mane|Moonblast|p2a: Iron Bundle\n|-damage|p2a: Iron Bundle|0 fnt\n|faint|p2a: Iron Bundle\n|-end|p2a: Iron Bundle|Quark Drive|[silent]\n|move|p2b: Enamorus|Earth Power|p1b: Heatran\n|-supereffective|p1b: Heatran\n|-damage|p1b: Heatran|0 fnt\n|faint|p1b: Heatran\n|\n|upkeep\n|\n|t:|1700460352\n|switch|p2a: Gholdengo|Gholdengo, L50|100\/100\n|switch|p1b: Landorus|Landorus-Therian, L50, M|100\/100\n|-ability|p1b: Landorus|Intimidate|boost\n|-unboost|p2a: Gholdengo|atk|1\n|-unboost|p2b: Enamorus|atk|1\n|turn|3\n|\n|t:|1700460397\n|move|p1b: Landorus|Rock Slide|p2b: Enamorus|[spread] p2a,p2b\n|-resisted|p2a: Gholdengo\n|-damage|p2a: Gholdengo|89\/100\n|-damage|p2b: Enamorus|0 fnt\n|faint|p2b: Enamorus\n|move|p1a: Flutter Mane|Shadow Ball|p2a: Gholdengo\n|-supereffective|p2a: Gholdengo\n|-damage|p2a: Gholdengo|0 fnt\n|faint|p2a: Gholdengo\n|\n|upkeep\n|\n|t:|1700460408\n|switch|p2a: Ogerpon|Ogerpon-Hearthflame, L50, F|100\/100\n|-ability|p2a: Ogerpon|Mold Breaker\n|turn|4\n|\n|t:|1700460430\n|-terastallize|p1a: Flutter Mane|Ghost\n|move|p1b: Landorus|Rock Slide|p2a: Ogerpon\n|-supereffective|p2a: Ogerpon\n|-damage|p2a: Ogerpon|24\/100\n|move|p1a: Flutter Mane|Shadow Ball|p2a: Ogerpon\n|-damage|p2a: Ogerpon|0 fnt\n|faint|p2a: Ogerpon\n|\n|win|superseriousboi\n|raw|superseriousboi's rating: 1290 &rarr; <strong>1313<\/strong><br \/>(+23 for winning)\n|raw|Patrykme's rating: 1259 &rarr; <strong>1236<\/strong><br \/>(-23 for losing)\n","uploadtime":1700460442,"views":5,"p1id":"superseriousboi","p2id":"patrykme","formatid":"gen9vgc2023regulatione","rating":1236,"private":0,"password":""}