{"id":"gen9vgc2023regulatione-1993655505","p1":"Testinadica","p2":"BigSteveVGC","format":"[Gen 9] VGC 2023 Regulation E","log":"|j|\u2606Testinadica\n|j|\u2606BigSteveVGC\n|t:|1700342137\n|gametype|doubles\n|player|p1|Testinadica|fisherman-gen4|1368\n|player|p2|BigSteveVGC|102|1459\n|teamsize|p1|6\n|teamsize|p2|6\n|gen|9\n|tier|[Gen 9] VGC 2023 Regulation E\n|rated|\n|rule|Species Clause: Limit one of each Pok\u00e9mon\n|rule|Item Clause: Limit one of each item\n|clearpoke\n|poke|p1|Iron Hands, L50|\n|poke|p1|Flutter Mane, L50|\n|poke|p1|Dragonite, L50, F|\n|poke|p1|Chien-Pao, L50|\n|poke|p1|Tornadus, L50, M|\n|poke|p1|Urshifu-*, L50, M|\n|poke|p2|Regidrago, L50|\n|poke|p2|Regieleki, L50|\n|poke|p2|Tornadus, L50, M|\n|poke|p2|Landorus, L50, M|\n|poke|p2|Ogerpon-Hearthflame, L50, F|\n|poke|p2|Farigiraf, L50, M|\n|teampreview|4\n|inactive|Battle timer is ON: inactive players will automatically lose when time's up. (requested by Testinadica)\n|\n|t:|1700342170\n|start\n|switch|p1a: Tornadus|Tornadus, L50, M|100\/100\n|switch|p1b: Urshifu|Urshifu-Rapid-Strike, L50, M|100\/100\n|switch|p2a: Tornadus|Tornadus, L50, M|100\/100\n|switch|p2b: Regieleki|Regieleki, L50|100\/100\n|turn|1\n|inactive|Testinadica has 30 seconds left.\n|\n|t:|1700342199\n|-terastallize|p2b: Regieleki|Electric\n|move|p1b: Urshifu|Detect|p1b: Urshifu\n|-singleturn|p1b: Urshifu|Protect\n|move|p2a: Tornadus|Tailwind|p2a: Tornadus\n|-sidestart|p2: BigSteveVGC|move: Tailwind\n|move|p1a: Tornadus|Tailwind|p1a: Tornadus\n|-sidestart|p1: Testinadica|move: Tailwind\n|move|p2b: Regieleki|Electroweb|p1b: Urshifu|[spread] p1a\n|-activate|p1b: Urshifu|move: Protect\n|-supereffective|p1a: Tornadus\n|-crit|p1a: Tornadus\n|-damage|p1a: Tornadus|0 fnt\n|faint|p1a: Tornadus\n|\n|upkeep\n|\n|t:|1700342215\n|switch|p1a: Dragonite|Dragonite, L50, F|100\/100\n|turn|2\n|\n|t:|1700342223\n|switch|p2a: Farigiraf|Farigiraf, L50, M, shiny|100\/100\n|switch|p1b: Chien-Pao|Chien-Pao, L50|100\/100\n|-ability|p1b: Chien-Pao|Sword of Ruin\n|-terastallize|p1a: Dragonite|Normal\n|move|p1a: Dragonite|Extreme Speed||[still]\n|cant|p2a: Farigiraf|ability: Armor Tail|Extreme Speed|[of] p1a: Dragonite\n|move|p2b: Regieleki|Electroweb|p1a: Dragonite|[spread] p1a\n|-miss|p2b: Regieleki|p1b: Chien-Pao\n|-damage|p1a: Dragonite|73\/100\n|-unboost|p1a: Dragonite|spe|1\n|\n|upkeep\n|turn|3\n|-message|Testinadica forfeited.\n|\n|win|BigSteveVGC\n|raw|Testinadica's rating: 1368 &rarr; <strong>1353<\/strong><br \/>(-15 for losing)\n|raw|BigSteveVGC's rating: 1459 &rarr; <strong>1474<\/strong><br \/>(+15 for winning)\n|l|\u2606Testinadica\n","uploadtime":1700342248,"views":21,"p1id":"testinadica","p2id":"bigstevevgc","formatid":"gen9vgc2023regulatione","rating":1353,"private":0,"password":""}