{"id":"gen9vgc2023regulatione-1996545545","p1":"RiceRat375","p2":"notWyki","format":"[Gen 9] VGC 2023 Regulation E","log":"|j|\u2606RiceRat375\n|j|\u2606notWyki\n|t:|1700692733\n|gametype|doubles\n|player|p1|RiceRat375|waiter-gen4dp|1152\n|player|p2|notWyki|170|1063\n|teamsize|p1|6\n|teamsize|p2|6\n|gen|9\n|tier|[Gen 9] VGC 2023 Regulation E\n|rated|\n|rule|Species Clause: Limit one of each Pok\u00e9mon\n|rule|Item Clause: Limit one of each item\n|clearpoke\n|poke|p1|Dusclops, L50, M|\n|poke|p1|Conkeldurr, L50, M|\n|poke|p1|Ursaluna-Bloodmoon, L50, M|\n|poke|p1|Torkoal, L50, M|\n|poke|p1|Ogerpon, L50, F|\n|poke|p1|Grimmsnarl, L50, M|\n|poke|p2|Arcanine-Hisui, L50, M|\n|poke|p2|Ogerpon-Wellspring, L50, F|\n|poke|p2|Tornadus, L50, M|\n|poke|p2|Gholdengo, L50|\n|poke|p2|Flutter Mane, L50|\n|poke|p2|Sneasler, L50, F|\n|teampreview|4\n|inactive|Battle timer is ON: inactive players will automatically lose when time's up. (requested by RiceRat375)\n|inactive|RiceRat375 has 60 seconds left.\n|inactive|notWyki has 60 seconds left.\n|\n|t:|1700692772\n|start\n|switch|p1a: Dusclops|Dusclops, L50, M|100\/100\n|switch|p1b: Conkeldurr|Conkeldurr, L50, M|100\/100\n|switch|p2a: Tailwin whore|Tornadus, L50, M|100\/100\n|switch|p2b: Tozawa|Gholdengo, L50|100\/100\n|-item|p2a: Tailwin whore|Rocky Helmet|[from] ability: Frisk|[of] p1a: Dusclops|[identify]\n|-item|p2b: Tozawa|Leftovers|[from] ability: Frisk|[of] p1a: Dusclops|[identify]\n|turn|1\n|\n|t:|1700692781\n|-terastallize|p1a: Dusclops|Dark\n|move|p1b: Conkeldurr|Protect|p1b: Conkeldurr\n|-singleturn|p1b: Conkeldurr|Protect\n|move|p2a: Tailwin whore|Taunt|p1a: Dusclops\n|-hint|Since gen 7, Dark is immune to Prankster moves.\n|-immune|p1a: Dusclops\n|move|p2b: Tozawa|Nasty Plot|p2b: Tozawa\n|-boost|p2b: Tozawa|spa|2\n|move|p1a: Dusclops|Trick Room|p1a: Dusclops\n|-fieldstart|move: Trick Room|[of] p1a: Dusclops\n|\n|-status|p1b: Conkeldurr|brn|[from] item: Flame Orb\n|upkeep\n|turn|2\n|\n|t:|1700692803\n|move|p1a: Dusclops|Helping Hand|p1b: Conkeldurr\n|-singleturn|p1b: Conkeldurr|Helping Hand|[of] p1a: Dusclops\n|move|p2b: Tozawa|Protect|p2b: Tozawa\n|-singleturn|p2b: Tozawa|Protect\n|move|p1b: Conkeldurr|Ice Punch|p2a: Tailwin whore\n|-supereffective|p2a: Tailwin whore\n|-damage|p2a: Tailwin whore|0 fnt\n|-damage|p1b: Conkeldurr|84\/100 brn|[from] item: Rocky Helmet|[of] p2a: Tailwin whore\n|faint|p2a: Tailwin whore\n|\n|-damage|p1b: Conkeldurr|78\/100 brn|[from] brn\n|upkeep\n|-message|notWyki forfeited.\n|\n|win|RiceRat375\n|raw|RiceRat375's rating: 1152 &rarr; <strong>1171<\/strong><br \/>(+19 for winning)\n|raw|notWyki's rating: 1063 &rarr; <strong>1048<\/strong><br \/>(-15 for losing)\n|l|\u2606notWyki\n","uploadtime":1700692830,"views":14,"p1id":"ricerat375","p2id":"notwyki","formatid":"gen9vgc2023regulatione","rating":1048,"private":0,"password":""}