{"id":"gen9vgc2023regulatione-1993682518","p1":"Alienatedfob1","p2":"Edarks","format":"[Gen 9] VGC 2023 Regulation E","log":"|j|\u2606Alienatedfob1\n|j|\u2606Edarks\n|t:|1700345078\n|gametype|doubles\n|player|p1|Alienatedfob1|riley|1083\n|player|p2|Edarks|n|1000\n|teamsize|p1|6\n|teamsize|p2|6\n|gen|9\n|tier|[Gen 9] VGC 2023 Regulation E\n|rated|\n|rule|Species Clause: Limit one of each Pok\u00e9mon\n|rule|Item Clause: Limit one of each item\n|clearpoke\n|poke|p1|Chien-Pao, L50|\n|poke|p1|Landorus-Therian, L50, M|\n|poke|p1|Heatran, L50, M|\n|poke|p1|Dragonite, L50, M|\n|poke|p1|Chi-Yu, L50|\n|poke|p1|Urshifu-*, L50, F|\n|poke|p2|Typhlosion-Hisui, L50, M|\n|poke|p2|Oricorio-Sensu, L50, F|\n|poke|p2|Decidueye, L50, M|\n|poke|p2|Basculegion-F, L50, F|\n|poke|p2|Dragapult, L50, M|\n|poke|p2|Zoroark-Hisui, L50, M|\n|teampreview|4\nEdarks has agreed to open team sheets.\n|\n|t:|1700345109\n|start\n|switch|p1a: Chien-Pao|Chien-Pao, L50|100\/100\n|switch|p1b: Landorus|Landorus-Therian, L50, M|100\/100\n|switch|p2a: Typhlosion|Typhlosion-Hisui, L50, M|100\/100\n|switch|p2b: Oricorio|Oricorio-Sensu, L50, F|100\/100\n|-ability|p1b: Landorus|Intimidate|boost\n|-unboost|p2a: Typhlosion|atk|1\n|-unboost|p2b: Oricorio|atk|1\n|-item|p1a: Chien-Pao|Focus Sash|[from] ability: Frisk|[of] p2a: Typhlosion|[identify]\n|-item|p1b: Landorus|Choice Scarf|[from] ability: Frisk|[of] p2a: Typhlosion|[identify]\n|-ability|p1a: Chien-Pao|Sword of Ruin\n|turn|1\n|\n|t:|1700345129\n|move|p2b: Oricorio|Helping Hand|p2a: Typhlosion\n|-singleturn|p2a: Typhlosion|Helping Hand|[of] p2b: Oricorio\n|move|p1a: Chien-Pao|Sucker Punch|p2a: Typhlosion\n|-supereffective|p2a: Typhlosion\n|-damage|p2a: Typhlosion|0 fnt\n|faint|p2a: Typhlosion\n|move|p1b: Landorus|Rock Slide|p2b: Oricorio|[miss]\n|-miss|p1b: Landorus|p2b: Oricorio\n|\n|upkeep\n|\n|t:|1700345138\n|switch|p2a: Basculegion|Basculegion-F, L50, F|100\/100\n|turn|2\n|\n|t:|1700345142\n|move|p1a: Chien-Pao|Sucker Punch|p2a: Basculegion\n|-supereffective|p2a: Basculegion\n|-damage|p2a: Basculegion|5\/100\n|move|p1b: Landorus|Rock Slide|p2a: Basculegion|[spread] p2a\n|-miss|p1b: Landorus|p2b: Oricorio\n|-damage|p2a: Basculegion|0 fnt\n|faint|p2a: Basculegion\n|move|p2b: Oricorio|Icy Wind|p1b: Landorus|[spread] p1a\n|-miss|p2b: Oricorio|p1b: Landorus\n|-resisted|p1a: Chien-Pao\n|-damage|p1a: Chien-Pao|93\/100\n|-unboost|p1a: Chien-Pao|spe|1\n|\n|upkeep\n|\n|t:|1700345153\n|switch|p2a: Dragapult|Dragapult, L50, M|100\/100\n|turn|3\n|\n|t:|1700345159\n|move|p1a: Chien-Pao|Sucker Punch|p2a: Dragapult\n|-supereffective|p2a: Dragapult\n|-damage|p2a: Dragapult|0 fnt\n|faint|p2a: Dragapult\n|move|p1b: Landorus|Rock Slide|p2b: Oricorio\n|-supereffective|p2b: Oricorio\n|-damage|p2b: Oricorio|8\/100\n|move|p2b: Oricorio|Icy Wind|p1a: Chien-Pao|[spread] p1a,p1b\n|-resisted|p1a: Chien-Pao\n|-supereffective|p1b: Landorus\n|-damage|p1a: Chien-Pao|85\/100\n|-damage|p1b: Landorus|49\/100\n|-unboost|p1a: Chien-Pao|spe|1\n|-unboost|p1b: Landorus|spe|1\n|\n|-heal|p2b: Oricorio|14\/100|[from] item: Leftovers\n|upkeep\n|turn|4\n|-message|Edarks forfeited.\n|\n|win|Alienatedfob1\n|raw|Alienatedfob1's rating: 1083 &rarr; <strong>1104<\/strong><br \/>(+21 for winning)\n|raw|Edarks's rating: 1000 &rarr; <strong>1000<\/strong><br \/>(+0 for losing)\n|l|\u2606Edarks\n","uploadtime":1700345174,"views":7,"p1id":"alienatedfob1","p2id":"edarks","formatid":"gen9vgc2023regulatione","rating":1000,"private":0,"password":""}