{"id":"gen9vgc2023regulatione-1989528650","p1":"rrhizler","p2":"yukako_poke","format":"[Gen 9] VGC 2023 Regulation E","log":"|j|\u2606rrhizler\n|j|\u2606yukako_poke\n|t:|1699866216\n|gametype|doubles\n|player|p1|rrhizler|larry|1257\n|player|p2|yukako_poke|dawn|1334\n|teamsize|p1|6\n|teamsize|p2|6\n|gen|9\n|tier|[Gen 9] VGC 2023 Regulation E\n|rated|\n|rule|Species Clause: Limit one of each Pok\u00e9mon\n|rule|Item Clause: Limit one of each item\n|clearpoke\n|poke|p1|Gholdengo, L50|\n|poke|p1|Iron Hands, L50|\n|poke|p1|Amoonguss, L50, M|\n|poke|p1|Scream Tail, L50|\n|poke|p1|Pelipper, L50, F|\n|poke|p1|Salamence, L50, M|\n|poke|p2|Urshifu-*, L50, F|\n|poke|p2|Amoonguss, L50, F|\n|poke|p2|Arcanine-Hisui, L50, M|\n|poke|p2|Iron Hands, L50|\n|poke|p2|Munkidori, L50, M|\n|poke|p2|Flutter Mane, L50|\n|teampreview|4\n|\n|t:|1699866250\n|start\n|switch|p1a: Gholdengo|Gholdengo, L50|100\/100\n|switch|p1b: Amoonguss|Amoonguss, L50, M|100\/100\n|switch|p2a: Munkidori|Munkidori, L50, M|100\/100\n|switch|p2b: Flutter Mane|Flutter Mane, L50|100\/100\n|-item|p1a: Gholdengo|Leftovers|[from] ability: Frisk|[of] p2a: Munkidori|[identify]\n|-item|p1b: Amoonguss|Sitrus Berry|[from] ability: Frisk|[of] p2a: Munkidori|[identify]\n|turn|1\n|\n|t:|1699866286\n|switch|p1b: Scream Tail|Scream Tail, L50|100\/100\n|-enditem|p1b: Scream Tail|Booster Energy\n|-activate|p1b: Scream Tail|ability: Protosynthesis|[fromitem]\n|-start|p1b: Scream Tail|protosynthesisspe\n|move|p1a: Gholdengo|Protect|p1a: Gholdengo\n|-singleturn|p1a: Gholdengo|Protect\n|move|p2a: Munkidori|Psyshock|p1b: Scream Tail\n|-resisted|p1b: Scream Tail\n|-crit|p1b: Scream Tail\n|-damage|p1b: Scream Tail|71\/100\n|move|p2b: Flutter Mane|Shadow Ball|p1a: Gholdengo\n|-activate|p1a: Gholdengo|move: Protect\n|\n|upkeep\n|turn|2\n|\n|t:|1699866305\n|switch|p2a: Amoonguss|Amoonguss, L50, F|100\/100\n|move|p1b: Scream Tail|Disable|p2b: Flutter Mane\n|-start|p2b: Flutter Mane|Disable|Shadow Ball\n|cant|p2b: Flutter Mane|Disable|Shadow Ball\n|move|p1a: Gholdengo|Nasty Plot|p1a: Gholdengo\n|-boost|p1a: Gholdengo|spa|2\n|\n|upkeep\n|turn|3\n|\n|t:|1699866353\n|-end|p1b: Scream Tail|Protosynthesis|[silent]\n|switch|p1b: Amoonguss|Amoonguss, L50, M|100\/100\n|-end|p2b: Flutter Mane|Protosynthesis|[silent]\n|switch|p2b: Munkidori|Munkidori, L50, M|100\/100\n|-item|p1a: Gholdengo|Leftovers|[from] ability: Frisk|[of] p2b: Munkidori|[identify]\n|-item|p1b: Amoonguss|Sitrus Berry|[from] ability: Frisk|[of] p2b: Munkidori|[identify]\n|move|p1a: Gholdengo|Nasty Plot|p1a: Gholdengo\n|-boost|p1a: Gholdengo|spa|2\n|move|p2a: Amoonguss|Spore|p1b: Amoonguss\n|-immune|p1b: Amoonguss\n|\n|upkeep\n|turn|4\n|\n|t:|1699866391\n|switch|p2a: Arcanine|Arcanine-Hisui, L50, M|100\/100\n|-ability|p2a: Arcanine|Intimidate|boost\n|-unboost|p1a: Gholdengo|atk|1\n|-unboost|p1b: Amoonguss|atk|1\n|move|p1b: Amoonguss|Protect|p1b: Amoonguss\n|-singleturn|p1b: Amoonguss|Protect\n|move|p2b: Munkidori|Trick|p1a: Gholdengo\n|-immune|p1a: Gholdengo|[from] ability: Good as Gold\n|move|p1a: Gholdengo|Make It Rain|p2a: Arcanine|[spread] p2a,p2b\n|-damage|p2a: Arcanine|0 fnt\n|-damage|p2b: Munkidori|0 fnt\n|-unboost|p1a: Gholdengo|spa|1\n|faint|p2a: Arcanine\n|faint|p2b: Munkidori\n|\n|upkeep\n|-message|yukako_poke forfeited.\n|\n|win|rrhizler\n|raw|rrhizler's rating: 1257 &rarr; <strong>1287<\/strong><br \/>(+30 for winning)\n|raw|yukako_poke's rating: 1334 &rarr; <strong>1310<\/strong><br \/>(-24 for losing)\n|l|\u2606yukako_poke\n","uploadtime":1699866419,"views":28,"p1id":"rrhizler","p2id":"yukakopoke","formatid":"gen9vgc2023regulatione","rating":1287,"private":0,"password":""}