{"id":"gen9vgc2023regulatione-1996579152","p1":"Xikirito","p2":"jomina","format":"[Gen 9] VGC 2023 Regulation E","log":"|j|\u2606Xikirito\n|j|\u2606jomina\n|t:|1700696536\n|gametype|doubles\n|player|p1|Xikirito|volkner|1112\n|player|p2|jomina|2|1199\n|teamsize|p1|6\n|teamsize|p2|6\n|gen|9\n|tier|[Gen 9] VGC 2023 Regulation E\n|rated|\n|rule|Species Clause: Limit one of each Pok\u00e9mon\n|rule|Item Clause: Limit one of each item\n|clearpoke\n|poke|p1|Chi-Yu, L50|\n|poke|p1|Iron Hands, L50|\n|poke|p1|Landorus-Therian, L50, M|\n|poke|p1|Dusclops, L50, F|\n|poke|p1|Ogerpon-Wellspring, L50, F|\n|poke|p1|Ursaluna-Bloodmoon, L50, M|\n|poke|p2|Armarouge, L50, M|\n|poke|p2|Indeedee-F, L50, F|\n|poke|p2|Ogerpon-Wellspring, L50, F|\n|poke|p2|Landorus-Therian, L50, M|\n|poke|p2|Kingambit, L50, M|\n|poke|p2|Ursaluna-Bloodmoon, L50, M|\n|teampreview|4\n|inactive|Battle timer is ON: inactive players will automatically lose when time's up. (requested by jomina)\n|inactive|jomina has 60 seconds left.\n|\n|t:|1700696572\n|start\n|switch|p1a: Ogerpon|Ogerpon-Wellspring, L50, F|100\/100\n|switch|p1b: Iron Hands|Iron Hands, L50|100\/100\n|switch|p2a: Indeedee|Indeedee-F, L50, F|100\/100\n|switch|p2b: Armarouge|Armarouge, L50, M|100\/100\n|turn|1\n|\n|t:|1700696596\n|move|p1b: Iron Hands|Fake Out|p2a: Indeedee\n|-damage|p2a: Indeedee|88\/100\n|-damage|p1b: Iron Hands|84\/100|[from] item: Rocky Helmet|[of] p2a: Indeedee\n|cant|p2a: Indeedee|flinch\n|move|p1a: Ogerpon|Ivy Cudgel|p2b: Armarouge|[anim] Ivy Cudgel Water\n|-supereffective|p2b: Armarouge\n|-damage|p2b: Armarouge|0 fnt\n|faint|p2b: Armarouge\n|\n|upkeep\n|-message|jomina forfeited.\n|\n|win|Xikirito\n|raw|Xikirito's rating: 1112 &rarr; <strong>1143<\/strong><br \/>(+31 for winning)\n|raw|jomina's rating: 1199 &rarr; <strong>1168<\/strong><br \/>(-31 for losing)\n|l|\u2606jomina\n","uploadtime":1700696611,"views":12,"p1id":"xikirito","p2id":"jomina","formatid":"gen9vgc2023regulatione","rating":1143,"private":0,"password":""}