{"id":"gen9vgc2023regulatione-1998523303","p1":"sdfghjnhgh","p2":"MochaMatcha","format":"[Gen 9] VGC 2023 Regulation E","log":"|j|\u2606sdfghjnhgh\n|j|\u2606MochaMatcha\n|t:|1700952013\n|gametype|doubles\n|player|p1|sdfghjnhgh|schoolkid-gen4|1121\n|player|p2|MochaMatcha|iono|1098\n|teamsize|p1|6\n|teamsize|p2|6\n|gen|9\n|tier|[Gen 9] VGC 2023 Regulation E\n|rated|\n|rule|Species Clause: Limit one of each Pok\u00e9mon\n|rule|Item Clause: Limit one of each item\n|clearpoke\n|poke|p1|Arcanine-Hisui, L50, M|\n|poke|p1|Rillaboom, L50, M|\n|poke|p1|Tornadus, L50, M|\n|poke|p1|Palafin, L50, F|\n|poke|p1|Flutter Mane, L50|\n|poke|p1|Chien-Pao, L50|\n|poke|p2|Tornadus, L50, M|\n|poke|p2|Regidrago, L50|\n|poke|p2|Grimmsnarl, L50, M|\n|poke|p2|Baxcalibur, L50, F|\n|poke|p2|Ninetales-Alola, L50, M|\n|poke|p2|Regieleki, L50|\n|teampreview|4\n|\n|t:|1700952069\n|start\n|switch|p1a: Arcanine|Arcanine-Hisui, L50, M, shiny|100\/100\n|switch|p1b: Rillaboom|Rillaboom, L50, M|100\/100\n|switch|p2a: Tornadus|Tornadus, L50, M|100\/100\n|switch|p2b: Regieleki|Regieleki, L50|100\/100\n|-ability|p1a: Arcanine|Intimidate|boost\n|-unboost|p2a: Tornadus|atk|1\n|-unboost|p2b: Regieleki|atk|1\n|-fieldstart|move: Grassy Terrain|[from] ability: Grassy Surge|[of] p1b: Rillaboom\n|turn|1\n|\n|t:|1700952084\n|move|p1b: Rillaboom|Fake Out|p2b: Regieleki\n|-damage|p2b: Regieleki|75\/100\n|move|p2a: Tornadus|Rain Dance|p2a: Tornadus\n|-weather|RainDance\n|cant|p2b: Regieleki|flinch\n|move|p1a: Arcanine|Rock Slide|p2a: Tornadus|[spread] p2a,p2b\n|-supereffective|p2a: Tornadus\n|-damage|p2a: Tornadus|0 fnt\n|-damage|p2b: Regieleki|0 fnt\n|faint|p2a: Tornadus\n|faint|p2b: Regieleki\n|\n|-weather|RainDance|[upkeep]\n|upkeep\n|\n|t:|1700952087\n|switch|p2b: Grimmsnarl|Grimmsnarl, L50, M|100\/100\n|switch|p2a: Reginald A Drago|Regidrago, L50|100\/100\n|turn|2\n|\n|t:|1700952103\n|switch|p1b: Flutter Mane|Flutter Mane, L50|100\/100\n|-enditem|p1b: Flutter Mane|Booster Energy\n|-activate|p1b: Flutter Mane|ability: Protosynthesis|[fromitem]\n|-start|p1b: Flutter Mane|protosynthesisspe\n|-terastallize|p1a: Arcanine|Fairy\n|move|p2b: Grimmsnarl|Reflect|p2b: Grimmsnarl\n|-sidestart|p2: MochaMatcha|Reflect\n|move|p1a: Arcanine|Rock Slide|p2a: Reginald A Drago|[spread] p2a,p2b\n|-damage|p2a: Reginald A Drago|69\/100\n|-damage|p2b: Grimmsnarl|71\/100\n|move|p2a: Reginald A Drago|Dragon Energy|p1a: Arcanine|[spread] \n|-immune|p1a: Arcanine\n|-immune|p1b: Flutter Mane\n|\n|-weather|RainDance|[upkeep]\n|-heal|p2a: Reginald A Drago|75\/100|[from] Grassy Terrain\n|-heal|p2b: Grimmsnarl|77\/100|[from] Grassy Terrain\n|upkeep\n|turn|3\n|-message|MochaMatcha forfeited.\n|\n|win|sdfghjnhgh\n|raw|sdfghjnhgh's rating: 1121 &rarr; <strong>1144<\/strong><br \/>(+23 for winning)\n|raw|MochaMatcha's rating: 1098 &rarr; <strong>1075<\/strong><br \/>(-23 for losing)\n|l|\u2606MochaMatcha\n","uploadtime":1700952125,"views":3,"p1id":"sdfghjnhgh","p2id":"mochamatcha","formatid":"gen9vgc2023regulatione","rating":1075,"private":0,"password":""}