{"id":"gen9vgc2023regulatione-1993929809","p1":"PunkRockObstagoon","p2":"S.r Red EX","format":"[Gen 9] VGC 2023 Regulation E","log":"|j|\u2606PunkRockObstagoon\n|j|\u2606S.r Red EX\n|t:|1700377311\n|gametype|doubles\n|player|p1|PunkRockObstagoon|hilbert|1476\n|player|p2|S.r Red EX|red|1408\n|teamsize|p1|6\n|teamsize|p2|6\n|gen|9\n|tier|[Gen 9] VGC 2023 Regulation E\n|rated|\n|rule|Species Clause: Limit one of each Pok\u00e9mon\n|rule|Item Clause: Limit one of each item\n|clearpoke\n|poke|p1|Spinarak, L50, M|\n|poke|p1|Tatsugiri-Droopy, L50, M|\n|poke|p1|Lurantis, L50, F|\n|poke|p1|Armarouge, L50, M|\n|poke|p1|Farigiraf, L50, F|\n|poke|p1|Roaring Moon, L50|\n|poke|p2|Kingambit, L50, F|\n|poke|p2|Landorus-Therian, L50, M|\n|poke|p2|Volcarona, L50, F|\n|poke|p2|Urshifu-*, L50, F|\n|poke|p2|Rillaboom, L50, F|\n|poke|p2|Clefairy, L50, F|\n|teampreview|4\n|inactive|Battle timer is ON: inactive players will automatically lose when time's up. (requested by PunkRockObstagoon)\n|inactive|PunkRockObstagoon has 60 seconds left.\n|\n|t:|1700377359\n|start\n|switch|p1a: Lurantis|Lurantis, L50, F|100\/100\n|switch|p1b: Roaring Moon|Roaring Moon, L50|100\/100\n|switch|p2a: Volcarona|Volcarona, L50, F|100\/100\n|switch|p2b: Landorus|Landorus-Therian, L50, M|100\/100\n|-ability|p2b: Landorus|Intimidate|boost\n|-boost|p1a: Lurantis|atk|1\n|-unboost|p1b: Roaring Moon|atk|1\n|-enditem|p1b: Roaring Moon|Booster Energy\n|-activate|p1b: Roaring Moon|ability: Protosynthesis|[fromitem]\n|-start|p1b: Roaring Moon|protosynthesisspe\n|turn|1\n|\n|t:|1700377383\n|-terastallize|p1a: Lurantis|Rock\n|move|p1b: Roaring Moon|Breaking Swipe|p2a: Volcarona|[spread] p2a,p2b\n|-damage|p2a: Volcarona|84\/100\n|-damage|p2b: Landorus|82\/100\n|-unboost|p2a: Volcarona|atk|1\n|-unboost|p2b: Landorus|atk|1\n|move|p2b: Landorus|U-turn|p1a: Lurantis\n|-damage|p1a: Lurantis|80\/100\n|\n|t:|1700377392\n|switch|p2b: Kingambit|Kingambit, L50, F|100\/100|[from] U-turn\n|move|p2a: Volcarona|Quiver Dance|p2a: Volcarona\n|-boost|p2a: Volcarona|spa|1\n|-boost|p2a: Volcarona|spd|1\n|-boost|p2a: Volcarona|spe|1\n|move|p1a: Lurantis|Tera Blast|p2a: Volcarona|[anim] Tera Blast Rock\n|-supereffective|p2a: Volcarona\n|-damage|p2a: Volcarona|0 fnt\n|faint|p2a: Volcarona\n|\n|upkeep\n|\n|t:|1700377401\n|switch|p2a: Rillaboom|Rillaboom, L50, F|100\/100\n|-fieldstart|move: Grassy Terrain|[from] ability: Grassy Surge|[of] p2a: Rillaboom\n|turn|2\n|\n|t:|1700377413\n|-end|p1b: Roaring Moon|Protosynthesis|[silent]\n|switch|p1b: Farigiraf|Farigiraf, L50, F|100\/100\n|move|p2a: Rillaboom|Fake Out||[still]\n|cant|p1b: Farigiraf|ability: Armor Tail|Fake Out|[of] p2a: Rillaboom\n|move|p2b: Kingambit|Kowtow Cleave|p1b: Farigiraf\n|-supereffective|p1b: Farigiraf\n|-enditem|p1b: Farigiraf|Focus Sash\n|-damage|p1b: Farigiraf|1\/100\n|move|p1a: Lurantis|Superpower|p2b: Kingambit\n|-supereffective|p2b: Kingambit\n|-damage|p2b: Kingambit|0 fnt\n|-boost|p1a: Lurantis|atk|1\n|-boost|p1a: Lurantis|def|1\n|faint|p2b: Kingambit\n|\n|-heal|p1b: Farigiraf|7\/100|[from] Grassy Terrain\n|-heal|p1a: Lurantis|86\/100|[from] Grassy Terrain\n|upkeep\n|\n|t:|1700377421\n|switch|p2b: Landorus|Landorus-Therian, L50, M|82\/100\n|-ability|p2b: Landorus|Intimidate|boost\n|-boost|p1a: Lurantis|atk|1\n|-unboost|p1b: Farigiraf|atk|1\n|turn|3\n|-message|S.r Red EX forfeited.\n|\n|win|PunkRockObstagoon\n|raw|PunkRockObstagoon's rating: 1476 &rarr; <strong>1492<\/strong><br \/>(+16 for winning)\n|raw|S.r Red EX's rating: 1408 &rarr; <strong>1392<\/strong><br \/>(-16 for losing)\n|l|\u2606S.r Red EX\n","uploadtime":1700377425,"views":7,"p1id":"punkrockobstagoon","p2id":"srredex","formatid":"gen9vgc2023regulatione","rating":1392,"private":0,"password":""}