{"id":"gen9vgc2023regulatione-1994043035","p1":"epicdude1111","p2":"Yoyoforce","format":"[Gen 9] VGC 2023 Regulation E","log":"|j|\u2606epicdude1111\n|j|\u2606Yoyoforce\n|t:|1700398783\n|gametype|doubles\n|player|p1|epicdude1111|169|1000\n|player|p2|Yoyoforce|alder|1032\n|teamsize|p1|6\n|teamsize|p2|6\n|gen|9\n|tier|[Gen 9] VGC 2023 Regulation E\n|rated|\n|rule|Species Clause: Limit one of each Pok\u00e9mon\n|rule|Item Clause: Limit one of each item\n|clearpoke\n|poke|p1|Arcanine-Hisui, L50, M|\n|poke|p1|Arboliva, L50, M|\n|poke|p1|Armarouge, L50, F|\n|poke|p1|Indeedee-F, L50, F|\n|poke|p1|Slaking, L50, M|\n|poke|p1|Grafaiai, L50, F|\n|poke|p2|Chi-Yu, L50|\n|poke|p2|Tornadus, L50, M|\n|poke|p2|Landorus-Therian, L50, M|\n|poke|p2|Flutter Mane, L50|\n|poke|p2|Iron Hands, L50|\n|poke|p2|Ogerpon-Wellspring, L50, F|\n|teampreview|4\nYoyoforce rejected open team sheets.\n|\n|t:|1700398814\n|start\n|switch|p1a: Arcanine|Arcanine-Hisui, L50, M|100\/100\n|switch|p1b: Arboliva|Arboliva, L50, M|100\/100\n|switch|p2a: Taichi|Landorus-Therian, L50, M|100\/100\n|switch|p2b: Misdreamus|Flutter Mane, L50, shiny|100\/100\n|-ability|p2a: Taichi|Intimidate|boost\n|-unboost|p1a: Arcanine|atk|1\n|-unboost|p1b: Arboliva|atk|1\n|turn|1\n|\n|t:|1700398833\n|move|p2a: Taichi|Stomping Tantrum|p1a: Arcanine\n|-supereffective|p1a: Arcanine\n|-enditem|p1a: Arcanine|Focus Sash\n|-damage|p1a: Arcanine|1\/100\n|move|p2b: Misdreamus|Dazzling Gleam|p1a: Arcanine|[spread] p1a,p1b\n|-resisted|p1a: Arcanine\n|-damage|p1a: Arcanine|0 fnt\n|-damage|p1b: Arboliva|72\/100\n|-fieldstart|move: Grassy Terrain|[from] ability: Seed Sower|[of] p1b: Arboliva\n|faint|p1a: Arcanine\n|move|p1b: Arboliva|Giga Drain|p2a: Taichi\n|-damage|p2a: Taichi|48\/100\n|-heal|p1b: Arboliva|96\/100|[from] drain|[of] p2a: Taichi\n|\n|-heal|p1b: Arboliva|100\/100|[from] Grassy Terrain\n|upkeep\n|\n|t:|1700398848\n|switch|p1a: Grafaiai|Grafaiai, L50, F|100\/100\n|turn|2\n|\n|t:|1700398864\n|-end|p2b: Misdreamus|Protosynthesis|[silent]\n|switch|p2b: Hariken|Tornadus, L50, M|100\/100\n|-terastallize|p2a: Taichi|Flying\n|move|p2a: Taichi|Stomping Tantrum|p1a: Grafaiai\n|-supereffective|p1a: Grafaiai\n|-damage|p1a: Grafaiai|0 fnt\n|faint|p1a: Grafaiai\n|move|p1b: Arboliva|Giga Drain|p2a: Taichi\n|-resisted|p2a: Taichi\n|-damage|p2a: Taichi|24\/100\n|\n|upkeep\n|-message|epicdude1111 forfeited.\n|\n|win|Yoyoforce\n|raw|epicdude1111's rating: 1000 &rarr; <strong>1000<\/strong><br \/>(+0 for losing)\n|raw|Yoyoforce's rating: 1032 &rarr; <strong>1064<\/strong><br \/>(+32 for winning)\n|l|\u2606epicdude1111\n","uploadtime":1700398881,"views":34,"p1id":"epicdude1111","p2id":"yoyoforce","formatid":"gen9vgc2023regulatione","rating":1000,"private":0,"password":""}