{"id":"gen9vgc2023regulatione-1995471432","p1":"Koda's pine nut","p2":"HazteTodos2","format":"[Gen 9] VGC 2023 Regulation E","log":"|j|\u2606Koda's pine nut\n|j|\u2606HazteTodos2\n|t:|1700574529\n|gametype|doubles\n|player|p1|Koda's pine nut|workerice|1192\n|player|p2|HazteTodos2|2|1155\n|teamsize|p1|6\n|teamsize|p2|6\n|gen|9\n|tier|[Gen 9] VGC 2023 Regulation E\n|rated|\n|rule|Species Clause: Limit one of each Pok\u00e9mon\n|rule|Item Clause: Limit one of each item\n|clearpoke\n|poke|p1|Tornadus, L50, M|\n|poke|p1|Urshifu-*, L50, M|\n|poke|p1|Gholdengo, L50|\n|poke|p1|Ogerpon-Hearthflame, L50, F|\n|poke|p1|Chien-Pao, L50|\n|poke|p1|Iron Hands, L50|\n|poke|p2|Politoed, L50, M|\n|poke|p2|Scizor, L50, M|\n|poke|p2|Ogerpon-Wellspring, L50, F|\n|poke|p2|Tornadus-Therian, L50, M|\n|poke|p2|Scream Tail, L50|\n|poke|p2|Iron Hands, L50|\n|teampreview|4\n|c|\u2606Koda's pine nut|tornadus therian?\n|\n|t:|1700574597\n|start\n|switch|p1a: Gholdengo|Gholdengo, L50|100\/100\n|switch|p1b: Ogerpon|Ogerpon-Hearthflame, L50, F|100\/100\n|switch|p2a: Scream Tail|Scream Tail, L50, shiny|100\/100\n|switch|p2b: Iron Hands|Iron Hands, L50|100\/100\n|-ability|p1b: Ogerpon|Mold Breaker\n|-enditem|p2a: Scream Tail|Booster Energy\n|-activate|p2a: Scream Tail|ability: Protosynthesis|[fromitem]\n|-start|p2a: Scream Tail|protosynthesisspe\n|turn|1\n|\n|t:|1700574632\n|move|p1b: Ogerpon|Spiky Shield|p1b: Ogerpon\n|-singleturn|p1b: Ogerpon|move: Protect\n|move|p2b: Iron Hands|Fake Out|p1b: Ogerpon\n|-activate|p1b: Ogerpon|move: Protect\n|-damage|p2b: Iron Hands|88\/100|[from] Spiky Shield|[of] p1b: Ogerpon\n|move|p2a: Scream Tail|Noble Roar|p1b: Ogerpon\n|-activate|p1b: Ogerpon|move: Protect\n|move|p1a: Gholdengo|Make It Rain|p2b: Iron Hands|[spread] p2a,p2b\n|-supereffective|p2a: Scream Tail\n|-resisted|p2b: Iron Hands\n|-damage|p2a: Scream Tail|0 fnt\n|-damage|p2b: Iron Hands|68\/100\n|-unboost|p1a: Gholdengo|spa|1\n|faint|p2a: Scream Tail\n|-end|p2a: Scream Tail|Protosynthesis|[silent]\n|\n|upkeep\n|inactive|Battle timer is ON: inactive players will automatically lose when time's up. (requested by Koda's pine nut)\n|\n|t:|1700574658\n|switch|p2a: Ogerpon|Ogerpon-Wellspring, L50, F|100\/100\n|turn|2\n|\n|t:|1700574678\n|switch|p1a: Iron Hands|Iron Hands, L50|100\/100\n|-terastallize|p2a: Ogerpon|Water\n|detailschange|p2a: Ogerpon|Ogerpon-Wellspring-Tera, L50, F, tera:Water\n|-ability|p2a: Ogerpon|Embody Aspect (Wellspring)|boost\n|-boost|p2a: Ogerpon|spd|1\n|move|p2a: Ogerpon|Ivy Cudgel|p1b: Ogerpon|[anim] Ivy Cudgel Water\n|-damage|p1b: Ogerpon|1\/100\n|move|p1b: Ogerpon|Horn Leech|p2a: Ogerpon\n|-supereffective|p2a: Ogerpon\n|-damage|p2a: Ogerpon|0 fnt\n|-heal|p1b: Ogerpon|51\/100|[from] drain|[of] p2a: Ogerpon\n|faint|p2a: Ogerpon\n|move|p2b: Iron Hands|Drain Punch|p1b: Ogerpon\n|-damage|p1b: Ogerpon|0 fnt\n|-heal|p2b: Iron Hands|85\/100|[from] drain|[of] p1b: Ogerpon\n|faint|p1b: Ogerpon\n|\n|upkeep\n|-message|HazteTodos2 forfeited.\n|\n|win|Koda's pine nut\n|raw|Koda&apos;s pine nut's rating: 1192 &rarr; <strong>1214<\/strong><br \/>(+22 for winning)\n|raw|HazteTodos2's rating: 1155 &rarr; <strong>1133<\/strong><br \/>(-22 for losing)\n|c|\u2606Koda's pine nut|nice\n|l|\u2606HazteTodos2\n","uploadtime":1700574707,"views":1,"p1id":"kodaspinenut","p2id":"haztetodos2","formatid":"gen9vgc2023regulatione","rating":1133,"private":0,"password":""}