{"id":"gen9vgc2023regulatione-1997980292","p1":"RotovicVGC","p2":"Fancy Cucudrula","format":"[Gen 9] VGC 2023 Regulation E","log":"|j|\u2606RotovicVGC\n|j|\u2606Fancy Cucudrula\n|n|\u2606RotovicVGC|rotovicvgc\n|n|\u2606Fancy Cucudrula|fancycucudrula\n|html|View the match progress at <a href=\"\/game-bestof3-gen9vgc2023regulatione-1997976386\">game-bestof3-gen9vgc2023regulatione-1997976386<\/a>\n|t:|1700874861\n|gametype|doubles\n|player|p1|RotovicVGC|101|\n|player|p2|Fancy Cucudrula|valerie|\n|teamsize|p1|6\n|teamsize|p2|6\n|gen|9\n|tier|[Gen 9] VGC 2023 Regulation E\n|rule|Species Clause: Limit one of each Pok\u00e9mon\n|rule|Item Clause: Limit one of each item\n|clearpoke\n|poke|p1|Tornadus, L50, M|\n|poke|p1|Urshifu-*, L50, M|\n|poke|p1|Chien-Pao, L50|\n|poke|p1|Arcanine-Hisui, L50, M|\n|poke|p1|Rillaboom, L50, F|\n|poke|p1|Flutter Mane, L50|\n|poke|p2|Flutter Mane, L50|\n|poke|p2|Amoonguss, L50, M|\n|poke|p2|Heatran, L50, F|\n|poke|p2|Iron Hands, L50|\n|poke|p2|Landorus-Therian, L50, M|\n|poke|p2|Chien-Pao, L50|\n|teampreview|4\n|inactive|Battle timer is ON: inactive players will automatically lose when time's up. (requested by Fancy Cucudrula)\nFancy Cucudrula has agreed to open team sheets.\nRotovicVGC has agreed to open team sheets.\n|showteam|p1|Tornadus||RockyHelmet|Prankster|BleakwindStorm,Tailwind,Taunt,RainDance|||M|||50|,,,,,Ghost]Urshifu-Rapid-Strike||ChoiceScarf|UnseenFist|SurgingStrikes,CloseCombat,Uturn,AquaJet|||M|||50|,,,,,Water]Chien-Pao||FocusSash|SwordofRuin|SuckerPunch,IcicleCrash,Protect,SacredSword||||||50|,,,,,Ghost]Arcanine-Hisui||ChoiceBand|Intimidate|ExtremeSpeed,FlareBlitz,RockSlide,TeraBlast|||M|||50|,,,,,Fairy]Rillaboom||AssaultVest|GrassySurge|FakeOut,GrassyGlide,Uturn,WoodHammer|||F|||50|,,,,,Poison]Flutter Mane||BoosterEnergy|Protosynthesis|DazzlingGleam,ShadowBall,Moonblast,Protect||||||50|,,,,,Fairy\n|showteam|p2|Flutter Mane||ChoiceSpecs|Protosynthesis|DazzlingGleam,Moonblast,ShadowBall,PerishSong||||||50|,,,,,Fairy]Amoonguss||RockyHelmet|Regenerator|RagePowder,PollenPuff,Spore,Protect|||M|||50|,,,,,Water]Heatran||SafetyGoggles|FlashFire|HeatWave,EarthPower,FlashCannon,Protect|||F|||50|,,,,,Fairy]Iron Hands||AssaultVest|QuarkDrive|DrainPunch,WildCharge,HeavySlam,FakeOut||||||50|,,,,,Water]Landorus-Therian||ChoiceScarf|Intimidate|StompingTantrum,TeraBlast,RockSlide,Uturn|||M|||50|,,,,,Flying]Chien-Pao||FocusSash|SwordofRuin|IceSpinner,SuckerPunch,Haze,Protect||||||50|,,,,,Ghost\n|inactive|Fancy Cucudrula has 30 seconds left.\n|inactive|Fancy Cucudrula has 20 seconds left.\n|inactive|Fancy Cucudrula has 15 seconds left.\n|\n|t:|1700874912\n|start\n|switch|p1a: Tornadus|Tornadus, L50, M|100\/100\n|switch|p1b: Urshifu|Urshifu-Rapid-Strike, L50, M|100\/100\n|switch|p2a: Luquisha|Landorus-Therian, L50, M|100\/100\n|switch|p2b: Sasha Colby|Flutter Mane, L50|100\/100\n|-ability|p2a: Luquisha|Intimidate|boost\n|-unboost|p1a: Tornadus|atk|1\n|-unboost|p1b: Urshifu|atk|1\n|turn|1\n|inactive|RotovicVGC has 30 seconds left.\n|\n|t:|1700874943\n|switch|p1b: Mi Kokoro|Arcanine-Hisui, L50, M|100\/100\n|-ability|p1b: Mi Kokoro|Intimidate|boost\n|-unboost|p2a: Luquisha|atk|1\n|-unboost|p2b: Sasha Colby|atk|1\n|switch|p2a: Brita Filter|Amoonguss, L50, M, shiny|100\/100\n|move|p2b: Sasha Colby|Dazzling Gleam|p1a: Tornadus|[spread] p1a,p1b\n|-resisted|p1b: Mi Kokoro\n|-damage|p1a: Tornadus|50\/100\n|-damage|p1b: Mi Kokoro|75\/100\n|move|p1a: Tornadus|Bleakwind Storm|p2a: Brita Filter|[spread] p2b\n|-miss|p1a: Tornadus|p2a: Brita Filter\n|-damage|p2b: Sasha Colby|72\/100\n|\n|upkeep\n|turn|2\n|inactive|RotovicVGC has 30 seconds left.\n|inactive|Fancy Cucudrula has 30 seconds left.\n|inactive|RotovicVGC has 20 seconds left.\n|inactive|RotovicVGC has 15 seconds left.\n|inactive|RotovicVGC has 10 seconds left.\n|inactive|RotovicVGC has 5 seconds left.\n|\n|t:|1700874996\n|switch|p2a: Luquisha|Landorus-Therian, L50, M|100\/100\n|-ability|p2a: Luquisha|Intimidate|boost\n|-unboost|p1a: Tornadus|atk|1\n|-unboost|p1b: Mi Kokoro|atk|1\n|-terastallize|p1b: Mi Kokoro|Fairy\n|move|p1a: Tornadus|Taunt|p2a: Luquisha\n|-start|p2a: Luquisha|move: Taunt\n|move|p2b: Sasha Colby|Dazzling Gleam|p1b: Mi Kokoro|[spread] p1a,p1b\n|-damage|p1a: Tornadus|4\/100\n|-damage|p1b: Mi Kokoro|19\/100\n|move|p1b: Mi Kokoro|Flare Blitz|p2b: Sasha Colby\n|-damage|p2b: Sasha Colby|0 fnt\n|faint|p2b: Sasha Colby\n|-end|p2b: Sasha Colby|Protosynthesis|[silent]\n|-damage|p1b: Mi Kokoro|1\/100|[from] Recoil\n|\n|upkeep\n|\n|t:|1700875014\n|switch|p2b: Lawrence|Heatran, L50, F, shiny|100\/100\n|turn|3\n|inactive|RotovicVGC has 30 seconds left.\n|inactive|Fancy Cucudrula has 30 seconds left.\n|\n|t:|1700875046\n|move|p1a: Tornadus|Tailwind|p1a: Tornadus\n|-sidestart|p1: RotovicVGC|move: Tailwind\n|move|p1b: Mi Kokoro|Flare Blitz|p2a: Luquisha\n|-damage|p2a: Luquisha|39\/100\n|-damage|p1b: Mi Kokoro|0 fnt|[from] Recoil\n|faint|p1b: Mi Kokoro\n|move|p2a: Luquisha|U-turn|p1a: Tornadus\n|-resisted|p1a: Tornadus\n|-damage|p1a: Tornadus|0 fnt\n|-damage|p2a: Luquisha|23\/100|[from] item: Rocky Helmet|[of] p1a: Tornadus\n|faint|p1a: Tornadus\n|\n|t:|1700875057\n|switch|p2a: Brita Filter|Amoonguss, L50, M, shiny|100\/100|[from] U-turn\n|move|p2b: Lawrence|Flash Cannon|p1: Tornadus|[notarget]\n|-fail|p2b: Lawrence\n|\n|upkeep\n|\n|t:|1700875063\n|switch|p1a: Urshifu|Urshifu-Rapid-Strike, L50, M|100\/100\n|switch|p1b: Chien-Pao|Chien-Pao, L50|100\/100\n|-ability|p1b: Chien-Pao|Sword of Ruin\n|turn|4\n|\n|t:|1700875083\n|-terastallize|p2a: Brita Filter|Water\n|move|p2a: Brita Filter|Rage Powder|p2a: Brita Filter\n|-singleturn|p2a: Brita Filter|move: Rage Powder\n|move|p1a: Urshifu|Close Combat|p2a: Brita Filter\n|-damage|p2a: Brita Filter|40\/100\n|-unboost|p1a: Urshifu|def|1\n|-unboost|p1a: Urshifu|spd|1\n|-damage|p1a: Urshifu|84\/100|[from] item: Rocky Helmet|[of] p2a: Brita Filter\n|move|p1b: Chien-Pao|Icicle Crash|p2a: Brita Filter\n|-resisted|p2a: Brita Filter\n|-damage|p2a: Brita Filter|18\/100\n|move|p2b: Lawrence|Heat Wave|p1a: Urshifu|[spread] p1a,p1b\n|-resisted|p1a: Urshifu\n|-supereffective|p1b: Chien-Pao\n|-crit|p1b: Chien-Pao\n|-damage|p1a: Urshifu|48\/100\n|-enditem|p1b: Chien-Pao|Focus Sash\n|-damage|p1b: Chien-Pao|1\/100\n|\n|upkeep\n|turn|5\n|inactive|RotovicVGC has 30 seconds left.\n|inactive|Fancy Cucudrula has 30 seconds left.\n|inactive|RotovicVGC has 20 seconds left.\n|inactive|Fancy Cucudrula has 20 seconds left.\n|\n|t:|1700875123\n|move|p2a: Brita Filter|Rage Powder|p2a: Brita Filter\n|-singleturn|p2a: Brita Filter|move: Rage Powder\n|move|p1a: Urshifu|Close Combat|p2a: Brita Filter\n|-crit|p2a: Brita Filter\n|-damage|p2a: Brita Filter|0 fnt\n|-unboost|p1a: Urshifu|def|1\n|-unboost|p1a: Urshifu|spd|1\n|-damage|p1a: Urshifu|31\/100|[from] item: Rocky Helmet|[of] p2a: Brita Filter\n|faint|p2a: Brita Filter\n|move|p1b: Chien-Pao|Sacred Sword|p2b: Lawrence\n|-supereffective|p2b: Lawrence\n|-crit|p2b: Lawrence\n|-damage|p2b: Lawrence|0 fnt\n|faint|p2b: Lawrence\n|\n|upkeep\n|\n|t:|1700875136\n|switch|p2b: Luquisha|Landorus-Therian, L50, M|23\/100\n|-ability|p2b: Luquisha|Intimidate|boost\n|-unboost|p1a: Urshifu|atk|1\n|-unboost|p1b: Chien-Pao|atk|1\n|turn|6\n|\n|t:|1700875142\n|move|p1b: Chien-Pao|Sucker Punch|p2b: Luquisha\n|-damage|p2b: Luquisha|0 fnt\n|faint|p2b: Luquisha\n|\n|win|RotovicVGC\n|c|&|\/uhtml prompt-fancycucudrula,Fancy Cucudrula is ready for game 3!\n|c|\u2606Fancy Cucudrula|conveniente crit\n|c|\u2606RotovicVGC|holy\n|inactive|RotovicVGC has 50 seconds to confirm battle start!\n|c|\u2606RotovicVGC|me salvo literal\n|c|\u2606Fancy Cucudrula|tranquii!!! vamos para el otro\n|inactive|RotovicVGC has 39 seconds to confirm battle start!\n|c|&|\/uhtml prompt-rotovicvgc,RotovicVGC is ready for game 3!\nBoth players are ready! Starting next match!\n","uploadtime":1700875510,"views":5,"p1id":"rotovicvgc","p2id":"fancycucudrula","formatid":"gen9vgc2023regulatione","rating":0,"private":0,"password":""}