{"id":"gen9vgc2023regulatione-1995702397","p1":"lkaku","p2":"pepito135","format":"[Gen 9] VGC 2023 Regulation E","log":"|j|\u2606lkaku\n|j|\u2606pepito135\n|t:|1700595314\n|gametype|doubles\n|player|p1|lkaku|workerice|1162\n|player|p2|pepito135|266|1132\n|teamsize|p1|6\n|teamsize|p2|6\n|gen|9\n|tier|[Gen 9] VGC 2023 Regulation E\n|rated|\n|rule|Species Clause: Limit one of each Pok\u00e9mon\n|rule|Item Clause: Limit one of each item\n|clearpoke\n|poke|p1|Ogerpon-Wellspring, L50, F|\n|poke|p1|Clefairy, L50, M|\n|poke|p1|Weezing, L50, M|\n|poke|p1|Zapdos, L50|\n|poke|p1|Chi-Yu, L50|\n|poke|p1|Mamoswine, L50, F|\n|poke|p2|Iron Treads, L50|\n|poke|p2|Baxcalibur, L50, M|\n|poke|p2|Arcanine-Hisui, L50, M|\n|poke|p2|Brambleghast, L50, F|\n|poke|p2|Zapdos, L50|\n|poke|p2|Annihilape, L50, M|\n|teampreview|4\n|\n|t:|1700595354\n|start\n|switch|p1a: Ogerpon|Ogerpon-Wellspring, L50, F|100\/100\n|switch|p1b: Clefairy|Clefairy, L50, M|100\/100\n|switch|p2a: Zapdos|Zapdos, L50|100\/100\n|switch|p2b: Baxcalibur|Baxcalibur, L50, M|100\/100\n|turn|1\n|\n|t:|1700595373\n|-terastallize|p1a: Ogerpon|Water\n|detailschange|p1a: Ogerpon|Ogerpon-Wellspring-Tera, L50, F, tera:Water\n|-ability|p1a: Ogerpon|Embody Aspect (Wellspring)|boost\n|-boost|p1a: Ogerpon|spd|1\n|move|p2b: Baxcalibur|Protect|p2b: Baxcalibur\n|-singleturn|p2b: Baxcalibur|Protect\n|move|p1b: Clefairy|Protect|p1b: Clefairy\n|-singleturn|p1b: Clefairy|Protect\n|move|p2a: Zapdos|Tailwind|p2a: Zapdos\n|-sidestart|p2: pepito135|move: Tailwind\n|move|p1a: Ogerpon|Swords Dance|p1a: Ogerpon\n|-boost|p1a: Ogerpon|atk|2\n|\n|upkeep\n|turn|2\n|\n|t:|1700595398\n|move|p1b: Clefairy|Follow Me|p1b: Clefairy\n|-singleturn|p1b: Clefairy|move: Follow Me\n|move|p2a: Zapdos|Thunderbolt|p1b: Clefairy\n|-damage|p1b: Clefairy|63\/100\n|move|p2b: Baxcalibur|Icicle Spear|p1b: Clefairy\n|-damage|p1b: Clefairy|51\/100\n|-damage|p1b: Clefairy|39\/100\n|-damage|p1b: Clefairy|28\/100\n|-damage|p1b: Clefairy|14\/100\n|-damage|p1b: Clefairy|0 fnt\n|faint|p1b: Clefairy\n|-hitcount|p1: Clefairy|5\n|move|p1a: Ogerpon|Ivy Cudgel|p2a: Zapdos|[anim] Ivy Cudgel Water\n|-damage|p2a: Zapdos|0 fnt\n|faint|p2a: Zapdos\n|\n|upkeep\n|\n|t:|1700595416\n|switch|p2a: Brambleghast|Brambleghast, L50, F|100\/100\n|switch|p1b: Mamoswine|Mamoswine, L50, F|100\/100\n|-ability|p2a: Brambleghast|Wind Rider|boost\n|-boost|p2a: Brambleghast|atk|1\n|turn|3\n|\n|t:|1700595436\n|-terastallize|p2b: Baxcalibur|Water\n|move|p1a: Ogerpon|Protect|p1a: Ogerpon\n|-singleturn|p1a: Ogerpon|Protect\n|move|p2a: Brambleghast|Seed Bomb|p1a: Ogerpon\n|-activate|p1a: Ogerpon|move: Protect\n|move|p2b: Baxcalibur|Aqua Tail|p1b: Mamoswine\n|-supereffective|p1b: Mamoswine\n|-damage|p1b: Mamoswine|0 fnt\n|faint|p1b: Mamoswine\n|\n|upkeep\n|\n|t:|1700595446\n|switch|p1b: Zapdos|Zapdos, L50|100\/100\n|turn|4\n|\n|t:|1700595455\n|move|p2a: Brambleghast|Seed Bomb|p1a: Ogerpon\n|-supereffective|p1a: Ogerpon\n|-damage|p1a: Ogerpon|0 fnt\n|faint|p1a: Ogerpon\n|-damage|p2a: Brambleghast|91\/100|[from] item: Life Orb\n|move|p2b: Baxcalibur|Icicle Spear|p1b: Zapdos\n|-supereffective|p1b: Zapdos\n|-damage|p1b: Zapdos|70\/100\n|-supereffective|p1b: Zapdos\n|-damage|p1b: Zapdos|39\/100\n|-supereffective|p1b: Zapdos\n|-damage|p1b: Zapdos|5\/100\n|-supereffective|p1b: Zapdos\n|-damage|p1b: Zapdos|0 fnt\n|faint|p1b: Zapdos\n|-hitcount|p1: Zapdos|4\n|\n|win|pepito135\n|raw|lkaku's rating: 1162 &rarr; <strong>1135<\/strong><br \/>(-27 for losing)\n|raw|pepito135's rating: 1132 &rarr; <strong>1159<\/strong><br \/>(+27 for winning)\n|l|\u2606lkaku\n","uploadtime":1700595484,"views":5,"p1id":"lkaku","p2id":"pepito135","formatid":"gen9vgc2023regulatione","rating":1135,"private":0,"password":""}