{"id":"gen9vgc2023regulatione-1995026526","p1":"HonorHuawei","p2":"ZachFromKalos","format":"[Gen 9] VGC 2023 Regulation E","log":"|j|\u2606HonorHuawei\n|j|\u2606ZachFromKalos\n|t:|1700514724\n|gametype|doubles\n|player|p1|HonorHuawei|brycen|1000\n|player|p2|ZachFromKalos|skierf|1000\n|teamsize|p1|6\n|teamsize|p2|6\n|gen|9\n|tier|[Gen 9] VGC 2023 Regulation E\n|rated|\n|rule|Species Clause: Limit one of each Pok\u00e9mon\n|rule|Item Clause: Limit one of each item\n|clearpoke\n|poke|p1|Ninetales-Alola, L50, F|\n|poke|p1|Baxcalibur, L50, M|\n|poke|p1|Arboliva, L50, F|\n|poke|p1|Arbok, L50, M|\n|poke|p1|Golem-Alola, L50, F|\n|poke|p1|Pikachu, L50, F|\n|poke|p2|Slowbro-Galar, L50, F|\n|poke|p2|Ursaluna, L50, F|\n|poke|p2|Hatterene, L50, F|\n|poke|p2|Ting-Lu, L50|\n|poke|p2|Amoonguss, L50, M|\n|poke|p2|Slowking-Galar, L50, M|\n|teampreview|4\n|inactive|Battle timer is ON: inactive players will automatically lose when time's up. (requested by HonorHuawei)\n|\n|t:|1700514743\n|start\n|switch|p1a: Baxcalibur|Baxcalibur, L50, M|100\/100\n|switch|p1b: Arboliva|Arboliva, L50, F|100\/100\n|switch|p2a: what speed stat?|Slowbro-Galar, L50, F|100\/100\n|switch|p2b: Earthquake|Ursaluna, L50, F|100\/100\n|turn|1\n|\n|t:|1700514768\n|-terastallize|p2b: Earthquake|Steel\n|move|p1a: Baxcalibur|Earthquake|p2b: Earthquake|[spread] p1b,p2a,p2b\n|-resisted|p1b: Arboliva\n|-supereffective|p2a: what speed stat?\n|-supereffective|p2b: Earthquake\n|-damage|p1b: Arboliva|88\/100\n|-damage|p2a: what speed stat?|42\/100\n|-damage|p2b: Earthquake|54\/100\n|-fieldstart|move: Grassy Terrain|[from] ability: Seed Sower|[of] p1b: Arboliva\n|move|p2b: Earthquake|Play Rough|p1a: Baxcalibur|[miss]\n|-miss|p2b: Earthquake|p1a: Baxcalibur\n|move|p1b: Arboliva|Leech Seed|p2a: what speed stat?\n|-start|p2a: what speed stat?|move: Leech Seed\n|move|p2a: what speed stat?|Trick Room|p2a: what speed stat?\n|-fieldstart|move: Trick Room|[of] p2a: what speed stat?\n|\n|-heal|p2a: what speed stat?|48\/100|[from] Grassy Terrain\n|-heal|p1b: Arboliva|94\/100|[from] Grassy Terrain\n|-heal|p1b: Arboliva|99\/100|[from] item: Leftovers\n|-heal|p2b: Earthquake|60\/100|[from] Grassy Terrain\n|-damage|p2a: what speed stat?|36\/100|[from] Leech Seed|[of] p1b: Arboliva\n|-heal|p1b: Arboliva|100\/100|[silent]\n|-status|p2b: Earthquake|brn|[from] item: Flame Orb\n|upkeep\n|turn|2\n|inactive|HonorHuawei has 30 seconds left.\n|inactive|HonorHuawei has 20 seconds left.\n|inactive|HonorHuawei has 15 seconds left.\n|inactive|HonorHuawei has 10 seconds left.\n|-activate|p2a: what speed stat?|ability: Quick Draw\n|\n|t:|1700514817\n|move|p2a: what speed stat?|Shell Side Arm|p1b: Arboliva|[anim] Shell Side Arm Special\n|-supereffective|p1b: Arboliva\n|-damage|p1b: Arboliva|29\/100\n|-hint|Special Shell Side Arm\n|-status|p1b: Arboliva|psn\n|move|p1b: Arboliva|Giga Drain|p2b: Earthquake\n|-resisted|p2b: Earthquake\n|-damage|p2b: Earthquake|42\/100 brn\n|-heal|p1b: Arboliva|41\/100 psn|[from] drain|[of] p2b: Earthquake\n|move|p2b: Earthquake|Hammer Arm|p1a: Baxcalibur\n|-supereffective|p1a: Baxcalibur\n|-damage|p1a: Baxcalibur|0 fnt\n|-unboost|p2b: Earthquake|spe|1\n|faint|p1a: Baxcalibur\n|\n|-heal|p2b: Earthquake|48\/100 brn|[from] Grassy Terrain\n|-heal|p2a: what speed stat?|42\/100|[from] Grassy Terrain\n|-heal|p1b: Arboliva|47\/100 psn|[from] Grassy Terrain\n|-heal|p1b: Arboliva|53\/100 psn|[from] item: Leftovers\n|-damage|p2a: what speed stat?|29\/100|[from] Leech Seed|[of] p1b: Arboliva\n|-heal|p1b: Arboliva|66\/100 psn|[silent]\n|-damage|p1b: Arboliva|54\/100 psn|[from] psn\n|-damage|p2b: Earthquake|42\/100 brn|[from] brn\n|upkeep\n|\n|t:|1700514832\n|switch|p1a: Golem|Golem-Alola, L50, F|100\/100\n|turn|3\n|\n|t:|1700514855\n|switch|p2a: Medic|Amoonguss, L50, M, shiny|100\/100\n|move|p2b: Earthquake|Headlong Rush|p1a: Golem\n|-supereffective|p1a: Golem\n|-damage|p1a: Golem|0 fnt\n|-unboost|p2b: Earthquake|def|1\n|-unboost|p2b: Earthquake|spd|1\n|faint|p1a: Golem\n|move|p1b: Arboliva|Giga Drain|p2a: Medic\n|-resisted|p2a: Medic\n|-damage|p2a: Medic|91\/100\n|-heal|p1b: Arboliva|60\/100 psn|[from] drain|[of] p2a: Medic\n|\n|-heal|p2b: Earthquake|48\/100 brn|[from] Grassy Terrain\n|-heal|p2a: Medic|97\/100|[from] Grassy Terrain\n|-heal|p2a: Medic|100\/100|[from] item: Black Sludge\n|-heal|p1b: Arboliva|66\/100 psn|[from] Grassy Terrain\n|-heal|p1b: Arboliva|72\/100 psn|[from] item: Leftovers\n|-damage|p1b: Arboliva|59\/100 psn|[from] psn\n|-damage|p2b: Earthquake|42\/100 brn|[from] brn\n|upkeep\n|-message|HonorHuawei forfeited.\n|\n|win|ZachFromKalos\n|raw|HonorHuawei's rating: 1000 &rarr; <strong>1000<\/strong><br \/>(+0 for losing)\n|raw|ZachFromKalos's rating: 1000 &rarr; <strong>1040<\/strong><br \/>(+40 for winning)\n|l|\u2606HonorHuawei\n|c|\u2606ZachFromKalos|gg\n","uploadtime":1700514880,"views":7,"p1id":"honorhuawei","p2id":"zachfromkalos","formatid":"gen9vgc2023regulatione","rating":1000,"private":0,"password":""}