{"id":"gen9vgc2023regulatione-1989466889","p1":"Kataborg","p2":"kdan_7","format":"[Gen 9] VGC 2023 Regulation E","log":"|j|\u2606Kataborg\n|j|\u2606kdan_7\n|t:|1699855028\n|gametype|doubles\n|player|p1|Kataborg|supernerd|1314\n|player|p2|kdan_7|shauntal|1333\n|teamsize|p1|6\n|teamsize|p2|6\n|gen|9\n|tier|[Gen 9] VGC 2023 Regulation E\n|rated|\n|rule|Species Clause: Limit one of each Pok\u00e9mon\n|rule|Item Clause: Limit one of each item\n|clearpoke\n|poke|p1|Enamorus-Therian, L50, F|\n|poke|p1|Maushold, L50|\n|poke|p1|Farigiraf, L50, M|\n|poke|p1|Urshifu-*, L50, M|\n|poke|p1|Oranguru, L50, F|\n|poke|p1|Ursaluna-Bloodmoon, L50, M|\n|poke|p2|Flutter Mane, L50|\n|poke|p2|Torkoal, L50, M|\n|poke|p2|Cresselia, L50, F|\n|poke|p2|Ursaluna, L50, M|\n|poke|p2|Tornadus, L50, M|\n|poke|p2|Ogerpon-Wellspring, L50, F|\n|teampreview|4\n|\n|t:|1699855072\n|start\n|switch|p1a: Maushold|Maushold, L50|100\/100\n|switch|p1b: Urshifu|Urshifu-Rapid-Strike, L50, M|100\/100\n|switch|p2a: Cresselia|Cresselia, L50, F, shiny|100\/100\n|switch|p2b: Torkoal|Torkoal, L50, M, shiny|100\/100\n|-weather|SunnyDay|[from] ability: Drought|[of] p2b: Torkoal\n|turn|1\n|\n|t:|1699855106\n|switch|p2b: Ursaluna|Ursaluna, L50, M, shiny|100\/100\n|-terastallize|p1a: Maushold|Normal\n|move|p1b: Urshifu|U-turn|p2a: Cresselia\n|-supereffective|p2a: Cresselia\n|-damage|p2a: Cresselia|62\/100\n|\n|t:|1699855115\n|switch|p1b: Ursaluna|Ursaluna-Bloodmoon, L50, M|100\/100|[from] U-turn\n|move|p1a: Maushold|Population Bomb|p2a: Cresselia\n|-damage|p2a: Cresselia|49\/100\n|-damage|p2a: Cresselia|38\/100\n|-damage|p2a: Cresselia|26\/100\n|-damage|p2a: Cresselia|12\/100\n|-damage|p2a: Cresselia|0 fnt\n|faint|p2a: Cresselia\n|-hitcount|p2: Cresselia|5\n|\n|-weather|SunnyDay|[upkeep]\n|-status|p2b: Ursaluna|brn|[from] item: Flame Orb\n|upkeep\n|\n|t:|1699855136\n|switch|p2a: Flutter Mane|Flutter Mane, L50, shiny|100\/100\n|-activate|p2a: Flutter Mane|ability: Protosynthesis\n|-start|p2a: Flutter Mane|protosynthesisspa\n|turn|2\n|\n|t:|1699855164\n|-terastallize|p2b: Ursaluna|Normal\n|move|p1a: Maushold|Population Bomb|p2b: Ursaluna\n|-damage|p2b: Ursaluna|90\/100 brn\n|-damage|p2b: Ursaluna|79\/100 brn\n|-damage|p2b: Ursaluna|67\/100 brn\n|-damage|p2b: Ursaluna|55\/100 brn\n|-damage|p2b: Ursaluna|42\/100 brn\n|-damage|p2b: Ursaluna|31\/100 brn\n|-damage|p2b: Ursaluna|20\/100 brn\n|-damage|p2b: Ursaluna|9\/100 brn\n|-damage|p2b: Ursaluna|0 fnt\n|faint|p2b: Ursaluna\n|-hitcount|p2: Ursaluna|9\n|move|p2a: Flutter Mane|Moonblast|p1a: Maushold\n|-damage|p1a: Maushold|0 fnt\n|faint|p1a: Maushold\n|move|p1b: Ursaluna|Hyper Voice|p2a: Flutter Mane\n|-damage|p2a: Flutter Mane|50\/100\n|-enditem|p1b: Ursaluna|Throat Spray\n|-boost|p1b: Ursaluna|spa|1|[from] item: Throat Spray\n|\n|-weather|SunnyDay|[upkeep]\n|upkeep\n|\n|t:|1699855185\n|switch|p1a: Urshifu|Urshifu-Rapid-Strike, L50, M|100\/100\n|switch|p2b: Torkoal|Torkoal, L50, M, shiny|100\/100\n|turn|3\n|\n|t:|1699855197\n|move|p1a: Urshifu|Surging Strikes|p2a: Flutter Mane\n|-crit|p2a: Flutter Mane\n|-damage|p2a: Flutter Mane|32\/100\n|-crit|p2a: Flutter Mane\n|-damage|p2a: Flutter Mane|15\/100\n|-crit|p2a: Flutter Mane\n|-damage|p2a: Flutter Mane|0 fnt\n|faint|p2a: Flutter Mane\n|-end|p2a: Flutter Mane|Protosynthesis|[silent]\n|-hitcount|p2: Flutter Mane|3\n|move|p1b: Ursaluna|Earth Power|p2b: Torkoal\n|-supereffective|p2b: Torkoal\n|-damage|p2b: Torkoal|0 fnt\n|faint|p2b: Torkoal\n|\n|win|Kataborg\n|raw|Kataborg's rating: 1314 &rarr; <strong>1335<\/strong><br \/>(+21 for winning)\n|raw|kdan_7's rating: 1333 &rarr; <strong>1312<\/strong><br \/>(-21 for losing)\n|l|\u2606kdan_7\n","uploadtime":1699855210,"views":12,"p1id":"kataborg","p2id":"kdan7","formatid":"gen9vgc2023regulatione","rating":1312,"private":0,"password":""}