{"id":"gen9vgc2023regulatione-1994940513","p1":"Aylona","p2":"acebaltasar25","format":"[Gen 9] VGC 2023 Regulation E","log":"|j|\u2606Aylona\n|j|\u2606acebaltasar25\n|n|\u2606Aylona|aylona\n|n|\u2606acebaltasar25|acebaltasar25\n|html|View the match progress at <a href=\"\/game-bestof3-gen9vgc2023regulatione-1994937607\">game-bestof3-gen9vgc2023regulatione-1994937607<\/a>\n|t:|1700506546\n|gametype|doubles\n|player|p1|Aylona|morty|\n|player|p2|acebaltasar25|2|\n|teamsize|p1|6\n|teamsize|p2|6\n|gen|9\n|tier|[Gen 9] VGC 2023 Regulation E\n|rated|Tournament battle\n|rule|Species Clause: Limit one of each Pok\u00e9mon\n|rule|Item Clause: Limit one of each item\n|clearpoke\n|poke|p1|Regieleki, L50|\n|poke|p1|Chi-Yu, L50|\n|poke|p1|Indeedee-F, L50, F|\n|poke|p1|Flutter Mane, L50|\n|poke|p1|Glastrier, L50|\n|poke|p1|Armarouge, L50, F|\n|poke|p2|Arcanine-Hisui, L50, F|\n|poke|p2|Iron Hands, L50|\n|poke|p2|Urshifu-*, L50, F|\n|poke|p2|Tornadus, L50, M|\n|poke|p2|Flutter Mane, L50|\n|poke|p2|Chien-Pao, L50|\n|teampreview|4\n|showteam|p1|Regieleki||FocusSash|Transistor|Thunderbolt,Electroweb,TeraBlast,VoltSwitch||||||50|,,,,,Ice]Chi-Yu||ChoiceSpecs|BeadsofRuin|HeatWave,DarkPulse,Overheat,Snarl||||||50|,,,,,Ghost]Indeedee-F||PsychicSeed|PsychicSurge|Psychic,HelpingHand,FollowMe,TrickRoom|||F|||50|,,,,,Dragon]Flutter Mane||BoosterEnergy|Protosynthesis|Moonblast,ShadowBall,DazzlingGleam,Protect||||||50|,,,,,Fairy]Glastrier||ClearAmulet|ChillingNeigh|IcicleCrash,StompingTantrum,HeavySlam,Protect||||||50|,,,,,Water]Armarouge||LifeOrb|FlashFire|ExpandingForce,ArmorCannon,Protect,TrickRoom|||F|||50|,,,,,Grass\n|showteam|p2|Arcanine-Hisui||SitrusBerry|Intimidate|FlareBlitz,WillOWisp,Snarl,RockSlide|||F|||50|,,,,,Grass]Iron Hands||AssaultVest|QuarkDrive|FakeOut,WildCharge,DrainPunch,StompingTantrum||||||50|,,,,,Grass]Urshifu-Rapid-Strike||MysticWater|UnseenFist|AquaJet,SurgingStrikes,CloseCombat,Detect|||F|||50|,,,,,Water]Tornadus||CovertCloak|Prankster|BleakwindStorm,Taunt,RainDance,Tailwind|||M|||50|,,,,,Dark]Flutter Mane||ChoiceSpecs|Protosynthesis|Moonblast,ShadowBall,Thunderbolt,DazzlingGleam||||||50|,,,,,Fairy]Chien-Pao||FocusSash|SwordofRuin|IceSpinner,Crunch,SuckerPunch,Protect||||||50|,,,,,Ghost\n|j| FancyDiesel\n|\n|t:|1700506583\n|start\n|switch|p1a: Fsh|Chi-Yu, L50|100\/100\n|switch|p1b: Regieleki|Regieleki, L50|100\/100\n|switch|p2a: Iron Hands|Iron Hands, L50|100\/100\n|switch|p2b: Urshifu|Urshifu-Rapid-Strike, L50, F|100\/100\n|-ability|p1a: Fsh|Beads of Ruin\n|turn|1\n|\n|t:|1700506597\n|switch|p1a: Indeedee|Indeedee-F, L50, F|100\/100\n|-fieldstart|move: Psychic Terrain|[from] ability: Psychic Surge|[of] p1a: Indeedee\n|-enditem|p1a: Indeedee|Psychic Seed\n|-boost|p1a: Indeedee|spd|1|[from] item: Psychic Seed\n|-terastallize|p2b: Urshifu|Water\n|move|p2a: Iron Hands|Fake Out|p1b: Regieleki\n|-activate|p1b: Regieleki|move: Psychic Terrain\n|move|p1b: Regieleki|Volt Switch|p2b: Urshifu\n|-supereffective|p2b: Urshifu\n|-damage|p2b: Urshifu|0 fnt\n|faint|p2b: Urshifu\n|c|\u2606acebaltasar25|i hate your team so much\n|-message|acebaltasar25 forfeited.\n|\n|win|Aylona\n|l|\u2606acebaltasar25\n","uploadtime":1700506628,"views":9,"p1id":"aylona","p2id":"acebaltasar25","formatid":"gen9vgc2023regulatione","rating":0,"private":0,"password":""}