{"id":"gen9vgc2023regulatione-1995129201","p1":"qoewrpja","p2":"DaLegitBanana","format":"[Gen 9] VGC 2023 Regulation E","log":"|j|\u2606qoewrpja\n|j|\u2606DaLegitBanana\n|t:|1700525795\n|gametype|doubles\n|player|p1|qoewrpja|jasmine-gen2|1106\n|player|p2|DaLegitBanana|swimmerf-gen4|1181\n|teamsize|p1|6\n|teamsize|p2|6\n|gen|9\n|tier|[Gen 9] VGC 2023 Regulation E\n|rated|\n|rule|Species Clause: Limit one of each Pok\u00e9mon\n|rule|Item Clause: Limit one of each item\n|clearpoke\n|poke|p1|Okidogi, L50, M|\n|poke|p1|Ogerpon-Wellspring, L50, F|\n|poke|p1|Tornadus, L50, M|\n|poke|p1|Armarouge, L50, F|\n|poke|p1|Indeedee-F, L50, F|\n|poke|p1|Urshifu-*, L50, M|\n|poke|p2|Iron Hands, L50|\n|poke|p2|Arcanine-Hisui, L50, F|\n|poke|p2|Flutter Mane, L50|\n|poke|p2|Tornadus, L50, M|\n|poke|p2|Gastrodon-East, L50, M|\n|poke|p2|Indeedee-F, L50, F|\n|teampreview|4\n|inactive|Battle timer is ON: inactive players will automatically lose when time's up. (requested by qoewrpja)\n|\n|t:|1700525856\n|start\n|switch|p1a: Urshifu|Urshifu-Rapid-Strike, L50, M|100\/100\n|switch|p1b: Armarouge|Armarouge, L50, F|100\/100\n|switch|p2a: Gastrodon|Gastrodon-East, L50, M, shiny|100\/100\n|switch|p2b: Iron Hands|Iron Hands, L50|100\/100\n|turn|1\n|inactive|DaLegitBanana has 30 seconds left.\n|\n|t:|1700525882\n|switch|p1a: Indeedee|Indeedee-F, L50, F|100\/100\n|-fieldstart|move: Psychic Terrain|[from] ability: Psychic Surge|[of] p1a: Indeedee\n|move|p2b: Iron Hands|Fake Out|p1b: Armarouge\n|-activate|p1b: Armarouge|move: Psychic Terrain\n|move|p1b: Armarouge|Expanding Force|p2a: Gastrodon|[spread] p2a,p2b\n|-supereffective|p2b: Iron Hands\n|-damage|p2a: Gastrodon|40\/100\n|-damage|p2b: Iron Hands|38\/100\n|-enditem|p2a: Gastrodon|Sitrus Berry|[eat]\n|-heal|p2a: Gastrodon|65\/100|[from] item: Sitrus Berry\n|move|p2a: Gastrodon|Muddy Water|p1a: Indeedee|[spread] p1a,p1b\n|-supereffective|p1b: Armarouge\n|-damage|p1a: Indeedee|76\/100\n|-damage|p1b: Armarouge|32\/100\n|-enditem|p1b: Armarouge|Weakness Policy\n|-boost|p1b: Armarouge|atk|2|[from] item: Weakness Policy\n|-boost|p1b: Armarouge|spa|2|[from] item: Weakness Policy\n|\n|upkeep\n|turn|2\n|inactive|qoewrpja has 30 seconds left.\n|inactive|DaLegitBanana has 30 seconds left.\n|\n|t:|1700525909\n|switch|p1a: Urshifu|Urshifu-Rapid-Strike, L50, M|100\/100\n|move|p1b: Armarouge|Expanding Force|p2a: Gastrodon|[spread] p2a,p2b\n|-supereffective|p2b: Iron Hands\n|-damage|p2a: Gastrodon|0 fnt\n|-damage|p2b: Iron Hands|0 fnt\n|faint|p2a: Gastrodon\n|faint|p2b: Iron Hands\n|-end|p2b: Iron Hands|Quark Drive|[silent]\n|\n|upkeep\n|\n|t:|1700525918\n|switch|p2b: Arcanine|Arcanine-Hisui, L50, F, shiny|100\/100\n|switch|p2a: Flutter Mane|Flutter Mane, L50, shiny|100\/100\n|-ability|p2b: Arcanine|Intimidate|boost\n|-unboost|p1a: Urshifu|atk|1\n|-unboost|p1b: Armarouge|atk|1\n|turn|3\n|inactive|qoewrpja has 30 seconds left.\n|\n|t:|1700525943\n|-terastallize|p2a: Flutter Mane|Fairy\n|-terastallize|p1b: Armarouge|Psychic\n|move|p1b: Armarouge|Endure|p1b: Armarouge\n|-singleturn|p1b: Armarouge|move: Endure\n|move|p1a: Urshifu|U-turn|p1b: Armarouge\n|-supereffective|p1b: Armarouge\n|-activate|p1b: Armarouge|move: Endure\n|-damage|p1b: Armarouge|1\/100\n|-ability|p1b: Armarouge|Weak Armor|boost\n|-unboost|p1b: Armarouge|def|1\n|-boost|p1b: Armarouge|spe|2\n|\n|t:|1700525956\n|switch|p1a: Indeedee|Indeedee-F, L50, F|76\/100|[from] U-turn\n|move|p2a: Flutter Mane|Dazzling Gleam|p1a: Indeedee|[spread] p1a,p1b\n|-damage|p1a: Indeedee|17\/100\n|-activate|p1b: Armarouge|move: Endure\n|-damage|p1b: Armarouge|1\/100\n|-enditem|p1a: Indeedee|Sitrus Berry|[eat]\n|-heal|p1a: Indeedee|42\/100|[from] item: Sitrus Berry\n|move|p2b: Arcanine|Rock Slide|p1b: Armarouge|[spread] p1a\n|-miss|p2b: Arcanine|p1b: Armarouge\n|-damage|p1a: Indeedee|0 fnt\n|faint|p1a: Indeedee\n|\n|upkeep\n|\n|t:|1700525971\n|switch|p1a: Urshifu|Urshifu-Rapid-Strike, L50, M|100\/100\n|turn|4\n|\n|t:|1700525982\n|move|p1b: Armarouge|Expanding Force|p2b: Arcanine|[spread] p2a,p2b\n|-damage|p2a: Flutter Mane|0 fnt\n|-damage|p2b: Arcanine|0 fnt\n|faint|p2a: Flutter Mane\n|-end|p2a: Flutter Mane|Protosynthesis|[silent]\n|faint|p2b: Arcanine\n|\n|win|qoewrpja\n|raw|qoewrpja's rating: 1106 &rarr; <strong>1136<\/strong><br \/>(+30 for winning)\n|raw|DaLegitBanana's rating: 1181 &rarr; <strong>1151<\/strong><br \/>(-30 for losing)\n","uploadtime":1700526008,"views":2,"p1id":"qoewrpja","p2id":"dalegitbanana","formatid":"gen9vgc2023regulatione","rating":1136,"private":0,"password":""}