{"id":"gen9vgc2023regulatione-1992855686","p1":"Lromy","p2":"Guakamou","format":"[Gen 9] VGC 2023 Regulation E","log":"|j|\u2606Lromy\n|j|\u2606Guakamou\n|n|\u2606Lromy|lromy\n|n|\u2606Guakamou|guakamou\n|html|View the match progress at <a href=\"\/game-bestof3-gen9vgc2023regulatione-1992853225\">game-bestof3-gen9vgc2023regulatione-1992853225<\/a>\n|t:|1700241323\n|gametype|doubles\n|player|p1|Lromy|artist-gen4|\n|player|p2|Guakamou|palmer|\n|teamsize|p1|6\n|teamsize|p2|6\n|gen|9\n|tier|[Gen 9] VGC 2023 Regulation E\n|rule|Species Clause: Limit one of each Pok\u00e9mon\n|rule|Item Clause: Limit one of each item\n|clearpoke\n|poke|p1|Moltres-Galar, L50|\n|poke|p1|Arcanine-Hisui, L50, F|\n|poke|p1|Munkidori, L50, M|\n|poke|p1|Sinistcha, L50|\n|poke|p1|Grimmsnarl, L50, M|\n|poke|p1|Milotic, L50, F|\n|poke|p2|Heatran, L50, F|\n|poke|p2|Landorus-Therian, L50, M|\n|poke|p2|Iron Hands, L50|\n|poke|p2|Iron Bundle, L50|\n|poke|p2|Rillaboom, L50, F|\n|poke|p2|Ogerpon-Hearthflame, L50, F|\n|teampreview|4\nGuakamou has agreed to open team sheets.\nLromy has agreed to open team sheets.\n|showteam|p1|Moltres-Galar||SitrusBerry|Berserk|FieryWrath,AirSlash,NastyPlot,Protect||||||50|,,,,,Poison]Arcanine-Hisui||AssaultVest|Intimidate|FlareBlitz,RockSlide,TeraBlast,ExtremeSpeed|||F|||50|,,,,,Fairy]Munkidori||FocusSash|Frisk|FakeOut,Psychic,SludgeBomb,PartingShot|||M|||50|,,,,,Poison]Sinistcha||RockyHelmet|Hospitality|MatchaGotcha,RagePowder,LifeDew,TrickRoom||||||50|,,,,,Dragon]Grimmsnarl||LightClay|Prankster|LowKick,LightScreen,Reflect,PartingShot|||M|||50|,,,,,Fire]Milotic||WideLens|Competitive|HydroPump,IcyWind,LifeDew,Hypnosis|||F|||50|,,,,,Grass\n|showteam|p2|Heatran||LifeOrb|FlashFire|HeatWave,EarthPower,FlashCannon,Protect|||F|||50|,,,,,Fairy]Landorus-Therian||ChoiceScarf|Intimidate|TeraBlast,Uturn,RockSlide,StompingTantrum|||M|||50|,,,,,Flying]Iron Hands||AssaultVest|QuarkDrive|FakeOut,WildCharge,DrainPunch,HeavySlam||||||50|,,,,,Water]Iron Bundle||BoosterEnergy|QuarkDrive|IcyWind,Encore,FreezeDry,Protect||||||50|,,,,,Ghost]Rillaboom||MiracleSeed|GrassySurge|FakeOut,WoodHammer,Uturn,GrassyGlide|||F|||50|,,,,,Grass]Ogerpon-Hearthflame||HearthflameMask|MoldBreaker|IvyCudgel,GrassyGlide,SwordsDance,SpikyShield|||F|||50|,,,,,Fire\n|\n|t:|1700241348\n|start\n|switch|p1a: Arcanine|Arcanine-Hisui, L50, F|100\/100\n|switch|p1b: Grimmsnarl|Grimmsnarl, L50, M|100\/100\n|switch|p2a: Heatran|Heatran, L50, F|100\/100\n|switch|p2b: Ogerpon|Ogerpon-Hearthflame, L50, F|100\/100\n|-ability|p2b: Ogerpon|Mold Breaker\n|-ability|p1a: Arcanine|Intimidate|boost\n|-unboost|p2a: Heatran|atk|1\n|-unboost|p2b: Ogerpon|atk|1\n|turn|1\n|\n|t:|1700241363\n|switch|p2b: Iron Hands|Iron Hands, L50|100\/100\n|move|p1b: Grimmsnarl|Light Screen|p1b: Grimmsnarl\n|-sidestart|p1: Lromy|move: Light Screen\n|move|p1a: Arcanine|Rock Slide|p2a: Heatran|[spread] p2a,p2b\n|-resisted|p2b: Iron Hands\n|-damage|p2a: Heatran|73\/100\n|-damage|p2b: Iron Hands|90\/100\n|move|p2a: Heatran|Earth Power|p1a: Arcanine\n|-supereffective|p1a: Arcanine\n|-crit|p1a: Arcanine\n|-damage|p1a: Arcanine|0 fnt\n|faint|p1a: Arcanine\n|-damage|p2a: Heatran|64\/100|[from] item: Life Orb\n|\n|upkeep\n|\n|t:|1700241378\n|switch|p1a: Moltres|Moltres-Galar, L50|100\/100\n|turn|2\n|\n|t:|1700241401\n|switch|p2a: Iron Bundle|Iron Bundle, L50|100\/100\n|-enditem|p2a: Iron Bundle|Booster Energy\n|-activate|p2a: Iron Bundle|ability: Quark Drive|[fromitem]\n|-start|p2a: Iron Bundle|quarkdrivespe\n|move|p1b: Grimmsnarl|Parting Shot|p2a: Iron Bundle\n|-unboost|p2a: Iron Bundle|atk|1\n|-unboost|p2a: Iron Bundle|spa|1\n|\n|t:|1700241409\n|switch|p1b: Milotic|Milotic, L50, F|100\/100|[from] Parting Shot\n|move|p1a: Moltres|Nasty Plot|p1a: Moltres\n|-boost|p1a: Moltres|spa|2\n|move|p2b: Iron Hands|Heavy Slam|p1b: Milotic\n|-resisted|p1b: Milotic\n|-damage|p1b: Milotic|88\/100\n|\n|upkeep\n|turn|3\n|\n|t:|1700241437\n|move|p1a: Moltres|Protect|p1a: Moltres\n|-singleturn|p1a: Moltres|Protect\n|move|p2a: Iron Bundle|Encore|p1a: Moltres\n|-activate|p1a: Moltres|move: Protect\n|move|p1b: Milotic|Hypnosis|p2a: Iron Bundle|[miss]\n|-miss|p1b: Milotic|p2a: Iron Bundle\n|move|p2b: Iron Hands|Wild Charge|p1b: Milotic\n|-supereffective|p1b: Milotic\n|-damage|p1b: Milotic|0 fnt\n|faint|p1b: Milotic\n|-damage|p2b: Iron Hands|73\/100|[from] Recoil\n|\n|upkeep\n|c|\u2606Lromy|Wide Lens power\n|c|\u2606Guakamou|la rng veut pas que moltres gagne\n|c|\u2606Lromy|Visiblement mdrrr\n|c|\u2606Guakamou|pour \u00e7a que j'aime pas ce set aussi mdr\n|c|\u2606Lromy|La team perd contre du setup c'est logique\n|c|\u2606Guakamou|tu miss hypnosis c'est aurevoir\n|c|\u2606Lromy|Oui mdrrr\n|c|\u2606Lromy|Mais j'avoue c'est dr\u00f4le\n|\n|t:|1700241489\n|switch|p1b: Grimmsnarl|Grimmsnarl, L50, M|100\/100\n|turn|4\n|\n|t:|1700241496\n|-terastallize|p1a: Moltres|Poison\n|move|p1b: Grimmsnarl|Reflect|p1b: Grimmsnarl\n|-sidestart|p1: Lromy|Reflect\n|move|p2a: Iron Bundle|Encore|p1a: Moltres\n|-start|p1a: Moltres|Encore\n|move|p1a: Moltres|Protect|p1a: Moltres\n|-singleturn|p1a: Moltres|Protect\n|move|p2b: Iron Hands|Heavy Slam|p1b: Grimmsnarl\n|-supereffective|p1b: Grimmsnarl\n|-damage|p1b: Grimmsnarl|47\/100\n|\n|upkeep\n|turn|5\n|\n|t:|1700241509\n|move|p1a: Moltres|Protect||[still]\n|-fail|p1a: Moltres\n|move|p2a: Iron Bundle|Encore|p1b: Grimmsnarl\n|-start|p1b: Grimmsnarl|Encore\n|move|p1b: Grimmsnarl|Reflect||[still]\n|-fail|p1b: Grimmsnarl\n|move|p2b: Iron Hands|Heavy Slam|p1b: Grimmsnarl\n|-supereffective|p1b: Grimmsnarl\n|-damage|p1b: Grimmsnarl|0 fnt\n|faint|p1b: Grimmsnarl\n|\n|upkeep\n|turn|6\n|c|\u2606Lromy|Ah bah oui t'est pas pranksteur\n|c|\u2606Lromy|Ptdrrr\n|-message|Lromy forfeited.\n|\n|win|Guakamou\n|l|\u2606Lromy\n|c|\u2606Guakamou|Bundle c'est trop fort contre les teams un peu chelous comme \u00e7a\n","uploadtime":1700241854,"views":17,"p1id":"lromy","p2id":"guakamou","formatid":"gen9vgc2023regulatione","rating":0,"private":0,"password":""}