{"id":"gen9vgc2023regulatione-1993950768","p1":"rennui-","p2":"Publicen","format":"[Gen 9] VGC 2023 Regulation E","log":"|j|\u2606rennui-\n|j|\u2606Publicen\n|t:|1700381361\n|gametype|doubles\n|player|p1|rennui-|erika|1659\n|player|p2|Publicen|roxanne|1584\n|teamsize|p1|6\n|teamsize|p2|6\n|gen|9\n|tier|[Gen 9] VGC 2023 Regulation E\n|rated|\n|rule|Species Clause: Limit one of each Pok\u00e9mon\n|rule|Item Clause: Limit one of each item\n|clearpoke\n|poke|p1|Flutter Mane, L50|\n|poke|p1|Chi-Yu, L50|\n|poke|p1|Torkoal, L50, M|\n|poke|p1|Ogerpon-Wellspring, L50, F|\n|poke|p1|Farigiraf, L50, F|\n|poke|p1|Iron Hands, L50|\n|poke|p2|Iron Hands, L50|\n|poke|p2|Heatran, L50, F|\n|poke|p2|Urshifu-*, L50, F|\n|poke|p2|Tornadus, L50, M|\n|poke|p2|Landorus-Therian, L50, M|\n|poke|p2|Amoonguss, L50, M|\n|teampreview|4\n|inactive|Battle timer is ON: inactive players will automatically lose when time's up. (requested by Publicen)\nrennui- has agreed to open team sheets.\nPublicen rejected open team sheets.\n|inactive|rennui- has 60 seconds left.\n|\n|t:|1700381392\n|start\n|switch|p1a: Ogerpon|Ogerpon-Wellspring, L50, F|100\/100\n|switch|p1b: Farigiraf|Farigiraf, L50, F, shiny|100\/100\n|switch|p2a: Tornadus|Tornadus, L50, M|100\/100\n|switch|p2b: Urshifu|Urshifu-Rapid-Strike, L50, F|100\/100\n|turn|1\n|j| MidianVGC\n|inactive|rennui- has 30 seconds left.\n|\n|t:|1700381418\n|-terastallize|p1a: Ogerpon|Water\n|detailschange|p1a: Ogerpon|Ogerpon-Wellspring-Tera, L50, F, tera:Water\n|-ability|p1a: Ogerpon|Embody Aspect (Wellspring)|boost\n|-boost|p1a: Ogerpon|spd|1\n|move|p2a: Tornadus|Bleakwind Storm|p1b: Farigiraf|[spread] p1a,p1b\n|-crit|p1b: Farigiraf\n|-damage|p1a: Ogerpon|78\/100\n|-damage|p1b: Farigiraf|56\/100\n|-unboost|p1b: Farigiraf|spe|1\n|move|p2b: Urshifu|Taunt|p1b: Farigiraf\n|-start|p1b: Farigiraf|move: Taunt\n|move|p1a: Ogerpon|Ivy Cudgel|p2a: Tornadus|[anim] Ivy Cudgel Water\n|-damage|p2a: Tornadus|12\/100\n|cant|p1b: Farigiraf|move: Taunt|Trick Room\n|\n|upkeep\n|turn|2\n|inactive|Publicen has 30 seconds left.\n|\n|t:|1700381452\n|-terastallize|p2b: Urshifu|Water\n|move|p2a: Tornadus|Rain Dance|p2a: Tornadus\n|-weather|RainDance\n|move|p2b: Urshifu|Surging Strikes|p1a: Ogerpon\n|-resisted|p1a: Ogerpon\n|-crit|p1a: Ogerpon\n|-damage|p1a: Ogerpon|52\/100\n|-resisted|p1a: Ogerpon\n|-crit|p1a: Ogerpon\n|-damage|p1a: Ogerpon|25\/100\n|-resisted|p1a: Ogerpon\n|-crit|p1a: Ogerpon\n|-damage|p1a: Ogerpon|0 fnt\n|faint|p1a: Ogerpon\n|-hitcount|p1: Ogerpon|3\n|move|p1b: Farigiraf|Dazzling Gleam|p2a: Tornadus|[spread] p2a,p2b\n|-damage|p2a: Tornadus|0 fnt\n|-damage|p2b: Urshifu|72\/100\n|faint|p2a: Tornadus\n|\n|-weather|RainDance|[upkeep]\n|upkeep\n|\n|t:|1700381467\n|switch|p2a: Landorus|Landorus-Therian, L50, M|100\/100\n|switch|p1a: Iron Hands|Iron Hands, L50|100\/100\n|-ability|p2a: Landorus|Intimidate|boost\n|-unboost|p1a: Iron Hands|atk|1\n|-unboost|p1b: Farigiraf|atk|1\n|turn|3\n|\n|t:|1700381478\n|move|p1a: Iron Hands|Fake Out|p2a: Landorus\n|-damage|p2a: Landorus|88\/100\n|cant|p2a: Landorus|flinch\n|move|p2b: Urshifu|Surging Strikes|p1a: Iron Hands\n|-crit|p1a: Iron Hands\n|-damage|p1a: Iron Hands|60\/100\n|-crit|p1a: Iron Hands\n|-damage|p1a: Iron Hands|24\/100\n|-crit|p1a: Iron Hands\n|-damage|p1a: Iron Hands|0 fnt\n|faint|p1a: Iron Hands\n|-end|p1a: Iron Hands|Quark Drive|[silent]\n|-hitcount|p1: Iron Hands|3\n|move|p1b: Farigiraf|Psychic|p2b: Urshifu\n|-damage|p2b: Urshifu|12\/100\n|\n|-weather|RainDance|[upkeep]\n|-end|p1b: Farigiraf|move: Taunt\n|upkeep\n|\n|t:|1700381481\n|switch|p1a: Chi-Yu|Chi-Yu, L50|100\/100\n|-ability|p1a: Chi-Yu|Beads of Ruin\n|turn|4\n|inactive|Publicen has 30 seconds left.\n|inactive|Publicen has 20 seconds left.\n|\n|t:|1700381518\n|move|p2a: Landorus|Stomping Tantrum|p1a: Chi-Yu\n|-supereffective|p1a: Chi-Yu\n|-damage|p1a: Chi-Yu|0 fnt\n|faint|p1a: Chi-Yu\n|move|p2b: Urshifu|Surging Strikes|p1b: Farigiraf\n|-crit|p1b: Farigiraf\n|-damage|p1b: Farigiraf|4\/100\n|-enditem|p1b: Farigiraf|Sitrus Berry|[eat]\n|-heal|p1b: Farigiraf|29\/100|[from] item: Sitrus Berry\n|-crit|p1b: Farigiraf\n|-damage|p1b: Farigiraf|0 fnt\n|faint|p1b: Farigiraf\n|-hitcount|p1: Farigiraf|2\n|\n|win|Publicen\n|raw|rennui-'s rating: 1659 &rarr; <strong>1635<\/strong><br \/>(-24 for losing)\n|raw|Publicen's rating: 1584 &rarr; <strong>1608<\/strong><br \/>(+24 for winning)\n","uploadtime":1700381525,"views":16,"p1id":"rennui","p2id":"publicen","formatid":"gen9vgc2023regulatione","rating":1608,"private":0,"password":""}