{"id":"gen9vgc2023regulatione-1999309894","p1":"datrevdo","p2":"Mewizard113","format":"[Gen 9] VGC 2023 Regulation E","log":"|j|\u2606datrevdo\n|j|\u2606Mewizard113\n|n|\u2606datrevdo|datrevdo\n|n|\u2606Mewizard113|mewizard113\n|html|View the match progress at <a href=\"\/game-bestof3-gen9vgc2023regulatione-1999308023\">game-bestof3-gen9vgc2023regulatione-1999308023<\/a>\n|t:|1701058337\n|gametype|doubles\n|player|p1|datrevdo|265|\n|player|p2|Mewizard113|pokemaniac|\n|teamsize|p1|6\n|teamsize|p2|6\n|gen|9\n|tier|[Gen 9] VGC 2023 Regulation E\n|rule|Species Clause: Limit one of each Pok\u00e9mon\n|rule|Item Clause: Limit one of each item\n|clearpoke\n|poke|p1|Armarouge, L50, M|\n|poke|p1|Indeedee, L50, M|\n|poke|p1|Iron Bundle, L50|\n|poke|p1|Garchomp, L50, F|\n|poke|p1|Lilligant, L50, F|\n|poke|p1|Torkoal, L50, M|\n|poke|p2|Gholdengo, L50|\n|poke|p2|Regieleki, L50|\n|poke|p2|Gyarados, L50, M|\n|poke|p2|Zapdos, L50|\n|poke|p2|Grafaiai, L50, F|\n|poke|p2|Drednaw, L50, M|\n|teampreview|4\n|inactive|Battle timer is ON: inactive players will automatically lose when time's up. (requested by datrevdo)\n|inactiveoff|Battle timer is now OFF.\n|j| Frieren Enjoyer\n|\n|t:|1701058368\n|start\n|switch|p1a: Armarouge|Armarouge, L50, M|100\/100\n|switch|p1b: Iron Bundle|Iron Bundle, L50|100\/100\n|switch|p2a: Toddler|Regieleki, L50, shiny|100\/100\n|switch|p2b: Ticked Off|Gyarados, L50, M, shiny|100\/100\n|-ability|p2b: Ticked Off|Intimidate|boost\n|-unboost|p1a: Armarouge|atk|1\n|-unboost|p1b: Iron Bundle|atk|1\n|turn|1\n|\n|t:|1701058382\n|-terastallize|p1a: Armarouge|Electric\n|move|p2a: Toddler|Electric Terrain|p2a: Toddler\n|-fieldstart|move: Electric Terrain\n|-activate|p1b: Iron Bundle|ability: Quark Drive\n|-start|p1b: Iron Bundle|quarkdrivespa\n|move|p1b: Iron Bundle|Freeze-Dry|p2b: Ticked Off\n|-supereffective|p2b: Ticked Off\n|-damage|p2b: Ticked Off|0 fnt\n|faint|p2b: Ticked Off\n|move|p1a: Armarouge|Trick Room|p1a: Armarouge\n|-fieldstart|move: Trick Room|[of] p1a: Armarouge\n|\n|upkeep\n|\n|t:|1701058386\n|switch|p2b: Reddit User|Grafaiai, L50, F, shiny|100\/100\n|turn|2\n|\n|t:|1701058400\n|switch|p2a: String Cheese|Gholdengo, L50, shiny|100\/100\n|move|p2b: Reddit User|Taunt|p1a: Armarouge\n|-start|p1a: Armarouge|move: Taunt\n|move|p1a: Armarouge|Expanding Force|p2b: Reddit User\n|-supereffective|p2b: Reddit User\n|-damage|p2b: Reddit User|0 fnt\n|faint|p2b: Reddit User\n|-damage|p1a: Armarouge|91\/100|[from] item: Life Orb\n|move|p1b: Iron Bundle|Freeze-Dry|p2a: String Cheese\n|-resisted|p2a: String Cheese\n|-damage|p2a: String Cheese|71\/100\n|\n|upkeep\n|\n|t:|1701058402\n|switch|p2b: Toddler|Regieleki, L50, shiny|100\/100\n|turn|3\n|c|\u2606Mewizard113|i messed up\n|\n|t:|1701058429\n|-end|p1b: Iron Bundle|Quark Drive|[silent]\n|switch|p1b: Indeedee|Indeedee, L50, M|100\/100\n|-fieldstart|move: Psychic Terrain|[from] ability: Psychic Surge|[of] p1b: Indeedee\n|-enditem|p1b: Indeedee|Psychic Seed\n|-boost|p1b: Indeedee|spd|1|[from] item: Psychic Seed\n|move|p1a: Armarouge|Expanding Force|p2b: Toddler|[spread] p2a,p2b\n|-resisted|p2a: String Cheese\n|-damage|p2a: String Cheese|21\/100\n|-enditem|p2b: Toddler|Focus Sash\n|-damage|p2b: Toddler|1\/100\n|-damage|p1a: Armarouge|81\/100|[from] item: Life Orb\n|move|p2a: String Cheese|Make It Rain|p1b: Indeedee|[spread] p1a,p1b\n|-resisted|p1a: Armarouge\n|-damage|p1a: Armarouge|48\/100\n|-damage|p1b: Indeedee|69\/100\n|-unboost|p2a: String Cheese|spa|1\n|-damage|p2a: String Cheese|11\/100|[from] item: Life Orb\n|move|p2b: Toddler|Thunderbolt|p1b: Indeedee\n|-damage|p1b: Indeedee|48\/100\n|\n|upkeep\n|turn|4\n|c|\u2606Mewizard113|tbh it's over\n|c|\u2606Mewizard113|you win\n|l| Frieren Enjoyer\n|\n|t:|1701058453\n|move|p1b: Indeedee|Helping Hand|p1a: Armarouge\n|-singleturn|p1a: Armarouge|Helping Hand|[of] p1b: Indeedee\n|move|p1a: Armarouge|Expanding Force|p2a: String Cheese|[spread] p2a,p2b\n|-resisted|p2a: String Cheese\n|-damage|p2a: String Cheese|0 fnt\n|-damage|p2b: Toddler|0 fnt\n|faint|p2a: String Cheese\n|faint|p2b: Toddler\n|-damage|p1a: Armarouge|39\/100|[from] item: Life Orb\n|\n|win|datrevdo\n|c|\u2606datrevdo|ggs\n|c|\u2606Mewizard113|gg\n|c|\u2606Mewizard113|i messed up\n|c|\u2606Mewizard113|i thought you would bring in Indeedee r2\n|c|\u2606datrevdo|ye i wouldve if ud shown me a lead that beat bundle\n|c|\u2606datrevdo|i was sash\n|c|\u2606datrevdo|bundle\n","uploadtime":1701058531,"views":16,"p1id":"datrevdo","p2id":"mewizard113","formatid":"gen9vgc2023regulatione","rating":0,"private":0,"password":""}