{"id":"gen9vgc2023regulatione-1989335004","p1":"wuivy","p2":"Vengeful potato","format":"[Gen 9] VGC 2023 Regulation E","log":"|j|\u2606wuivy\n|j|\u2606Vengeful potato\n|t:|1699837673\n|gametype|doubles\n|player|p1|wuivy|gardenia|1570\n|player|p2|Vengeful potato|swimmer|1724\n|teamsize|p1|6\n|teamsize|p2|6\n|gen|9\n|tier|[Gen 9] VGC 2023 Regulation E\n|rated|\n|rule|Species Clause: Limit one of each Pok\u00e9mon\n|rule|Item Clause: Limit one of each item\n|clearpoke\n|poke|p1|Ogerpon-Wellspring, L50, F|\n|poke|p1|Urshifu-*, L50, F|\n|poke|p1|Tornadus, L50, M|\n|poke|p1|Gholdengo, L50|\n|poke|p1|Munkidori, L50, M|\n|poke|p1|Heatran, L50, F|\n|poke|p2|Articuno-Galar, L50|\n|poke|p2|Maushold, L50|\n|poke|p2|Urshifu-*, L50, F|\n|poke|p2|Sinistcha-Masterpiece, L50|\n|poke|p2|Heatran, L50, F|\n|poke|p2|Regidrago, L50|\n|teampreview|4\n|inactive|Battle timer is ON: inactive players will automatically lose when time's up. (requested by wuivy)\nwuivy has agreed to open team sheets.\nVengeful potato has agreed to open team sheets.\n|j| Kal0sunleashed\n|inactive|wuivy has 30 seconds left.\n|inactive|wuivy has 20 seconds left.\n|inactive|wuivy has 15 seconds left.\n|\n|t:|1699837724\n|start\n|switch|p1a: Gholdengo|Gholdengo, L50|100\/100\n|switch|p1b: Munkidori|Munkidori, L50, M|100\/100\n|switch|p2a: The Rizzler\ud83d\ude31\ud83d\udcaf\ud83d\udde3\ufe0f|Articuno-Galar, L50, shiny|100\/100\n|switch|p2b: Despereaux|Maushold, L50, shiny|100\/100\n|turn|1\n|\n|t:|1699837739\n|-terastallize|p1a: Gholdengo|Steel\n|move|p1b: Munkidori|Fake Out|p2a: The Rizzler\ud83d\ude31\ud83d\udcaf\ud83d\udde3\ufe0f\n|-damage|p2a: The Rizzler\ud83d\ude31\ud83d\udcaf\ud83d\udde3\ufe0f|95\/100\n|move|p2b: Despereaux|Follow Me|p2b: Despereaux\n|-singleturn|p2b: Despereaux|move: Follow Me\n|move|p1a: Gholdengo|Make It Rain|p2a: The Rizzler\ud83d\ude31\ud83d\udcaf\ud83d\udde3\ufe0f|[spread] p2a,p2b\n|-damage|p2a: The Rizzler\ud83d\ude31\ud83d\udcaf\ud83d\udde3\ufe0f|30\/100\n|-damage|p2b: Despereaux|0 fnt\n|-unboost|p1a: Gholdengo|spa|1\n|faint|p2b: Despereaux\n|move|p2a: The Rizzler\ud83d\ude31\ud83d\udcaf\ud83d\udde3\ufe0f|Tailwind|p2a: The Rizzler\ud83d\ude31\ud83d\udcaf\ud83d\udde3\ufe0f\n|-sidestart|p2: Vengeful potato|move: Tailwind\n|\n|upkeep\n|\n|t:|1699837755\n|switch|p2b: Krakatoa|Heatran, L50, F, shiny|100\/100\n|turn|2\n|\n|t:|1699837778\n|switch|p1a: Heatran|Heatran, L50, F|100\/100\n|move|p2a: The Rizzler\ud83d\ude31\ud83d\udcaf\ud83d\udde3\ufe0f|Freezing Glare|p1b: Munkidori\n|-damage|p1b: Munkidori|45\/100\n|move|p2b: Krakatoa|Earth Power|p1a: Heatran\n|-supereffective|p1a: Heatran\n|-damage|p1a: Heatran|3\/100\n|-unboost|p1a: Heatran|spd|1\n|-damage|p2b: Krakatoa|91\/100|[from] item: Life Orb\n|move|p1b: Munkidori|Psyshock|p2a: The Rizzler\ud83d\ude31\ud83d\udcaf\ud83d\udde3\ufe0f\n|-resisted|p2a: The Rizzler\ud83d\ude31\ud83d\udcaf\ud83d\udde3\ufe0f\n|-damage|p2a: The Rizzler\ud83d\ude31\ud83d\udcaf\ud83d\udde3\ufe0f|7\/100\n|\n|upkeep\n|turn|3\n|inactive|wuivy has 30 seconds left.\n|\n|t:|1699837803\n|move|p1b: Munkidori|Protect|p1b: Munkidori\n|-singleturn|p1b: Munkidori|Protect\n|move|p2a: The Rizzler\ud83d\ude31\ud83d\udcaf\ud83d\udde3\ufe0f|Freezing Glare|p1a: Heatran\n|-resisted|p1a: Heatran\n|-damage|p1a: Heatran|0 fnt\n|faint|p1a: Heatran\n|move|p2b: Krakatoa|Heat Wave|p1b: Munkidori\n|-activate|p1b: Munkidori|move: Protect\n|\n|upkeep\n|\n|t:|1699837816\n|switch|p1a: Gholdengo|Gholdengo, L50, tera:Steel|100\/100\n|turn|4\n|\n|t:|1699837828\n|switch|p1b: Urshifu|Urshifu-Rapid-Strike, L50, F|100\/100\n|move|p2b: Krakatoa|Heat Wave|p1b: Urshifu|[spread] p1a,p1b\n|-supereffective|p1a: Gholdengo\n|-resisted|p1b: Urshifu\n|-damage|p1a: Gholdengo|0 fnt\n|-damage|p1b: Urshifu|58\/100\n|faint|p1a: Gholdengo\n|-damage|p2b: Krakatoa|81\/100|[from] item: Life Orb\n|move|p2a: The Rizzler\ud83d\ude31\ud83d\udcaf\ud83d\udde3\ufe0f|Trick Room|p2a: The Rizzler\ud83d\ude31\ud83d\udcaf\ud83d\udde3\ufe0f\n|-fieldstart|move: Trick Room|[of] p2a: The Rizzler\ud83d\ude31\ud83d\udcaf\ud83d\udde3\ufe0f\n|\n|-sideend|p2: Vengeful potato|move: Tailwind\n|upkeep\n|-message|wuivy forfeited.\n|\n|win|Vengeful potato\n|raw|wuivy's rating: 1570 &rarr; <strong>1558<\/strong><br \/>(-12 for losing)\n|raw|Vengeful potato's rating: 1724 &rarr; <strong>1736<\/strong><br \/>(+12 for winning)\n|l|\u2606wuivy\n|c|\u2606Vengeful potato|Gg\n","uploadtime":1699837841,"views":12,"p1id":"wuivy","p2id":"vengefulpotato","formatid":"gen9vgc2023regulatione","rating":1558,"private":0,"password":""}