{"id":"gen9vgc2023regulatione-1997383045","p1":"Red Fang X","p2":"HeffNastyy","format":"[Gen 9] VGC 2023 Regulation E","log":"|j|\u2606Red Fang X\n|j|\u2606HeffNastyy\n|t:|1700796974\n|gametype|doubles\n|player|p1|Red Fang X|hilbert|\n|player|p2|HeffNastyy|lance|\n|teamsize|p1|6\n|teamsize|p2|6\n|gen|9\n|tier|[Gen 9] VGC 2023 Regulation E\n|rated|Tournament battle\n|rule|Species Clause: Limit one of each Pok\u00e9mon\n|rule|Item Clause: Limit one of each item\n|clearpoke\n|poke|p1|Chi-Yu, L50|\n|poke|p1|Iron Hands, L50|\n|poke|p1|Landorus-Therian, L50, M|\n|poke|p1|Dusclops, L50, F|\n|poke|p1|Ogerpon-Wellspring, L50, F|\n|poke|p1|Ursaluna-Bloodmoon, L50, M|\n|poke|p2|Tornadus, L50, M|\n|poke|p2|Arcanine-Hisui, L50, F|\n|poke|p2|Gholdengo, L50|\n|poke|p2|Urshifu-*, L50, F|\n|poke|p2|Rillaboom, L50, M|\n|poke|p2|Zapdos, L50|\n|teampreview|4\n|showteam|p1|Chi-Yu||ChoiceSpecs|BeadsofRuin|Overheat,DarkPulse,Snarl,HeatWave||||||50|,,,,,Ghost]Iron Hands||AssaultVest|QuarkDrive|WildCharge,DrainPunch,HeavySlam,FakeOut||||||50|,,,,,Fire]Landorus-Therian||ChoiceScarf|Intimidate|StompingTantrum,RockSlide,TeraBlast,Uturn|||M|||50|,,,,,Flying]Dusclops||Eviolite|Pressure|BrickBreak,WillOWisp,PainSplit,TrickRoom|||F|||50|,,,,,Dark]Ogerpon-Wellspring||WellspringMask|WaterAbsorb|IvyCudgel,HornLeech,FollowMe,SpikyShield|||F|||50|,,,,,Water]Ursaluna-Bloodmoon||WeaknessPolicy|MindsEye|BloodMoon,HyperVoice,EarthPower,Protect|||M|||50|,,,,,Normal\n|showteam|p2|Tornadus||CovertCloak|Prankster|BleakwindStorm,RainDance,Tailwind,Taunt|||M|||50|,,,,,Grass]Arcanine-Hisui||ChoiceBand|Intimidate|FlareBlitz,RockSlide,ExtremeSpeed,TeraBlast|||F|||50|,,,,,Fairy]Gholdengo||LifeOrb|GoodasGold|MakeItRain,ShadowBall,NastyPlot,Protect||||||50|,,,,,Dragon]Urshifu-Rapid-Strike||ChoiceScarf|UnseenFist|SurgingStrikes,CloseCombat,Uturn,AquaJet|||F|||50|,,,,,Water]Rillaboom||AssaultVest|GrassySurge|FakeOut,WoodHammer,GrassyGlide,HighHorsepower|||M|||50|,,,,,Fire]Zapdos||SitrusBerry|Static|Thunderbolt,Hurricane,Protect,Tailwind||||||50|,,,,,Steel\n|inactive|Battle timer is ON: inactive players will automatically lose when time's up. (requested by Red Fang X)\n|c|\u2606Red Fang X|Glhf\n|c|\u2606HeffNastyy|u2\n|c|\u2606HeffNastyy|nice team\n|inactive|Red Fang X has 60 seconds left.\n|inactive|HeffNastyy has 60 seconds left.\n|c|\u2606Red Fang X|Thanks\n|inactive|HeffNastyy has 30 seconds left.\n|inactive|HeffNastyy has 20 seconds left.\n|inactive|HeffNastyy has 15 seconds left.\n|inactive|HeffNastyy has 10 seconds left.\n|inactive|HeffNastyy has 5 seconds left.\n|\n|t:|1700797061\n|start\n|switch|p1a: Dusclops|Dusclops, L50, F|100\/100\n|switch|p1b: Ursaluna|Ursaluna-Bloodmoon, L50, M|100\/100\n|switch|p2a: Gholdengo|Gholdengo, L50|100\/100\n|switch|p2b: Arcanine|Arcanine-Hisui, L50, F|100\/100\n|-ability|p2b: Arcanine|Intimidate|boost\n|-unboost|p1a: Dusclops|atk|1\n|-unboost|p1b: Ursaluna|atk|1\n|-ability|p1a: Dusclops|Pressure\n|turn|1\n|inactive|Red Fang X has 30 seconds left.\n|inactive|HeffNastyy has 30 seconds left.\n|inactive|Red Fang X has 20 seconds left.\n|inactive|HeffNastyy has 20 seconds left.\n|inactive|Red Fang X has 15 seconds left.\n|inactive|HeffNastyy has 15 seconds left.\n|inactive|HeffNastyy has 10 seconds left.\n|inactive|HeffNastyy has 5 seconds left.\n|\n|t:|1700797111\n|-terastallize|p2a: Gholdengo|Dragon\n|move|p2b: Arcanine|Rock Slide|p1a: Dusclops|[spread] p1a,p1b\n|-resisted|p1b: Ursaluna\n|-damage|p1a: Dusclops|74\/100\n|-damage|p1b: Ursaluna|86\/100\n|move|p2a: Gholdengo|Nasty Plot|p2a: Gholdengo\n|-boost|p2a: Gholdengo|spa|2\n|move|p1b: Ursaluna|Earth Power|p2b: Arcanine\n|-supereffective|p2b: Arcanine\n|-damage|p2b: Arcanine|0 fnt\n|faint|p2b: Arcanine\n|move|p1a: Dusclops|Trick Room|p1a: Dusclops\n|-fieldstart|move: Trick Room|[of] p1a: Dusclops\n|\n|upkeep\n|\n|t:|1700797129\n|switch|p2b: Rillaboom|Rillaboom, L50, M|100\/100\n|-fieldstart|move: Grassy Terrain|[from] ability: Grassy Surge|[of] p2b: Rillaboom\n|turn|2\n|\n|t:|1700797150\n|move|p1b: Ursaluna|Protect|p1b: Ursaluna\n|-singleturn|p1b: Ursaluna|Protect\n|move|p2b: Rillaboom|Fake Out|p1b: Ursaluna\n|-activate|p1b: Ursaluna|move: Protect\n|move|p1a: Dusclops|Will-O-Wisp|p2b: Rillaboom|[miss]\n|-miss|p1a: Dusclops|p2b: Rillaboom\n|move|p2a: Gholdengo|Shadow Ball|p1a: Dusclops\n|-supereffective|p1a: Dusclops\n|-damage|p1a: Dusclops|0 fnt\n|faint|p1a: Dusclops\n|-damage|p2a: Gholdengo|91\/100|[from] item: Life Orb\n|\n|-heal|p1b: Ursaluna|92\/100|[from] Grassy Terrain\n|-heal|p2a: Gholdengo|97\/100|[from] Grassy Terrain\n|upkeep\n|\n|t:|1700797171\n|switch|p1a: Chi-Yu|Chi-Yu, L50|100\/100\n|-ability|p1a: Chi-Yu|Beads of Ruin\n|turn|3\n|\n|t:|1700797187\n|-terastallize|p1b: Ursaluna|Normal\n|move|p2b: Rillaboom|Grassy Glide|p1b: Ursaluna\n|-crit|p1b: Ursaluna\n|-damage|p1b: Ursaluna|54\/100\n|move|p1b: Ursaluna|Blood Moon|p2a: Gholdengo\n|-damage|p2a: Gholdengo|0 fnt\n|faint|p2a: Gholdengo\n|move|p1a: Chi-Yu|Heat Wave|p2b: Rillaboom\n|-supereffective|p2b: Rillaboom\n|-damage|p2b: Rillaboom|0 fnt\n|faint|p2b: Rillaboom\n|\n|-heal|p1b: Ursaluna|60\/100|[from] Grassy Terrain\n|upkeep\n|\n|t:|1700797202\n|switch|p2a: Zapdos|Zapdos, L50|100\/100\n|turn|4\n|\n|t:|1700797205\n|move|p2a: Zapdos|Protect|p2a: Zapdos\n|-singleturn|p2a: Zapdos|Protect\n|move|p1b: Ursaluna|Hyper Voice|p2a: Zapdos\n|-activate|p2a: Zapdos|move: Protect\n|move|p1a: Chi-Yu|Heat Wave|p2a: Zapdos\n|-activate|p2a: Zapdos|move: Protect\n|\n|-heal|p1b: Ursaluna|65\/100|[from] Grassy Terrain\n|upkeep\n|turn|5\n|\n|t:|1700797216\n|move|p2a: Zapdos|Protect|p2a: Zapdos\n|-singleturn|p2a: Zapdos|Protect\n|move|p1b: Ursaluna|Blood Moon|p2a: Zapdos\n|-activate|p2a: Zapdos|move: Protect\n|move|p1a: Chi-Yu|Heat Wave|p2a: Zapdos\n|-activate|p2a: Zapdos|move: Protect\n|\n|-heal|p1b: Ursaluna|71\/100|[from] Grassy Terrain\n|-fieldend|move: Trick Room\n|upkeep\n|turn|6\n|c|\u2606HeffNastyy|lol\n|c|\u2606Red Fang X|Double protect :0\n|\n|t:|1700797229\n|move|p1a: Chi-Yu|Heat Wave|p2a: Zapdos\n|-damage|p2a: Zapdos|17\/100\n|-enditem|p2a: Zapdos|Sitrus Berry|[eat]\n|-heal|p2a: Zapdos|42\/100|[from] item: Sitrus Berry\n|move|p2a: Zapdos|Hurricane|p1a: Chi-Yu\n|-damage|p1a: Chi-Yu|48\/100\n|move|p1b: Ursaluna|Hyper Voice|p2a: Zapdos\n|-damage|p2a: Zapdos|0 fnt\n|faint|p2a: Zapdos\n|\n|win|Red Fang X\n|n|\u2606Red Fang X|redfangx\n|n|\u2606HeffNastyy|heffnastyy\n|l|\u2606Red Fang X\n|c|\u2606HeffNastyy|gg\n","uploadtime":1700797247,"views":4,"p1id":"redfangx","p2id":"heffnastyy","formatid":"gen9vgc2023regulatione","rating":0,"private":0,"password":""}