{"id":"gen9vgc2023regulatione-1990230294","p1":"bway","p2":"Rico624","format":"[Gen 9] VGC 2023 Regulation E","log":"|j|\u2606bway\n|j|\u2606Rico624\n|t:|1699941061\n|gametype|doubles\n|player|p1|bway|266|1063\n|player|p2|Rico624|striker|1041\n|teamsize|p1|6\n|teamsize|p2|6\n|gen|9\n|tier|[Gen 9] VGC 2023 Regulation E\n|rated|\n|rule|Species Clause: Limit one of each Pok\u00e9mon\n|rule|Item Clause: Limit one of each item\n|clearpoke\n|poke|p1|Piplup, L50, F|\n|poke|p1|Farigiraf, L50, F|\n|poke|p1|Sinistcha, L50|\n|poke|p1|Iron Hands, L50|\n|poke|p1|Ogerpon-Hearthflame, L50, F|\n|poke|p1|Landorus-Therian, L50, M|\n|poke|p2|Iron Hands, L50|\n|poke|p2|Grimmsnarl, L50, M|\n|poke|p2|Arcanine-Hisui, L50, F|\n|poke|p2|Salamence, L50, F|\n|poke|p2|Flutter Mane, L50|\n|poke|p2|Chien-Pao, L50|\n|teampreview|4\nbway rejected open team sheets.\n|inactive|Battle timer is ON: inactive players will automatically lose when time's up. (requested by bway)\n|inactive|Rico624 has 60 seconds left.\n|\n|t:|1699941116\n|start\n|switch|p1a: Farigiraf|Farigiraf, L50, F|100\/100\n|switch|p1b: Piplup|Piplup, L50, F|100\/100\n|switch|p2a: Salamence|Salamence, L50, F|100\/100\n|switch|p2b: Grimmsnarl|Grimmsnarl, L50, M|100\/100\n|-ability|p2a: Salamence|Intimidate|boost\n|-unboost|p1a: Farigiraf|atk|1\n|-unboost|p1b: Piplup|atk|1\n|-ability|p1b: Piplup|Competitive|boost\n|-boost|p1b: Piplup|spa|2\n|turn|1\n|inactive|Rico624 has 30 seconds left.\n|inactive|Rico624 has 20 seconds left.\n|inactive|Rico624 has 15 seconds left.\n|inactive|Rico624 has 10 seconds left.\n|inactive|Rico624 has 5 seconds left.\n|\n|t:|1699941168\n|move|p2b: Grimmsnarl|Light Screen|p2b: Grimmsnarl\n|-sidestart|p2: Rico624|move: Light Screen\n|move|p2a: Salamence|Tera Blast|p1a: Farigiraf\n|-damage|p1a: Farigiraf|75\/100\n|-damage|p2a: Salamence|90\/100|[from] item: Life Orb\n|move|p1b: Piplup|Fling|p1a: Farigiraf\n|-supereffective|p1a: Farigiraf\n|-damage|p1a: Farigiraf|72\/100\n|-boost|p1a: Farigiraf|spa|1|[from] item: Petaya Berry\n|-enditem|p1a: Farigiraf|Weakness Policy\n|-boost|p1a: Farigiraf|atk|2|[from] item: Weakness Policy\n|-boost|p1a: Farigiraf|spa|2|[from] item: Weakness Policy\n|-enditem|p1b: Piplup|Petaya Berry|[from] move: Fling\n|move|p1a: Farigiraf|Trick Room|p1a: Farigiraf\n|-fieldstart|move: Trick Room|[of] p1a: Farigiraf\n|\n|upkeep\n|turn|2\n|inactive|Rico624 has 30 seconds left.\n|\n|t:|1699941202\n|-terastallize|p1a: Farigiraf|Fairy\n|move|p2a: Salamence|Protect|p2a: Salamence\n|-singleturn|p2a: Salamence|Protect\n|move|p2b: Grimmsnarl|Parting Shot||[still]\n|cant|p1a: Farigiraf|ability: Armor Tail|Parting Shot|[of] p2b: Grimmsnarl\n|move|p1b: Piplup|Yawn|p2a: Salamence\n|-activate|p2a: Salamence|move: Protect\n|move|p1a: Farigiraf|Dazzling Gleam|p2a: Salamence|[spread] p2b\n|-activate|p2a: Salamence|move: Protect\n|-supereffective|p2b: Grimmsnarl\n|-damage|p2b: Grimmsnarl|0 fnt\n|faint|p2b: Grimmsnarl\n|\n|upkeep\n|-message|Rico624 forfeited.\n|\n|win|bway\n|raw|bway's rating: 1063 &rarr; <strong>1092<\/strong><br \/>(+29 for winning)\n|raw|Rico624's rating: 1041 &rarr; <strong>1026<\/strong><br \/>(-15 for losing)\n|l|\u2606Rico624\n","uploadtime":1699941224,"views":6,"p1id":"bway","p2id":"rico624","formatid":"gen9vgc2023regulatione","rating":1026,"private":0,"password":""}