{"id":"gen9vgc2023regulatione-1989421391","p1":"Shiryu3392","p2":"Dyrewolf52","format":"[Gen 9] VGC 2023 Regulation E","log":"|j|\u2606Shiryu3392\n|j|\u2606Dyrewolf52\n|t:|1699848116\n|gametype|doubles\n|player|p1|Shiryu3392|266|1211\n|player|p2|Dyrewolf52|benga|1289\n|teamsize|p1|6\n|teamsize|p2|6\n|gen|9\n|tier|[Gen 9] VGC 2023 Regulation E\n|rated|\n|rule|Species Clause: Limit one of each Pok\u00e9mon\n|rule|Item Clause: Limit one of each item\n|clearpoke\n|poke|p1|Azelf, L50|\n|poke|p1|Ursaluna-Bloodmoon, L50, M|\n|poke|p1|Dusclops, L50, F|\n|poke|p1|Clefable, L50, F|\n|poke|p1|Trevenant, L50, F|\n|poke|p1|Torkoal, L50, F|\n|poke|p2|Cresselia, L50, F|\n|poke|p2|Ursaluna, L50, M|\n|poke|p2|Enamorus-Therian, L50, F|\n|poke|p2|Iron Hands, L50|\n|poke|p2|Ogerpon-Wellspring, L50, F|\n|poke|p2|Moltres-Galar, L50|\n|teampreview|4\n|\n|t:|1699848149\n|start\n|switch|p1a: Azelf|Azelf, L50|100\/100\n|switch|p1b: Dusclops|Dusclops, L50, F|100\/100\n|switch|p2a: Cresselia|Cresselia, L50, F, shiny|100\/100\n|switch|p2b: Moltres|Moltres-Galar, L50|100\/100\n|-ability|p1b: Dusclops|Pressure\n|turn|1\n|\n|t:|1699848163\n|move|p1a: Azelf|Explosion|p2b: Moltres|[spread] p2a,p2b\n|-immune|p1b: Dusclops\n|-damage|p2a: Cresselia|42\/100\n|-damage|p2b: Moltres|24\/100\n|faint|p1a: Azelf\n|-ability|p2b: Moltres|Berserk|boost\n|-boost|p2b: Moltres|spa|1\n|-enditem|p2b: Moltres|Sitrus Berry|[eat]\n|-heal|p2b: Moltres|49\/100|[from] item: Sitrus Berry\n|move|p2b: Moltres|Nasty Plot|p2b: Moltres\n|-boost|p2b: Moltres|spa|2\n|move|p2a: Cresselia|Trick Room|p2a: Cresselia\n|-fieldstart|move: Trick Room|[of] p2a: Cresselia\n|move|p1b: Dusclops|Trick Room|p1b: Dusclops\n|-fieldend|move: Trick Room\n|\n|upkeep\n|inactive|Battle timer is ON: inactive players will automatically lose when time's up. (requested by Shiryu3392)\n|\n|t:|1699848184\n|switch|p1a: Ursaluna|Ursaluna-Bloodmoon, L50, M|100\/100\n|turn|2\n|\n|t:|1699848205\n|move|p2a: Cresselia|Helping Hand|p2b: Moltres\n|-singleturn|p2b: Moltres|Helping Hand|[of] p2a: Cresselia\n|move|p2b: Moltres|Fiery Wrath|p1b: Dusclops|[spread] p1a,p1b\n|-supereffective|p1b: Dusclops\n|-crit|p1b: Dusclops\n|-damage|p1a: Ursaluna|0 fnt\n|-damage|p1b: Dusclops|0 fnt\n|faint|p1a: Ursaluna\n|faint|p1b: Dusclops\n|\n|upkeep\n|\n|t:|1699848213\n|switch|p1a: Torkoal|Torkoal, L50, F|100\/100\n|-weather|SunnyDay|[from] ability: Drought|[of] p1a: Torkoal\n|turn|3\n|\n|t:|1699848226\n|-terastallize|p1a: Torkoal|Fire\n|move|p2b: Moltres|Protect|p2b: Moltres\n|-singleturn|p2b: Moltres|Protect\n|move|p2a: Cresselia|Lunar Blessing|p2a: Cresselia|[spread] p2a,p2b\n|-heal|p2a: Cresselia|67\/100\n|-heal|p2b: Moltres|74\/100\n|move|p1a: Torkoal|Eruption|p2b: Moltres|[spread] p2a\n|-activate|p2b: Moltres|move: Protect\n|-crit|p2a: Cresselia\n|-damage|p2a: Cresselia|0 fnt\n|faint|p2a: Cresselia\n|\n|-weather|SunnyDay|[upkeep]\n|upkeep\n|\n|t:|1699848241\n|switch|p2a: Ogerpon|Ogerpon-Wellspring, L50, F|100\/100\n|turn|4\n|\n|t:|1699848247\n|-terastallize|p2a: Ogerpon|Water\n|detailschange|p2a: Ogerpon|Ogerpon-Wellspring-Tera, L50, F, tera:Water\n|-ability|p2a: Ogerpon|Embody Aspect (Wellspring)|boost\n|-boost|p2a: Ogerpon|spd|1\n|move|p2a: Ogerpon|Ivy Cudgel|p1a: Torkoal\n|-supereffective|p1a: Torkoal\n|-damage|p1a: Torkoal|53\/100\n|move|p2b: Moltres|Fiery Wrath|p1a: Torkoal\n|-damage|p1a: Torkoal|0 fnt\n|faint|p1a: Torkoal\n|\n|win|Dyrewolf52\n|raw|Shiryu3392's rating: 1211 &rarr; <strong>1192<\/strong><br \/>(-19 for losing)\n|raw|Dyrewolf52's rating: 1289 &rarr; <strong>1308<\/strong><br \/>(+19 for winning)\n","uploadtime":1699848260,"views":23,"p1id":"shiryu3392","p2id":"dyrewolf52","formatid":"gen9vgc2023regulatione","rating":1192,"private":0,"password":""}