{"id":"gen9vgc2023regulatione-1988029601","p1":"H2obama","p2":"Edgo2834","format":"[Gen 9] VGC 2023 Regulation E","log":"|j|\u2606H2obama\n|j|\u2606Edgo2834\n|t:|1699661037\n|gametype|doubles\n|player|p1|H2obama|1|1360\n|player|p2|Edgo2834|lance|1494\n|teamsize|p1|6\n|teamsize|p2|6\n|gen|9\n|tier|[Gen 9] VGC 2023 Regulation E\n|rated|\n|rule|Species Clause: Limit one of each Pok\u00e9mon\n|rule|Item Clause: Limit one of each item\n|clearpoke\n|poke|p1|Weezing, L50, M|\n|poke|p1|Roaring Moon, L50|\n|poke|p1|Arcanine-Hisui, L50, M|\n|poke|p1|Cresselia, L50, F|\n|poke|p1|Ogerpon-Wellspring, L50, F|\n|poke|p1|Corviknight, L50, M|\n|poke|p2|Tornadus, L50, M|\n|poke|p2|Urshifu-*, L50, M|\n|poke|p2|Chi-Yu, L50|\n|poke|p2|Flutter Mane, L50|\n|poke|p2|Amoonguss, L50, F|\n|poke|p2|Iron Hands, L50|\n|teampreview|4\n|inactive|Battle timer is ON: inactive players will automatically lose when time's up. (requested by Edgo2834)\n|\n|t:|1699661082\n|start\n|switch|p1a: Weezing|Weezing, L50, M|100\/100\n|switch|p1b: Ogerpon|Ogerpon-Wellspring, L50, F|100\/100\n|switch|p2a: Flutter Mane|Flutter Mane, L50|100\/100\n|switch|p2b: Iron Hands|Iron Hands, L50|100\/100\n|-ability|p1a: Weezing|Neutralizing Gas\n|turn|1\n|inactive|Edgo2834 has 30 seconds left.\n|inactive|Edgo2834 has 20 seconds left.\n|inactive|Edgo2834 has 15 seconds left.\n|inactive|Edgo2834 has 10 seconds left.\n|\n|t:|1699661129\n|-terastallize|p2a: Flutter Mane|Fairy\n|move|p1b: Ogerpon|Spiky Shield|p1b: Ogerpon\n|-singleturn|p1b: Ogerpon|move: Protect\n|move|p2b: Iron Hands|Fake Out|p1a: Weezing\n|-damage|p1a: Weezing|88\/100\n|move|p2a: Flutter Mane|Moonblast|p1b: Ogerpon\n|-activate|p1b: Ogerpon|move: Protect\n|cant|p1a: Weezing|flinch\n|\n|upkeep\n|turn|2\n|\n|t:|1699661149\n|-end|p2b: Iron Hands|Quark Drive|[silent]\n|switch|p2b: Amoonguss|Amoonguss, L50, F|100\/100\n|-terastallize|p1b: Ogerpon|Water\n|detailschange|p1b: Ogerpon|Ogerpon-Wellspring-Tera, L50, F, tera:Water\n|move|p2a: Flutter Mane|Moonblast|p1b: Ogerpon\n|-damage|p1b: Ogerpon|2\/100\n|move|p1b: Ogerpon|Ivy Cudgel|p2a: Flutter Mane\n|-damage|p2a: Flutter Mane|0 fnt\n|faint|p2a: Flutter Mane\n|-end|p2a: Flutter Mane|Protosynthesis|[silent]\n|move|p1a: Weezing|Will-O-Wisp|p2b: Amoonguss\n|-status|p2b: Amoonguss|brn\n|\n|-damage|p2b: Amoonguss|95\/100 brn|[from] brn\n|upkeep\n|\n|t:|1699661168\n|switch|p2a: Iron Hands|Iron Hands, L50|100\/100\n|turn|3\n|\n|t:|1699661186\n|move|p1b: Ogerpon|Spiky Shield|p1b: Ogerpon\n|-singleturn|p1b: Ogerpon|move: Protect\n|move|p1a: Weezing|Protect|p1a: Weezing\n|-singleturn|p1a: Weezing|Protect\n|move|p2a: Iron Hands|Fake Out|p1a: Weezing\n|-activate|p1a: Weezing|move: Protect\n|move|p2b: Amoonguss|Spore|p1b: Ogerpon\n|-activate|p1b: Ogerpon|move: Protect\n|\n|-damage|p2b: Amoonguss|89\/100 brn|[from] brn\n|upkeep\n|turn|4\n|\n|t:|1699661207\n|-end|p2a: Iron Hands|Quark Drive|[silent]\n|switch|p2a: Chi-Yu|Chi-Yu, L50|100\/100\n|move|p1b: Ogerpon|Ivy Cudgel|p2a: Chi-Yu\n|-supereffective|p2a: Chi-Yu\n|-damage|p2a: Chi-Yu|0 fnt\n|faint|p2a: Chi-Yu\n|move|p1a: Weezing|Taunt|p2b: Amoonguss\n|-start|p2b: Amoonguss|move: Taunt\n|cant|p2b: Amoonguss|move: Taunt|Spore\n|\n|-damage|p2b: Amoonguss|83\/100 brn|[from] brn\n|upkeep\n|-message|Edgo2834 forfeited.\n|\n|win|H2obama\n|raw|H2obama's rating: 1360 &rarr; <strong>1387<\/strong><br \/>(+27 for winning)\n|raw|Edgo2834's rating: 1494 &rarr; <strong>1467<\/strong><br \/>(-27 for losing)\n|l|\u2606Edgo2834\n|c|\u2606H2obama|Why?\n|c|\u2606H2obama|Loool\n","uploadtime":1699661229,"views":22,"p1id":"h2obama","p2id":"edgo2834","formatid":"gen9vgc2023regulatione","rating":1387,"private":0,"password":""}