{"id":"gen9vgc2023regulatione-1990564990","p1":"Lando200547","p2":"DozoLover","format":"[Gen 9] VGC 2023 Regulation E","log":"|j|\u2606Lando200547\n|j|\u2606DozoLover\n|t:|1699981858\n|gametype|doubles\n|player|p1|Lando200547|ingo|1315\n|player|p2|DozoLover|brendan-contest|1212\n|teamsize|p1|6\n|teamsize|p2|6\n|gen|9\n|tier|[Gen 9] VGC 2023 Regulation E\n|rated|\n|rule|Species Clause: Limit one of each Pok\u00e9mon\n|rule|Item Clause: Limit one of each item\n|clearpoke\n|poke|p1|Ursaluna-Bloodmoon, L50, M|\n|poke|p1|Cresselia, L50, F|\n|poke|p1|Iron Hands, L50|\n|poke|p1|Sinistcha, L50|\n|poke|p1|Flutter Mane, L50|\n|poke|p1|Chi-Yu, L50|\n|poke|p2|Lilligant-Hisui, L50, F|\n|poke|p2|Torkoal, L50, F|\n|poke|p2|Basculegion, L50, M|\n|poke|p2|Farigiraf, L50, M|\n|poke|p2|Thundurus, L50, M|\n|poke|p2|Flutter Mane, L50|\n|teampreview|4\n|inactive|Battle timer is ON: inactive players will automatically lose when time's up. (requested by DozoLover)\n|\n|t:|1699981883\n|start\n|switch|p1a: Cresselia|Cresselia, L50, F|100\/100\n|switch|p1b: Chi-Yu|Chi-Yu, L50|100\/100\n|switch|p2a: Torkoal|Torkoal, L50, F|100\/100\n|switch|p2b: Lilligant|Lilligant-Hisui, L50, F|100\/100\n|-ability|p1b: Chi-Yu|Beads of Ruin\n|-weather|SunnyDay|[from] ability: Drought|[of] p2a: Torkoal\n|turn|1\n|\n|t:|1699981902\n|move|p2a: Torkoal|Protect|p2a: Torkoal\n|-singleturn|p2a: Torkoal|Protect\n|move|p2b: Lilligant|Close Combat|p1b: Chi-Yu\n|-supereffective|p1b: Chi-Yu\n|-damage|p1b: Chi-Yu|0 fnt\n|-unboost|p2b: Lilligant|def|1\n|-unboost|p2b: Lilligant|spd|1\n|faint|p1b: Chi-Yu\n|move|p1a: Cresselia|Trick Room|p1a: Cresselia\n|-fieldstart|move: Trick Room|[of] p1a: Cresselia\n|\n|-weather|SunnyDay|[upkeep]\n|upkeep\n|\n|t:|1699981907\n|switch|p1b: Ursaluna|Ursaluna-Bloodmoon, L50, M|100\/100\n|turn|2\n|\n|t:|1699981918\n|-terastallize|p2a: Torkoal|Fire\n|move|p1b: Ursaluna|Protect|p1b: Ursaluna\n|-singleturn|p1b: Ursaluna|Protect\n|move|p2a: Torkoal|Eruption|p1b: Ursaluna|[spread] p1a\n|-activate|p1b: Ursaluna|move: Protect\n|-damage|p1a: Cresselia|47\/100\n|move|p2b: Lilligant|Sleep Powder|p1a: Cresselia\n|-status|p1a: Cresselia|slp|[from] move: Sleep Powder\n|cant|p1a: Cresselia|slp\n|\n|-weather|SunnyDay|[upkeep]\n|upkeep\n|turn|3\n|inactive|DozoLover has 30 seconds left.\n|inactive|DozoLover has 20 seconds left.\n|\n|t:|1699981955\n|move|p2a: Torkoal|Eruption|p1b: Ursaluna|[spread] p1a,p1b\n|-damage|p1a: Cresselia|0 fnt\n|-damage|p1b: Ursaluna|0 fnt\n|faint|p1a: Cresselia\n|faint|p1b: Ursaluna\n|move|p2b: Lilligant|Sleep Powder|p1: Cresselia|[notarget]\n|-fail|p2b: Lilligant\n|\n|-weather|SunnyDay|[upkeep]\n|upkeep\n|-message|Lando200547 forfeited.\n|\n|win|DozoLover\n|raw|Lando200547's rating: 1315 &rarr; <strong>1289<\/strong><br \/>(-26 for losing)\n|raw|DozoLover's rating: 1212 &rarr; <strong>1244<\/strong><br \/>(+32 for winning)\n|l|\u2606Lando200547\n|c|\u2606DozoLover|WAIT LANDEN\n","uploadtime":1699982020,"views":11,"p1id":"lando200547","p2id":"dozolover","formatid":"gen9vgc2023regulatione","rating":1244,"private":0,"password":""}