{"id":"gen9vgc2023regulatione-1990929664","p1":"AshValentineWR","p2":"klorpentine","format":"[Gen 9] VGC 2023 Regulation E","log":"|j|\u2606AshValentineWR\n|j|\u2606klorpentine\n|t:|1700016319\n|gametype|doubles\n|player|p1|AshValentineWR|cynthia-gen4|1181\n|player|p2|klorpentine|blue|1192\n|teamsize|p1|6\n|teamsize|p2|6\n|gen|9\n|tier|[Gen 9] VGC 2023 Regulation E\n|rated|\n|rule|Species Clause: Limit one of each Pok\u00e9mon\n|rule|Item Clause: Limit one of each item\n|clearpoke\n|poke|p1|Mimikyu, L50, F|\n|poke|p1|Arcanine, L50, M|\n|poke|p1|Appletun, L50, F|\n|poke|p1|Iron Hands, L50|\n|poke|p1|Bombirdier, L50, M|\n|poke|p1|Slowbro, L50, M|\n|poke|p2|Tyranitar, L50, M|\n|poke|p2|Amoonguss, L50, F|\n|poke|p2|Arcanine-Hisui, L50, M|\n|poke|p2|Articuno-Galar, L50|\n|poke|p2|Murkrow, L50, M|\n|poke|p2|Milotic, L50, F|\n|teampreview|4\n|inactive|Battle timer is ON: inactive players will automatically lose when time's up. (requested by klorpentine)\nAshValentineWR rejected open team sheets.\n|inactive|klorpentine has 60 seconds left.\n|\n|t:|1700016375\n|start\n|switch|p1a: Mimikyu|Mimikyu, L50, F, shiny|100\/100\n|switch|p1b: Bombirdier|Bombirdier, L50, M|100\/100\n|switch|p2a: Tyranitar|Tyranitar, L50, M|100\/100\n|switch|p2b: Murkrow|Murkrow, L50, M|100\/100\n|-weather|Sandstorm|[from] ability: Sand Stream|[of] p2a: Tyranitar\n|turn|1\n|inactive|AshValentineWR has 30 seconds left.\n|\n|t:|1700016405\n|-terastallize|p1b: Bombirdier|Rock\n|move|p2a: Tyranitar|Stone Edge|p1b: Bombirdier|[miss]\n|-miss|p2a: Tyranitar|p1b: Bombirdier\n|move|p2b: Murkrow|U-turn|p1a: Mimikyu\n|-activate|p1a: Mimikyu|ability: Disguise\n|-damage|p1a: Mimikyu|100\/100\n|detailschange|p1a: Mimikyu|Mimikyu-Busted, L50, F, shiny\n|-damage|p1a: Mimikyu|88\/100|[from] pokemon: Mimikyu-Busted\n|\n|t:|1700016416\n|switch|p2b: Milotic|Milotic, L50, F|100\/100|[from] U-turn\n|move|p1b: Bombirdier|Rock Slide|p2b: Milotic|[spread] p2a,p2b\n|-damage|p2a: Tyranitar|53\/100\n|-damage|p2b: Milotic|47\/100\n|-damage|p1b: Bombirdier|91\/100|[from] item: Life Orb\n|move|p1a: Mimikyu|Trick Room|p1a: Mimikyu\n|-fieldstart|move: Trick Room|[of] p1a: Mimikyu\n|\n|-weather|Sandstorm|[upkeep]\n|-damage|p2b: Milotic|41\/100|[from] Sandstorm\n|-damage|p1a: Mimikyu|82\/100|[from] Sandstorm\n|-heal|p2b: Milotic|47\/100|[from] item: Leftovers\n|upkeep\n|turn|2\n|\n|t:|1700016436\n|move|p2b: Milotic|Life Dew|p2b: Milotic|[spread] p2a,p2b\n|-heal|p2a: Tyranitar|78\/100\n|-heal|p2b: Milotic|72\/100\n|move|p1b: Bombirdier|Rock Slide|p2a: Tyranitar|[spread] p2b\n|-miss|p1b: Bombirdier|p2a: Tyranitar\n|-damage|p2b: Milotic|17\/100\n|-damage|p1b: Bombirdier|81\/100|[from] item: Life Orb\n|move|p1a: Mimikyu|Play Rough|p2a: Tyranitar\n|-supereffective|p2a: Tyranitar\n|-damage|p2a: Tyranitar|0 fnt\n|faint|p2a: Tyranitar\n|\n|-weather|Sandstorm|[upkeep]\n|-damage|p2b: Milotic|11\/100|[from] Sandstorm\n|-damage|p1a: Mimikyu|76\/100|[from] Sandstorm\n|-heal|p2b: Milotic|17\/100|[from] item: Leftovers\n|upkeep\n|\n|t:|1700016447\n|switch|p2a: Arcanine|Arcanine-Hisui, L50, M|100\/100\n|turn|3\n|\n|t:|1700016464\n|-terastallize|p2a: Arcanine|Normal\n|move|p2b: Milotic|Protect|p2b: Milotic\n|-singleturn|p2b: Milotic|Protect\n|move|p1a: Mimikyu|Shadow Sneak|p2a: Arcanine\n|-immune|p2a: Arcanine\n|move|p1b: Bombirdier|Rock Slide|p2a: Arcanine|[spread] p2a\n|-activate|p2b: Milotic|move: Protect\n|-crit|p2a: Arcanine\n|-damage|p2a: Arcanine|4\/100\n|-damage|p1b: Bombirdier|72\/100|[from] item: Life Orb\n|cant|p2a: Arcanine|flinch\n|\n|-weather|Sandstorm|[upkeep]\n|-damage|p2b: Milotic|11\/100|[from] Sandstorm\n|-damage|p1a: Mimikyu|70\/100|[from] Sandstorm\n|-damage|p2a: Arcanine|0 fnt|[from] Sandstorm\n|faint|p2a: Arcanine\n|-heal|p2b: Milotic|17\/100|[from] item: Leftovers\n|upkeep\n|-message|klorpentine forfeited.\n|\n|win|AshValentineWR\n|raw|AshValentineWR's rating: 1181 &rarr; <strong>1207<\/strong><br \/>(+26 for winning)\n|raw|klorpentine's rating: 1192 &rarr; <strong>1166<\/strong><br \/>(-26 for losing)\n|l|\u2606klorpentine\n","uploadtime":1700016483,"views":15,"p1id":"ashvalentinewr","p2id":"klorpentine","formatid":"gen9vgc2023regulatione","rating":1166,"private":0,"password":""}