{"id":"gen9vgc2023regulatione-1989940291","p1":"zizi festif","p2":"Ionontu","format":"[Gen 9] VGC 2023 Regulation E","log":"|j|\u2606zizi festif\n|j|\u2606Ionontu\n|t:|1699908557\n|gametype|doubles\n|player|p1|zizi festif|artist-gen4|1361\n|player|p2|Ionontu|170|1328\n|teamsize|p1|6\n|teamsize|p2|6\n|gen|9\n|tier|[Gen 9] VGC 2023 Regulation E\n|rated|\n|rule|Species Clause: Limit one of each Pok\u00e9mon\n|rule|Item Clause: Limit one of each item\n|clearpoke\n|poke|p1|Urshifu-*, L50, M|\n|poke|p1|Tornadus, L50, M|\n|poke|p1|Regidrago, L50|\n|poke|p1|Rillaboom, L50, F|\n|poke|p1|Arcanine-Hisui, L50, M|\n|poke|p1|Gholdengo, L50|\n|poke|p2|Armarouge, L50, M|\n|poke|p2|Ursaluna, L50, M|\n|poke|p2|Ogerpon-Cornerstone, L50, F|\n|poke|p2|Indeedee-F, L50, F|\n|poke|p2|Enamorus-Therian, L50, F|\n|poke|p2|Oranguru, L50, M|\n|teampreview|4\n|inactive|Battle timer is ON: inactive players will automatically lose when time's up. (requested by Ionontu)\n|inactive|zizi festif also wants the timer to be on.\n|inactive|zizi festif has 60 seconds left.\n|\n|t:|1699908597\n|start\n|switch|p1a: Ding Dong|Regidrago, L50|100\/100\n|switch|p1b: Gholdengo|Gholdengo, L50|100\/100\n|switch|p2a: Indeedee|Indeedee-F, L50, F|100\/100\n|switch|p2b: Oranguru|Oranguru, L50, M|100\/100\n|-fieldstart|move: Psychic Terrain|[from] ability: Psychic Surge|[of] p2a: Indeedee\n|turn|1\n|\n|t:|1699908615\n|move|p1a: Ding Dong|Dragon Energy|p2b: Oranguru|[spread] p2a,p2b\n|-damage|p2a: Indeedee|15\/100\n|-damage|p2b: Oranguru|33\/100\n|move|p1b: Gholdengo|Nasty Plot|p1b: Gholdengo\n|-boost|p1b: Gholdengo|spa|2\n|move|p2a: Indeedee|Dazzling Gleam|p1b: Gholdengo|[spread] p1a,p1b\n|-supereffective|p1a: Ding Dong\n|-resisted|p1b: Gholdengo\n|-damage|p1a: Ding Dong|74\/100\n|-damage|p1b: Gholdengo|94\/100\n|move|p2b: Oranguru|Trick Room|p2b: Oranguru\n|-fieldstart|move: Trick Room|[of] p2b: Oranguru\n|\n|upkeep\n|turn|2\n|\n|t:|1699908634\n|move|p1a: Ding Dong|Protect|p1a: Ding Dong\n|-singleturn|p1a: Ding Dong|Protect\n|move|p2b: Oranguru|Encore|p1b: Gholdengo\n|-immune|p1b: Gholdengo|[from] ability: Good as Gold\n|move|p2a: Indeedee|Dazzling Gleam|p1a: Ding Dong|[spread] p1b\n|-activate|p1a: Ding Dong|move: Protect\n|-resisted|p1b: Gholdengo\n|-damage|p1b: Gholdengo|88\/100\n|move|p1b: Gholdengo|Make It Rain|p2a: Indeedee|[spread] p2a,p2b\n|-damage|p2a: Indeedee|0 fnt\n|-damage|p2b: Oranguru|0 fnt\n|-unboost|p1b: Gholdengo|spa|1\n|faint|p2a: Indeedee\n|faint|p2b: Oranguru\n|\n|upkeep\n|\n|t:|1699908647\n|switch|p2b: Ursaluna|Ursaluna, L50, M|100\/100\n|switch|p2a: Enamorus|Enamorus-Therian, L50, F|100\/100\n|turn|3\n|\n|t:|1699908667\n|switch|p1a: Arcanine|Arcanine-Hisui, L50, M|100\/100\n|-ability|p1a: Arcanine|Intimidate|boost\n|-unboost|p2a: Enamorus|atk|1\n|-unboost|p2b: Ursaluna|atk|1\n|-terastallize|p2a: Enamorus|Fairy\n|-terastallize|p1b: Gholdengo|Dragon\n|move|p2a: Enamorus|Moonblast|p1a: Arcanine\n|-resisted|p1a: Arcanine\n|-damage|p1a: Arcanine|49\/100\n|-enditem|p1a: Arcanine|Sitrus Berry|[eat]\n|-heal|p1a: Arcanine|73\/100|[from] item: Sitrus Berry\n|move|p2b: Ursaluna|Headlong Rush|p1b: Gholdengo\n|-damage|p1b: Gholdengo|43\/100\n|-unboost|p2b: Ursaluna|def|1\n|-unboost|p2b: Ursaluna|spd|1\n|move|p1b: Gholdengo|Make It Rain|p2a: Enamorus|[spread] p2a,p2b\n|-supereffective|p2a: Enamorus\n|-damage|p2a: Enamorus|0 fnt\n|-damage|p2b: Ursaluna|0 fnt\n|-unboost|p1b: Gholdengo|spa|1\n|faint|p2a: Enamorus\n|faint|p2b: Ursaluna\n|\n|win|zizi festif\n|raw|zizi festif's rating: 1361 &rarr; <strong>1379<\/strong><br \/>(+18 for winning)\n|raw|Ionontu's rating: 1328 &rarr; <strong>1310<\/strong><br \/>(-18 for losing)\n|l|\u2606Ionontu\n","uploadtime":1699908697,"views":15,"p1id":"zizifestif","p2id":"ionontu","formatid":"gen9vgc2023regulatione","rating":1310,"private":0,"password":""}