{"id":"gen9vgc2023regulatione-1993127511","p1":"ferritorte","p2":"critcrit2016","format":"[Gen 9] VGC 2023 Regulation E","log":"|j|\u2606ferritorte\n|j|\u2606critcrit2016\n|t:|1700267999\n|gametype|doubles\n|player|p1|ferritorte|elesa|1190\n|player|p2|critcrit2016|richboy|1116\n|teamsize|p1|6\n|teamsize|p2|6\n|gen|9\n|tier|[Gen 9] VGC 2023 Regulation E\n|rated|\n|rule|Species Clause: Limit one of each Pok\u00e9mon\n|rule|Item Clause: Limit one of each item\n|clearpoke\n|poke|p1|Ambipom, L50, F|\n|poke|p1|Sinistcha-Masterpiece, L50|\n|poke|p1|Iron Hands, L50|\n|poke|p1|Munkidori, L50, M|\n|poke|p1|Empoleon, L50, M|\n|poke|p1|Roaring Moon, L50|\n|poke|p2|Amoonguss, L50, M|\n|poke|p2|Zapdos-Galar, L50|\n|poke|p2|Chien-Pao, L50|\n|poke|p2|Landorus-Therian, L50, M|\n|poke|p2|Cresselia, L50, F|\n|poke|p2|Flutter Mane, L50|\n|teampreview|4\n|inactive|Battle timer is ON: inactive players will automatically lose when time's up. (requested by critcrit2016)\n|\n|t:|1700268029\n|start\n|switch|p1a: Empoleon|Empoleon, L50, M|100\/100\n|switch|p1b: Roaring Moon|Roaring Moon, L50|100\/100\n|switch|p2a: Landorus|Landorus-Therian, L50, M|100\/100\n|switch|p2b: Flutter Mane|Flutter Mane, L50|100\/100\n|-ability|p2a: Landorus|Intimidate|boost\n|-unboost|p1a: Empoleon|atk|1\n|-ability|p1a: Empoleon|Competitive|boost\n|-boost|p1a: Empoleon|spa|2\n|-unboost|p1b: Roaring Moon|atk|1\n|-enditem|p2b: Flutter Mane|Booster Energy\n|-activate|p2b: Flutter Mane|ability: Protosynthesis|[fromitem]\n|-start|p2b: Flutter Mane|protosynthesisspe\n|-enditem|p1b: Roaring Moon|Booster Energy\n|-activate|p1b: Roaring Moon|ability: Protosynthesis|[fromitem]\n|-start|p1b: Roaring Moon|protosynthesisspe\n|turn|1\n|inactive|ferritorte has 30 seconds left.\n|inactive|critcrit2016 has 30 seconds left.\n|inactive|critcrit2016 has 20 seconds left.\n|\n|t:|1700268066\n|-terastallize|p2b: Flutter Mane|Fairy\n|-terastallize|p1a: Empoleon|Flying\n|move|p1b: Roaring Moon|Protect|p1b: Roaring Moon\n|-singleturn|p1b: Roaring Moon|Protect\n|move|p2b: Flutter Mane|Dazzling Gleam|p1a: Empoleon|[spread] p1a\n|-activate|p1b: Roaring Moon|move: Protect\n|-damage|p1a: Empoleon|65\/100\n|move|p2a: Landorus|Earthquake|p1a: Empoleon|[spread] p2b\n|-activate|p1b: Roaring Moon|move: Protect\n|-immune|p1a: Empoleon\n|-damage|p2b: Flutter Mane|1\/100\n|move|p1a: Empoleon|Flash Cannon|p2b: Flutter Mane\n|-supereffective|p2b: Flutter Mane\n|-damage|p2b: Flutter Mane|0 fnt\n|faint|p2b: Flutter Mane\n|-end|p2b: Flutter Mane|Protosynthesis|[silent]\n|\n|upkeep\n|\n|t:|1700268083\n|switch|p2b: Chien-Pao|Chien-Pao, L50|100\/100\n|-ability|p2b: Chien-Pao|Sword of Ruin\n|turn|2\n|\n|t:|1700268095\n|move|p1b: Roaring Moon|Dragon Claw|p2b: Chien-Pao\n|-damage|p2b: Chien-Pao|62\/100\n|move|p2b: Chien-Pao|Sacred Sword|p1b: Roaring Moon\n|-supereffective|p1b: Roaring Moon\n|-damage|p1b: Roaring Moon|2\/100\n|move|p2a: Landorus|Rock Slide|p1b: Roaring Moon|[spread] p1a,p1b\n|-supereffective|p1a: Empoleon\n|-crit|p1a: Empoleon\n|-damage|p1a: Empoleon|0 fnt\n|-damage|p1b: Roaring Moon|0 fnt\n|faint|p1a: Empoleon\n|faint|p1b: Roaring Moon\n|-end|p1b: Roaring Moon|Protosynthesis|[silent]\n|\n|upkeep\n|c|\u2606ferritorte|THAT MOTHERFUCKING CRIT\n|\n|t:|1700268115\n|switch|p1b: Iron Hands|Iron Hands, L50|100\/100\n|switch|p1a: Sinistcha|Sinistcha-Masterpiece, L50|100\/100\n|turn|3\n|\n|t:|1700268132\n|move|p1b: Iron Hands|Fake Out|p2a: Landorus\n|-damage|p2a: Landorus|75\/100\n|move|p2b: Chien-Pao|Ice Spinner|p1a: Sinistcha\n|-supereffective|p1a: Sinistcha\n|-damage|p1a: Sinistcha|3\/100\n|cant|p2a: Landorus|flinch\n|move|p1a: Sinistcha|Matcha Gotcha|p2a: Landorus|[spread] p2a\n|-miss|p1a: Sinistcha|p2b: Chien-Pao\n|-damage|p2a: Landorus|55\/100\n|-heal|p1a: Sinistcha|12\/100|[from] drain|[of] p2a: Landorus\n|\n|-heal|p1a: Sinistcha|18\/100|[from] item: Leftovers\n|upkeep\n|turn|4\n|\n|t:|1700268155\n|move|p2b: Chien-Pao|Ice Spinner|p1b: Iron Hands\n|-damage|p1b: Iron Hands|69\/100\n|move|p2a: Landorus|Earthquake|p1b: Iron Hands|[spread] p2b,p1a,p1b\n|-crit|p2b: Chien-Pao\n|-resisted|p1a: Sinistcha\n|-supereffective|p1b: Iron Hands\n|-damage|p2b: Chien-Pao|0 fnt\n|-damage|p1a: Sinistcha|0 fnt\n|-damage|p1b: Iron Hands|0 fnt\n|faint|p2b: Chien-Pao\n|faint|p1a: Sinistcha\n|faint|p1b: Iron Hands\n|-end|p1b: Iron Hands|Quark Drive|[silent]\n|\n|win|critcrit2016\n|raw|ferritorte's rating: 1190 &rarr; <strong>1160<\/strong><br \/>(-30 for losing)\n|raw|critcrit2016's rating: 1116 &rarr; <strong>1146<\/strong><br \/>(+30 for winning)\n","uploadtime":1700268114,"views":9,"p1id":"ferritorte","p2id":"critcrit2016","formatid":"gen9vgc2023regulatione","rating":1146,"private":0,"password":""}