{"id":"gen9vgc2023regulatione-2000231257","p1":"777777i","p2":"prophetblack","format":"[Gen 9] VGC 2023 Regulation E","log":"|j|\u2606777777i\n|j|\u2606prophetblack\n|t:|1701175279\n|gametype|doubles\n|player|p1|777777i|170|1197\n|player|p2|prophetblack|hilda|1194\n|teamsize|p1|6\n|teamsize|p2|6\n|gen|9\n|tier|[Gen 9] VGC 2023 Regulation E\n|rated|\n|rule|Species Clause: Limit one of each Pok\u00e9mon\n|rule|Item Clause: Limit one of each item\n|clearpoke\n|poke|p1|Ogerpon-Wellspring, L50, F|\n|poke|p1|Flutter Mane, L50|\n|poke|p1|Chi-Yu, L50|\n|poke|p1|Chien-Pao, L50|\n|poke|p1|Urshifu-*, L50, F|\n|poke|p1|Tornadus, L50, M|\n|poke|p2|Rillaboom, L50, M|\n|poke|p2|Urshifu-*, L50, M|\n|poke|p2|Heatran, L50, F|\n|poke|p2|Landorus-Therian, L50, M|\n|poke|p2|Roaring Moon, L50|\n|poke|p2|Weezing, L50, F|\n|teampreview|4\n|inactive|Battle timer is ON: inactive players will automatically lose when time's up. (requested by prophetblack)\n|\n|t:|1701175305\n|start\n|switch|p1a: Tornadus|Tornadus, L50, M|100\/100\n|switch|p1b: Ogerpon|Ogerpon-Wellspring, L50, F|100\/100\n|switch|p2a: Landorus|Landorus-Therian, L50, M|100\/100\n|switch|p2b: Rillaboom|Rillaboom, L50, M|100\/100\n|-ability|p2a: Landorus|Intimidate|boost\n|-unboost|p1a: Tornadus|atk|1\n|-unboost|p1b: Ogerpon|atk|1\n|-fieldstart|move: Grassy Terrain|[from] ability: Grassy Surge|[of] p2b: Rillaboom\n|turn|1\n|inactive|777777i has 30 seconds left.\n|inactive|prophetblack has 30 seconds left.\n|\n|t:|1701175336\n|-terastallize|p2a: Landorus|Flying\n|move|p2a: Landorus|Tera Blast|p1b: Ogerpon|[anim] Tera Blast Flying\n|-supereffective|p1b: Ogerpon\n|-damage|p1b: Ogerpon|0 fnt\n|faint|p1b: Ogerpon\n|move|p1a: Tornadus|Bleakwind Storm|p2b: Rillaboom|[spread] p2a,p2b\n|-supereffective|p2b: Rillaboom\n|-damage|p2a: Landorus|62\/100\n|-damage|p2b: Rillaboom|63\/100\n|-unboost|p2a: Landorus|spe|1\n|-unboost|p2b: Rillaboom|spe|1\n|move|p2b: Rillaboom|U-turn|p1a: Tornadus\n|-resisted|p1a: Tornadus\n|-damage|p1a: Tornadus|88\/100\n|-message|777777i forfeited.\n|\n|win|prophetblack\n|raw|777777i's rating: 1197 &rarr; <strong>1172<\/strong><br \/>(-25 for losing)\n|raw|prophetblack's rating: 1194 &rarr; <strong>1219<\/strong><br \/>(+25 for winning)\n|l|\u2606777777i\n","uploadtime":1701175355,"views":5,"p1id":"777777i","p2id":"prophetblack","formatid":"gen9vgc2023regulatione","rating":1172,"private":0,"password":""}