{"id":"gen9vgc2023regulatione-1994311060","p1":"Lbbones","p2":"9nateon","format":"[Gen 9] VGC 2023 Regulation E","log":"|j|\u2606Lbbones\n|j|\u26069nateon\n|t:|1700429770\n|gametype|doubles\n|player|p1|Lbbones|102|1105\n|player|p2|9nateon|ingo|1048\n|teamsize|p1|6\n|teamsize|p2|6\n|gen|9\n|tier|[Gen 9] VGC 2023 Regulation E\n|rated|\n|rule|Species Clause: Limit one of each Pok\u00e9mon\n|rule|Item Clause: Limit one of each item\n|clearpoke\n|poke|p1|Tornadus, L50, M|\n|poke|p1|Mamoswine, L50, F|\n|poke|p1|Flutter Mane, L50|\n|poke|p1|Chi-Yu, L50|\n|poke|p1|Ogerpon-Wellspring, L50, F|\n|poke|p1|Iron Hands, L50|\n|poke|p2|Skeledirge, L50, M|\n|poke|p2|Meowscarada, L50, F|\n|poke|p2|Hydreigon, L50, F|\n|poke|p2|Kingambit, L50, F|\n|poke|p2|Annihilape, L50, M|\n|poke|p2|Amoonguss, L50, F|\n|teampreview|4\n|\n|t:|1700429810\n|start\n|switch|p1a: Tornadus|Tornadus, L50, M|100\/100\n|switch|p1b: Chi-Yu|Chi-Yu, L50|100\/100\n|switch|p2a: Skeledirge|Skeledirge, L50, M|100\/100\n|switch|p2b: Hydreigon|Hydreigon, L50, F|100\/100\n|-ability|p1b: Chi-Yu|Beads of Ruin\n|turn|1\n|\n|t:|1700429837\n|move|p1a: Tornadus|Tailwind|p1a: Tornadus\n|-sidestart|p1: Lbbones|move: Tailwind\n|move|p1b: Chi-Yu|Psychic|p2b: Hydreigon\n|-immune|p2b: Hydreigon\n|move|p2b: Hydreigon|Tailwind|p2b: Hydreigon\n|-sidestart|p2: 9nateon|move: Tailwind\n|move|p2a: Skeledirge|Torch Song|p1a: Tornadus\n|-damage|p1a: Tornadus|47\/100\n|-boost|p2a: Skeledirge|spa|1\n|\n|upkeep\n|turn|2\n|\n|t:|1700429856\n|move|p1b: Chi-Yu|Dark Pulse|p2a: Skeledirge\n|-supereffective|p2a: Skeledirge\n|-damage|p2a: Skeledirge|10\/100\n|move|p2b: Hydreigon|Draco Meteor|p1b: Chi-Yu\n|-damage|p1b: Chi-Yu|11\/100\n|-unboost|p2b: Hydreigon|spa|2\n|-damage|p2b: Hydreigon|91\/100|[from] item: Life Orb\n|move|p1a: Tornadus|Bleakwind Storm|p2b: Hydreigon|[spread] p2a\n|-miss|p1a: Tornadus|p2b: Hydreigon\n|-damage|p2a: Skeledirge|0 fnt\n|faint|p2a: Skeledirge\n|\n|-heal|p1b: Chi-Yu|16\/100|[from] item: Leftovers\n|upkeep\n|\n|t:|1700429874\n|switch|p2a: Amoonguss|Amoonguss, L50, F, shiny|100\/100\n|turn|3\n|\n|t:|1700429891\n|move|p1b: Chi-Yu|Heat Wave|p2b: Hydreigon|[spread] p2a,p2b\n|-supereffective|p2a: Amoonguss\n|-resisted|p2b: Hydreigon\n|-damage|p2a: Amoonguss|40\/100\n|-damage|p2b: Hydreigon|65\/100\n|move|p2b: Hydreigon|Draco Meteor|p1a: Tornadus|[miss]\n|-miss|p2b: Hydreigon|p1a: Tornadus\n|move|p1a: Tornadus|Bleakwind Storm|p2a: Amoonguss|[spread] p2a,p2b\n|-supereffective|p2a: Amoonguss\n|-crit|p2a: Amoonguss\n|-damage|p2a: Amoonguss|0 fnt\n|-damage|p2b: Hydreigon|15\/100\n|faint|p2a: Amoonguss\n|\n|-heal|p1b: Chi-Yu|22\/100|[from] item: Leftovers\n|upkeep\n|\n|t:|1700429905\n|switch|p2a: Meowscarada|Meowscarada, L50, F|100\/100\n|turn|4\n|\n|t:|1700429914\n|move|p2a: Meowscarada|Knock Off|p1a: Tornadus\n|-damage|p1a: Tornadus|6\/100\n|-enditem|p1a: Tornadus|Covert Cloak|[from] move: Knock Off|[of] p2a: Meowscarada\n|move|p1b: Chi-Yu|Heat Wave|p2a: Meowscarada|[spread] p2a,p2b\n|-supereffective|p2a: Meowscarada\n|-resisted|p2b: Hydreigon\n|-enditem|p2a: Meowscarada|Focus Sash\n|-damage|p2a: Meowscarada|1\/100\n|-damage|p2b: Hydreigon|0 fnt\n|faint|p2b: Hydreigon\n|move|p1a: Tornadus|Bleakwind Storm|p2a: Meowscarada\n|-supereffective|p2a: Meowscarada\n|-damage|p2a: Meowscarada|0 fnt\n|faint|p2a: Meowscarada\n|\n|win|Lbbones\n|raw|Lbbones's rating: 1105 &rarr; <strong>1126<\/strong><br \/>(+21 for winning)\n|raw|9nateon's rating: 1048 &rarr; <strong>1034<\/strong><br \/>(-14 for losing)\n|l|\u26069nateon\n","uploadtime":1700429931,"views":5,"p1id":"lbbones","p2id":"9nateon","formatid":"gen9vgc2023regulatione","rating":1034,"private":0,"password":""}