{"id":"gen9vgc2023regulatione-1987897620","p1":"Vitalis24","p2":"pokehugov","format":"[Gen 9] VGC 2023 Regulation E","log":"|j|\u2606Vitalis24\n|j|\u2606pokehugov\n|t:|1699647036\n|gametype|doubles\n|player|p1|Vitalis24|ethan|1476\n|player|p2|pokehugov|1|1387\n|teamsize|p1|6\n|teamsize|p2|6\n|gen|9\n|tier|[Gen 9] VGC 2023 Regulation E\n|rated|\n|rule|Species Clause: Limit one of each Pok\u00e9mon\n|rule|Item Clause: Limit one of each item\n|clearpoke\n|poke|p1|Heatran, L50, M|\n|poke|p1|Ogerpon-Wellspring, L50, F|\n|poke|p1|Indeedee-F, L50, F|\n|poke|p1|Flutter Mane, L50|\n|poke|p1|Landorus-Therian, L50, M|\n|poke|p1|Urshifu-*, L50, F|\n|poke|p2|Urshifu-*, L50, F|\n|poke|p2|Armarouge, L50, M|\n|poke|p2|Indeedee-F, L50, F|\n|poke|p2|Chien-Pao, L50|\n|poke|p2|Ursaluna-Bloodmoon, L50, M|\n|poke|p2|Zapdos-Galar, L50|\n|teampreview|4\n|inactive|Battle timer is ON: inactive players will automatically lose when time's up. (requested by pokehugov)\n|\n|t:|1699647081\n|start\n|switch|p1a: Flutter Mane|Flutter Mane, L50|100\/100\n|switch|p1b: Indeedee|Indeedee-F, L50, F|100\/100\n|switch|p2a: Urshifu|Urshifu-Rapid-Strike, L50, F|100\/100\n|switch|p2b: Armarouge|Armarouge, L50, M|100\/100\n|-fieldstart|move: Psychic Terrain|[from] ability: Psychic Surge|[of] p1b: Indeedee\n|-enditem|p1a: Flutter Mane|Booster Energy\n|-activate|p1a: Flutter Mane|ability: Protosynthesis|[fromitem]\n|-start|p1a: Flutter Mane|protosynthesisspa\n|turn|1\n|inactive|pokehugov has 30 seconds left.\n|inactive|pokehugov has 20 seconds left.\n|inactive|pokehugov has 15 seconds left.\n|\n|t:|1699647123\n|move|p2b: Armarouge|Protect|p2b: Armarouge\n|-singleturn|p2b: Armarouge|Protect\n|move|p1b: Indeedee|Follow Me|p1b: Indeedee\n|-singleturn|p1b: Indeedee|move: Follow Me\n|move|p2a: Urshifu|Aqua Jet|p1b: Indeedee\n|-activate|p1b: Indeedee|move: Psychic Terrain\n|move|p1a: Flutter Mane|Shadow Ball|p2b: Armarouge\n|-activate|p2b: Armarouge|move: Protect\n|\n|upkeep\n|turn|2\n|inactive|Vitalis24 has 30 seconds left.\n|\n|t:|1699647154\n|switch|p2a: Indeedee|Indeedee-F, L50, F|100\/100\n|-terastallize|p2b: Armarouge|Dark\n|move|p1b: Indeedee|Follow Me|p1b: Indeedee\n|-singleturn|p1b: Indeedee|move: Follow Me\n|move|p1a: Flutter Mane|Dazzling Gleam|p2a: Indeedee|[spread] p2a,p2b\n|-crit|p2a: Indeedee\n|-supereffective|p2b: Armarouge\n|-damage|p2a: Indeedee|34\/100\n|-damage|p2b: Armarouge|0 fnt\n|faint|p2b: Armarouge\n|\n|upkeep\n|\n|t:|1699647165\n|switch|p2b: Urshifu|Urshifu-Rapid-Strike, L50, F|100\/100\n|turn|3\n|\n|t:|1699647179\n|switch|p2a: Ursaluna|Ursaluna-Bloodmoon, L50, M|100\/100\n|-terastallize|p1a: Flutter Mane|Water\n|move|p2b: Urshifu|Surging Strikes|p1a: Flutter Mane\n|-resisted|p1a: Flutter Mane\n|-crit|p1a: Flutter Mane\n|-damage|p1a: Flutter Mane|83\/100\n|-resisted|p1a: Flutter Mane\n|-crit|p1a: Flutter Mane\n|-damage|p1a: Flutter Mane|66\/100\n|-resisted|p1a: Flutter Mane\n|-crit|p1a: Flutter Mane\n|-damage|p1a: Flutter Mane|47\/100\n|-hitcount|p1a: Flutter Mane|3\n|move|p1a: Flutter Mane|Dazzling Gleam|p2b: Urshifu|[spread] p2a,p2b\n|-supereffective|p2b: Urshifu\n|-damage|p2a: Ursaluna|56\/100\n|-damage|p2b: Urshifu|0 fnt\n|faint|p2b: Urshifu\n|move|p1b: Indeedee|Psychic|p2a: Ursaluna\n|-damage|p2a: Ursaluna|15\/100\n|-unboost|p2a: Ursaluna|spd|1\n|\n|upkeep\n|\n|t:|1699647199\n|switch|p2b: Indeedee|Indeedee-F, L50, F|34\/100\n|turn|4\n|\n|t:|1699647217\n|move|p2b: Indeedee|Follow Me|p2b: Indeedee\n|-singleturn|p2b: Indeedee|move: Follow Me\n|move|p1a: Flutter Mane|Dazzling Gleam|p2b: Indeedee|[spread] p2a,p2b\n|-damage|p2a: Ursaluna|0 fnt\n|-damage|p2b: Indeedee|0 fnt\n|faint|p2a: Ursaluna\n|faint|p2b: Indeedee\n|\n|win|Vitalis24\n|raw|Vitalis24's rating: 1476 &rarr; <strong>1491<\/strong><br \/>(+15 for winning)\n|raw|pokehugov's rating: 1387 &rarr; <strong>1372<\/strong><br \/>(-15 for losing)\n","uploadtime":1699647230,"views":15,"p1id":"vitalis24","p2id":"pokehugov","formatid":"gen9vgc2023regulatione","rating":1372,"private":0,"password":""}