{"id":"gen9vgc2023regulatione-2000260671","p1":"yunaker","p2":"vivamaxben10inches","format":"[Gen 9] VGC 2023 Regulation E","log":"|j|\u2606yunaker\n|j|\u2606vivamaxben10inches\n|t:|1701178740\n|gametype|doubles\n|player|p1|yunaker|elesa-masters|1409\n|player|p2|vivamaxben10inches|101|1480\n|teamsize|p1|6\n|teamsize|p2|6\n|gen|9\n|tier|[Gen 9] VGC 2023 Regulation E\n|rated|\n|rule|Species Clause: Limit one of each Pok\u00e9mon\n|rule|Item Clause: Limit one of each item\n|clearpoke\n|poke|p1|Tornadus, L50, M|\n|poke|p1|Arcanine-Hisui, L50, F|\n|poke|p1|Gholdengo, L50|\n|poke|p1|Urshifu-*, L50, F|\n|poke|p1|Iron Hands, L50|\n|poke|p1|Amoonguss, L50, F|\n|poke|p2|Regidrago, L50|\n|poke|p2|Indeedee-F, L50, F|\n|poke|p2|Armarouge, L50, M|\n|poke|p2|Ursaluna, L50, F|\n|poke|p2|Torkoal, L50, F|\n|poke|p2|Lilligant-Hisui, L50, F|\n|teampreview|4\n|c|\u2606vivamaxben10inches|hello again\n|\n|t:|1701178778\n|start\n|switch|p1a: Tornadus|Tornadus, L50, M|100\/100\n|switch|p1b: Arcanine|Arcanine-Hisui, L50, F, shiny|100\/100\n|switch|p2a: Regidrago|Regidrago, L50|100\/100\n|switch|p2b: Indeedee|Indeedee-F, L50, F|100\/100\n|-ability|p1b: Arcanine|Intimidate|boost\n|-unboost|p2a: Regidrago|atk|1\n|-unboost|p2b: Indeedee|atk|1\n|-fieldstart|move: Psychic Terrain|[from] ability: Psychic Surge|[of] p2b: Indeedee\n|turn|1\n|\n|t:|1701178808\n|-terastallize|p1b: Arcanine|Fairy\n|move|p1a: Tornadus|Tailwind|p1a: Tornadus\n|-sidestart|p1: yunaker|move: Tailwind\n|move|p1b: Arcanine|Head Smash|p2b: Indeedee|[miss]\n|-miss|p1b: Arcanine|p2b: Indeedee\n|move|p2a: Regidrago|Earth Power|p1b: Arcanine\n|-damage|p1b: Arcanine|65\/100\n|move|p2b: Indeedee|Trick Room|p2b: Indeedee\n|-fieldstart|move: Trick Room|[of] p2b: Indeedee\n|\n|upkeep\n|turn|2\n|-message|yunaker forfeited.\n|\n|win|vivamaxben10inches\n|raw|yunaker's rating: 1409 &rarr; <strong>1393<\/strong><br \/>(-16 for losing)\n|raw|vivamaxben10inches's rating: 1480 &rarr; <strong>1496<\/strong><br \/>(+16 for winning)\n|c|\u2606vivamaxben10inches|ahahaha\n|c|\u2606yunaker|\ud83e\udee0\n|c|\u2606yunaker|See you when we queue again\n|c|\u2606vivamaxben10inches|you wanna bo3\n|j| sujowoodo\n|c|\u2606yunaker|i can do 1 yes\n|c|\u2606yunaker|challenge me\n|c|\u2606vivamaxben10inches|gotchu\n|l|\u2606yunaker\n","uploadtime":1701179740,"views":15,"p1id":"yunaker","p2id":"vivamaxben10inches","formatid":"gen9vgc2023regulatione","rating":1393,"private":0,"password":""}