{"id":"gen9vgc2023regulatione-1999939056","p1":"E.E.E Guzma","p2":"sexy zexy","format":"[Gen 9] VGC 2023 Regulation E","log":"|j|\u2606E.E.E Guzma\n|j|\u2606sexy zexy\n|t:|1701132363\n|gametype|doubles\n|player|p1|E.E.E Guzma|guzma|1321\n|player|p2|sexy zexy|101|1333\n|teamsize|p1|6\n|teamsize|p2|6\n|gen|9\n|tier|[Gen 9] VGC 2023 Regulation E\n|rated|\n|rule|Species Clause: Limit one of each Pok\u00e9mon\n|rule|Item Clause: Limit one of each item\n|clearpoke\n|poke|p1|Chi-Yu, L50|\n|poke|p1|Tornadus, L50, M|\n|poke|p1|Ogerpon-Wellspring, L50, F|\n|poke|p1|Iron Bundle, L50|\n|poke|p1|Indeedee-F, L50, F|\n|poke|p1|Flutter Mane, L50|\n|poke|p2|Chien-Pao, L50|\n|poke|p2|Dragonite, L50, F|\n|poke|p2|Farigiraf, L50, M|\n|poke|p2|Heatran, L50, M|\n|poke|p2|Rillaboom, L50, F|\n|poke|p2|Urshifu-*, L50, F|\n|teampreview|4\n|inactive|Battle timer is ON: inactive players will automatically lose when time's up. (requested by E.E.E Guzma)\nsexy zexy has agreed to open team sheets.\n|inactive|sexy zexy has 60 seconds left.\n|\n|t:|1701132395\n|start\n|switch|p1a: Iron Bundle|Iron Bundle, L50|100\/100\n|switch|p1b: Chi-Yu|Chi-Yu, L50|100\/100\n|switch|p2a: TITAN|Rillaboom, L50, F|100\/100\n|switch|p2b: LEVIATHAN|Urshifu-Rapid-Strike, L50, F|100\/100\n|-ability|p1b: Chi-Yu|Beads of Ruin\n|-fieldstart|move: Grassy Terrain|[from] ability: Grassy Surge|[of] p2a: TITAN\n|-enditem|p1a: Iron Bundle|Booster Energy\n|-activate|p1a: Iron Bundle|ability: Quark Drive|[fromitem]\n|-start|p1a: Iron Bundle|quarkdrivespe\n|turn|1\n|\n|t:|1701132409\n|-terastallize|p1a: Iron Bundle|Ghost\n|-terastallize|p2a: TITAN|Grass\n|move|p2a: TITAN|Grassy Glide|p1a: Iron Bundle\n|-damage|p1a: Iron Bundle|32\/100\n|move|p1a: Iron Bundle|Freeze-Dry|p2b: LEVIATHAN\n|-supereffective|p2b: LEVIATHAN\n|-damage|p2b: LEVIATHAN|0 fnt\n|faint|p2b: LEVIATHAN\n|move|p1b: Chi-Yu|Heat Wave|p2a: TITAN\n|-supereffective|p2a: TITAN\n|-damage|p2a: TITAN|0 fnt\n|faint|p2a: TITAN\n|-damage|p1b: Chi-Yu|91\/100|[from] item: Life Orb\n|\n|-heal|p1a: Iron Bundle|38\/100|[from] Grassy Terrain\n|-heal|p1b: Chi-Yu|96\/100|[from] Grassy Terrain\n|upkeep\n|\n|t:|1701132425\n|switch|p2b: BAHAMUT|Dragonite, L50, F|100\/100\n|switch|p2a: SHIVA|Chien-Pao, L50|100\/100\n|-ability|p2a: SHIVA|Sword of Ruin\n|turn|2\n|\n|t:|1701132431\n|switch|p1b: Indeedee|Indeedee-F, L50, F|100\/100\n|-fieldstart|move: Psychic Terrain|[from] ability: Psychic Surge|[of] p1b: Indeedee\n|-enditem|p1b: Indeedee|Psychic Seed\n|-boost|p1b: Indeedee|spd|1|[from] item: Psychic Seed\n|move|p2b: BAHAMUT|Extreme Speed|p1b: Indeedee\n|-activate|p1b: Indeedee|move: Psychic Terrain\n|move|p2a: SHIVA|Sucker Punch|p1a: Iron Bundle\n|-activate|p1a: Iron Bundle|move: Psychic Terrain\n|move|p1a: Iron Bundle|Icy Wind|p2a: SHIVA|[spread] p2a,p2b\n|-resisted|p2a: SHIVA\n|-supereffective|p2b: BAHAMUT\n|-damage|p2a: SHIVA|86\/100\n|-damage|p2b: BAHAMUT|40\/100\n|-unboost|p2a: SHIVA|spe|1\n|-unboost|p2b: BAHAMUT|spe|1\n|\n|upkeep\n|turn|3\n|-message|sexy zexy forfeited.\n|\n|win|E.E.E Guzma\n|raw|E.E.E Guzma's rating: 1321 &rarr; <strong>1342<\/strong><br \/>(+21 for winning)\n|raw|sexy zexy's rating: 1333 &rarr; <strong>1312<\/strong><br \/>(-21 for losing)\n","uploadtime":1701132448,"views":15,"p1id":"eeeguzma","p2id":"sexyzexy","formatid":"gen9vgc2023regulatione","rating":1312,"private":0,"password":""}