{"id":"gen9vgc2023regulatione-1995882797","p1":"Eleisson4","p2":"Tenken11","format":"[Gen 9] VGC 2023 Regulation E","log":"|j|\u2606Eleisson4\n|j|\u2606Tenken11\n|n|\u2606Eleisson4|eleisson4\n|n|\u2606Tenken11|tenken11\n|html|View the match progress at <a href=\"\/game-bestof3-gen9vgc2023regulatione-1995882796\">game-bestof3-gen9vgc2023regulatione-1995882796<\/a>\n|t:|1700613210\n|gametype|doubles\n|player|p1|Eleisson4|169|\n|player|p2|Tenken11|266|\n|teamsize|p1|6\n|teamsize|p2|6\n|gen|9\n|tier|[Gen 9] VGC 2023 Regulation E\n|rule|Species Clause: Limit one of each Pok\u00e9mon\n|rule|Item Clause: Limit one of each item\n|clearpoke\n|poke|p1|Iron Hands, L50|\n|poke|p1|Flutter Mane, L50|\n|poke|p1|Heatran, L50, F|\n|poke|p1|Chien-Pao, L50|\n|poke|p1|Ogerpon-Wellspring, L50, F|\n|poke|p1|Amoonguss, L50, F|\n|poke|p2|Clefairy, L50, M|\n|poke|p2|Cetitan, L50, F|\n|poke|p2|Kommo-o, L50, F|\n|poke|p2|Sinistcha-Masterpiece, L50|\n|poke|p2|Landorus-Therian, L50, M|\n|poke|p2|Rillaboom, L50, F|\n|teampreview|4\nTenken11 has agreed to open team sheets.\nEleisson4 has agreed to open team sheets.\n|showteam|p1|Iron Hands||BoosterEnergy|QuarkDrive|SwordsDance,IcePunch,WildCharge,DrainPunch||||||50|,,,,,Ground]Flutter Mane||ChoiceSpecs|Protosynthesis|MysticalFire,ShadowBall,DazzlingGleam,PowerGem||||||50|,,,,,Fairy]Heatran||SitrusBerry|FlashFire|HeatWave,FlashCannon,EarthPower,Protect|||F|||50|,,,,,Grass]Chien-Pao||FocusSash|SwordofRuin|IceSpinner,SuckerPunch,PsychicFangs,Protect||||||50|,,,,,Ghost]Ogerpon-Wellspring||WellspringMask|WaterAbsorb|IvyCudgel,HornLeech,Taunt,SpikyShield|||F|||50|,,,,,Water]Amoonguss||AguavBerry|Regenerator|Spore,RagePowder,PollenPuff,ClearSmog|||F|||50|,,,,,Water\n|showteam|p2|Clefairy||Eviolite|FriendGuard|FollowMe,HealPulse,HelpingHand,Protect|||M|||50|,,,,,Dark]Cetitan||SitrusBerry|ThickFat|Liquidation,IceShard,BellyDrum,Protect|||F|||50|,,,,,Water]Kommo-o||ThroatSpray|Overcoat|ClangingScales,FlashCannon,ClangorousSoul,Protect|||F|||50|,,,,,Steel]Sinistcha-Masterpiece||WideLens|Hospitality|MatchaGotcha,StrengthSap,RagePowder,TrickRoom||||||50|,,,,,Fire]Landorus-Therian||ChoiceScarf|Intimidate|StompingTantrum,TeraBlast,RockSlide,Uturn|||M|||50|,,,,,Flying]Rillaboom||AssaultVest|GrassySurge|WoodHammer,GrassyGlide,Uturn,FakeOut|||F|||50|,,,,,Fire\n|c|\u2606Tenken11|suerte!\n|inactive|Battle timer is ON: inactive players will automatically lose when time's up. (requested by Tenken11)\n|c|\u2606Eleisson4|gracias\n|c|\u2606Eleisson4|igualmente\n|\n|t:|1700613255\n|start\n|switch|p1a: Iron Hands|Iron Hands, L50, shiny|100\/100\n|switch|p1b: Heatran|Heatran, L50, F, shiny|100\/100\n|switch|p2a: Clefairy|Clefairy, L50, M|100\/100\n|switch|p2b: Cetitan|Cetitan, L50, F|100\/100\n|-enditem|p1a: Iron Hands|Booster Energy\n|-activate|p1a: Iron Hands|ability: Quark Drive|[fromitem]\n|-start|p1a: Iron Hands|quarkdriveatk\n|turn|1\n|inactive|Eleisson4 has 30 seconds left.\n|\n|t:|1700613290\n|-terastallize|p2b: Cetitan|Water\n|move|p2a: Clefairy|Follow Me|p2a: Clefairy\n|-singleturn|p2a: Clefairy|move: Follow Me\n|move|p1b: Heatran|Flash Cannon|p2a: Clefairy\n|-supereffective|p2a: Clefairy\n|-damage|p2a: Clefairy|26\/100\n|move|p2b: Cetitan|Belly Drum|p2b: Cetitan\n|-damage|p2b: Cetitan|50\/100\n|-setboost|p2b: Cetitan|atk|6|[from] move: Belly Drum\n|-enditem|p2b: Cetitan|Sitrus Berry|[eat]\n|-heal|p2b: Cetitan|75\/100|[from] item: Sitrus Berry\n|move|p1a: Iron Hands|Swords Dance|p1a: Iron Hands\n|-boost|p1a: Iron Hands|atk|2\n|\n|upkeep\n|turn|2\n|inactive|Eleisson4 has 30 seconds left.\n|inactive|Eleisson4 has 20 seconds left.\n|inactive|Eleisson4 has 15 seconds left.\n|\n|t:|1700613334\n|move|p2a: Clefairy|Follow Me|p2a: Clefairy\n|-singleturn|p2a: Clefairy|move: Follow Me\n|move|p1b: Heatran|Flash Cannon|p2a: Clefairy\n|-supereffective|p2a: Clefairy\n|-damage|p2a: Clefairy|0 fnt\n|faint|p2a: Clefairy\n|move|p2b: Cetitan|Liquidation|p1a: Iron Hands\n|-damage|p1a: Iron Hands|10\/100\n|move|p1a: Iron Hands|Wild Charge|p2b: Cetitan\n|-supereffective|p2b: Cetitan\n|-damage|p2b: Cetitan|0 fnt\n|faint|p2b: Cetitan\n|-damage|p1a: Iron Hands|0 fnt|[from] Recoil\n|faint|p1a: Iron Hands\n|-end|p1a: Iron Hands|Quark Drive|[silent]\n|\n|upkeep\n|\n|t:|1700613348\n|switch|p2b: Sinistcha|Sinistcha-Masterpiece, L50|100\/100\n|switch|p1a: Chien-Pao|Chien-Pao, L50|100\/100\n|switch|p2a: Rillaboom|Rillaboom, L50, F|100\/100\n|-ability|p1a: Chien-Pao|Sword of Ruin\n|-fieldstart|move: Grassy Terrain|[from] ability: Grassy Surge|[of] p2a: Rillaboom\n|turn|3\n|\n|t:|1700613365\n|move|p2a: Rillaboom|Fake Out|p1b: Heatran\n|-resisted|p1b: Heatran\n|-damage|p1b: Heatran|91\/100\n|move|p1a: Chien-Pao|Ice Spinner|p2a: Rillaboom\n|-supereffective|p2a: Rillaboom\n|-damage|p2a: Rillaboom|0 fnt\n|-fieldend|move: Grassy Terrain\n|faint|p2a: Rillaboom\n|cant|p1b: Heatran|flinch\n|move|p2b: Sinistcha|Matcha Gotcha|p1a: Chien-Pao|[spread] \n|-miss|p2b: Sinistcha|p1a: Chien-Pao\n|-miss|p2b: Sinistcha|p1b: Heatran\n|\n|upkeep\n|turn|4\n|-message|Tenken11 forfeited.\n|\n|win|Eleisson4\n|c|&|\/uhtml prompt-tenken11,Tenken11 is ready for game 2!\n|c|&|\/uhtml prompt-eleisson4,Eleisson4 is ready for game 2!\nBoth players are ready! Starting next match!\n|l|\u2606Eleisson4\n","uploadtime":1700614232,"views":15,"p1id":"eleisson4","p2id":"tenken11","formatid":"gen9vgc2023regulatione","rating":0,"private":0,"password":""}