{"id":"gen9vgc2023regulatione-1988614924","p1":"Steakman5","p2":"testling","format":"[Gen 9] VGC 2023 Regulation E","log":"|j|\u2606Steakman5\n|j|\u2606testling\n|t:|1699742192\n|gametype|doubles\n|player|p1|Steakman5|acetrainer|1190\n|player|p2|testling|266|1264\n|teamsize|p1|6\n|teamsize|p2|6\n|gen|9\n|tier|[Gen 9] VGC 2023 Regulation E\n|rated|\n|rule|Species Clause: Limit one of each Pok\u00e9mon\n|rule|Item Clause: Limit one of each item\n|clearpoke\n|poke|p1|Tornadus, L50, M|\n|poke|p1|Moltres, L50|\n|poke|p1|Ogerpon-Wellspring, L50, F|\n|poke|p1|Sinistcha, L50|\n|poke|p1|Flutter Mane, L50|\n|poke|p1|Basculegion, L50, M|\n|poke|p2|Heatran, L50, F|\n|poke|p2|Ninetales-Alola, L50, M|\n|poke|p2|Clefairy, L50, F|\n|poke|p2|Landorus-Therian, L50, M|\n|poke|p2|Iron Hands, L50|\n|poke|p2|Sinistcha, L50|\n|teampreview|4\n|inactive|Battle timer is ON: inactive players will automatically lose when time's up. (requested by testling)\n|\n|t:|1699742218\n|start\n|switch|p1a: Tornadus|Tornadus, L50, M|100\/100\n|switch|p1b: Moltres|Moltres, L50|100\/100\n|switch|p2a: Ninetales|Ninetales-Alola, L50, M|100\/100\n|switch|p2b: Heatran|Heatran, L50, F|100\/100\n|-ability|p1b: Moltres|Pressure\n|-weather|Snow|[from] ability: Snow Warning|[of] p2a: Ninetales\n|turn|1\n|inactive|testling has 30 seconds left.\n|\n|t:|1699742248\n|-terastallize|p1b: Moltres|Water\n|move|p1a: Tornadus|Rain Dance|p1a: Tornadus\n|-weather|RainDance\n|move|p1b: Moltres|Tera Blast|p2b: Heatran|[anim] Tera Blast Water\n|-supereffective|p2b: Heatran\n|-damage|p2b: Heatran|0 fnt\n|faint|p2b: Heatran\n|move|p2a: Ninetales|Blizzard|p1a: Tornadus|[spread] p1a,p1b\n|-supereffective|p1a: Tornadus\n|-resisted|p1b: Moltres\n|-damage|p1a: Tornadus|65\/100\n|-damage|p1b: Moltres|86\/100\n|\n|-weather|RainDance|[upkeep]\n|upkeep\n|\n|t:|1699742263\n|switch|p2b: Sinistcha|Sinistcha, L50|100\/100\n|turn|2\n|\n|t:|1699742271\n|switch|p2a: Clefairy|Clefairy, L50, F, shiny|100\/100\n|move|p2b: Sinistcha|Protect|p2b: Sinistcha\n|-singleturn|p2b: Sinistcha|Protect\n|move|p1a: Tornadus|Tailwind|p1a: Tornadus\n|-sidestart|p1: Steakman5|move: Tailwind\n|move|p1b: Moltres|Hurricane|p2b: Sinistcha\n|-activate|p2b: Sinistcha|move: Protect\n|\n|-weather|RainDance|[upkeep]\n|upkeep\n|turn|3\n|\n|t:|1699742289\n|switch|p2a: Ninetales|Ninetales-Alola, L50, M|100\/100\n|-weather|Snow|[from] ability: Snow Warning|[of] p2a: Ninetales\n|move|p1b: Moltres|Hurricane|p2b: Sinistcha\n|-supereffective|p2b: Sinistcha\n|-damage|p2b: Sinistcha|0 fnt\n|faint|p2b: Sinistcha\n|move|p1a: Tornadus|Bleakwind Storm|p2a: Ninetales\n|-damage|p2a: Ninetales|60\/100\n|-unboost|p2a: Ninetales|spe|1\n|\n|-weather|Snow|[upkeep]\n|upkeep\n|-message|testling forfeited.\n|\n|win|Steakman5\n|raw|Steakman5's rating: 1190 &rarr; <strong>1220<\/strong><br \/>(+30 for winning)\n|raw|testling's rating: 1264 &rarr; <strong>1234<\/strong><br \/>(-30 for losing)\n|l|\u2606testling\n","uploadtime":1699742312,"views":27,"p1id":"steakman5","p2id":"testling","formatid":"gen9vgc2023regulatione","rating":1220,"private":0,"password":""}