{"id":"gen9vgc2023regulatione-1993301187","p1":"Lemonese","p2":"MochaMatcha","format":"[Gen 9] VGC 2023 Regulation E","log":"|j|\u2606Lemonese\n|j|\u2606MochaMatcha\n|t:|1700293595\n|gametype|doubles\n|player|p1|Lemonese|maid|1114\n|player|p2|MochaMatcha|iono|1187\n|teamsize|p1|6\n|teamsize|p2|6\n|gen|9\n|tier|[Gen 9] VGC 2023 Regulation E\n|rated|\n|rule|Species Clause: Limit one of each Pok\u00e9mon\n|rule|Item Clause: Limit one of each item\n|clearpoke\n|poke|p1|Ogerpon-Wellspring, L50, F|\n|poke|p1|Iron Hands, L50|\n|poke|p1|Farigiraf, L50, F|\n|poke|p1|Landorus-Therian, L50, M|\n|poke|p1|Flutter Mane, L50|\n|poke|p1|Roaring Moon, L50|\n|poke|p2|Farigiraf, L50, F|\n|poke|p2|Dudunsparce-*, L50, F|\n|poke|p2|Azumarill, L50, M|\n|poke|p2|Sinistcha-Masterpiece, L50|\n|poke|p2|Magnezone, L50|\n|poke|p2|Rillaboom, L50, F|\n|teampreview|4\n|\n|t:|1700293612\n|start\n|switch|p1a: Farigiraf|Farigiraf, L50, F|100\/100\n|switch|p1b: Iron Hands|Iron Hands, L50|100\/100\n|switch|p2a: Farigiraf|Farigiraf, L50, F|100\/100\n|switch|p2b: Dudunsparce|Dudunsparce, L50, F|100\/100\n|turn|1\n|\n|t:|1700293633\n|move|p1a: Farigiraf|Imprison|p1a: Farigiraf\n|-start|p1a: Farigiraf|move: Imprison\n|move|p1b: Iron Hands|Drain Punch|p2b: Dudunsparce\n|-supereffective|p2b: Dudunsparce\n|-damage|p2b: Dudunsparce|14\/100\n|move|p2b: Dudunsparce|Coil|p2b: Dudunsparce\n|-boost|p2b: Dudunsparce|atk|1\n|-boost|p2b: Dudunsparce|def|1\n|-boost|p2b: Dudunsparce|accuracy|1\n|cant|p2a: Farigiraf|move: Imprison|Trick Room\n|\n|upkeep\n|turn|2\n|\n|t:|1700293651\n|-terastallize|p2b: Dudunsparce|Ghost\n|move|p1a: Farigiraf|Hyper Voice|p2a: Farigiraf|[spread] p2a\n|-immune|p2b: Dudunsparce\n|-damage|p2a: Farigiraf|71\/100\n|move|p1b: Iron Hands|Heavy Slam|p2a: Farigiraf\n|-damage|p2a: Farigiraf|51\/100\n|move|p2b: Dudunsparce|Rock Slide|p1a: Farigiraf|[spread] p1a,p1b\n|-resisted|p1b: Iron Hands\n|-damage|p1a: Farigiraf|74\/100\n|-damage|p1b: Iron Hands|91\/100\n|move|p2a: Farigiraf|Roar|p1a: Farigiraf\n|drag|p1a: Roaring Moon|Roaring Moon, L50|100\/100\n|-enditem|p1a: Roaring Moon|Booster Energy\n|-activate|p1a: Roaring Moon|ability: Protosynthesis|[fromitem]\n|-start|p1a: Roaring Moon|protosynthesisspe\n|\n|upkeep\n|turn|3\n|\n|t:|1700293668\n|move|p1a: Roaring Moon|Tailwind|p1a: Roaring Moon\n|-sidestart|p1: Lemonese|move: Tailwind\n|move|p1b: Iron Hands|Wild Charge|p2b: Dudunsparce\n|-damage|p2b: Dudunsparce|0 fnt\n|faint|p2b: Dudunsparce\n|-damage|p1b: Iron Hands|87\/100|[from] Recoil\n|move|p2a: Farigiraf|Trick Room|p2a: Farigiraf\n|-fieldstart|move: Trick Room|[of] p2a: Farigiraf\n|\n|upkeep\n|\n|t:|1700293676\n|switch|p2b: Azumarill|Azumarill, L50, M, shiny|100\/100\n|turn|4\n|inactive|Battle timer is ON: inactive players will automatically lose when time's up. (requested by Lemonese)\n|\n|t:|1700293693\n|move|p2b: Azumarill|Belly Drum|p2b: Azumarill\n|-damage|p2b: Azumarill|50\/100\n|-setboost|p2b: Azumarill|atk|6|[from] move: Belly Drum\n|-enditem|p2b: Azumarill|Sitrus Berry|[eat]\n|-heal|p2b: Azumarill|75\/100|[from] item: Sitrus Berry\n|move|p2a: Farigiraf|Psyshock|p1b: Iron Hands\n|-supereffective|p1b: Iron Hands\n|-damage|p1b: Iron Hands|45\/100\n|move|p1b: Iron Hands|Wild Charge|p2b: Azumarill\n|-supereffective|p2b: Azumarill\n|-damage|p2b: Azumarill|0 fnt\n|faint|p2b: Azumarill\n|-damage|p1b: Iron Hands|29\/100|[from] Recoil\n|move|p1a: Roaring Moon|Knock Off|p2a: Farigiraf\n|-supereffective|p2a: Farigiraf\n|-damage|p2a: Farigiraf|0 fnt\n|-enditem|p2a: Farigiraf|Mental Herb|[from] move: Knock Off|[of] p1a: Roaring Moon\n|faint|p2a: Farigiraf\n|\n|upkeep\n|-message|MochaMatcha forfeited.\n|\n|win|Lemonese\n|raw|Lemonese's rating: 1114 &rarr; <strong>1144<\/strong><br \/>(+30 for winning)\n|raw|MochaMatcha's rating: 1187 &rarr; <strong>1157<\/strong><br \/>(-30 for losing)\n|l|\u2606MochaMatcha\n","uploadtime":1700293712,"views":11,"p1id":"lemonese","p2id":"mochamatcha","formatid":"gen9vgc2023regulatione","rating":1144,"private":0,"password":""}