{"id":"gen9vgc2023regulatione-1998352417","p1":"superseriousboii","p2":"Ewolf9368","format":"[Gen 9] VGC 2023 Regulation E","log":"|j|\u2606superseriousboii\n|j|\u2606Ewolf9368\n|t:|1700932747\n|gametype|doubles\n|player|p1|superseriousboii|drayden|1134\n|player|p2|Ewolf9368|ruinmaniac|1041\n|teamsize|p1|6\n|teamsize|p2|6\n|gen|9\n|tier|[Gen 9] VGC 2023 Regulation E\n|rated|\n|rule|Species Clause: Limit one of each Pok\u00e9mon\n|rule|Item Clause: Limit one of each item\n|clearpoke\n|poke|p1|Sinistcha-Masterpiece, L50|\n|poke|p1|Ursaluna-Bloodmoon, L50, M|\n|poke|p1|Iron Hands, L50|\n|poke|p1|Scizor, L50, M|\n|poke|p1|Kingambit, L50, M|\n|poke|p1|Armarouge, L50, M|\n|poke|p2|Charjabug, L50, M|\n|poke|p2|Chi-Yu, L50|\n|poke|p2|Iron Bundle, L50|\n|poke|p2|Goodra-Hisui, L50, F|\n|poke|p2|Ogerpon-Hearthflame, L50, F|\n|poke|p2|Urshifu-*, L50, F|\n|teampreview|4\n|\n|t:|1700932815\n|start\n|switch|p1a: Sinistcha|Sinistcha-Masterpiece, L50|100\/100\n|switch|p1b: Iron Hands|Iron Hands, L50|100\/100\n|switch|p2a: Ogerpon|Ogerpon-Hearthflame, L50, F|100\/100\n|switch|p2b: Urshifu|Urshifu, L50, F|100\/100\n|-ability|p2a: Ogerpon|Mold Breaker\n|turn|1\n|\n|t:|1700932854\n|-terastallize|p1a: Sinistcha|Normal\n|move|p2a: Ogerpon|Spiky Shield|p2a: Ogerpon\n|-singleturn|p2a: Ogerpon|move: Protect\n|move|p1b: Iron Hands|Fake Out|p2b: Urshifu\n|-damage|p2b: Urshifu|87\/100\n|cant|p2b: Urshifu|flinch\n|move|p1a: Sinistcha|Trick Room|p1a: Sinistcha\n|-fieldstart|move: Trick Room|[of] p1a: Sinistcha\n|\n|upkeep\n|turn|2\n|\n|t:|1700932872\n|-terastallize|p2a: Ogerpon|Fire\n|detailschange|p2a: Ogerpon|Ogerpon-Hearthflame-Tera, L50, F, tera:Fire\n|-ability|p2a: Ogerpon|Embody Aspect (Hearthflame)|boost\n|-boost|p2a: Ogerpon|atk|1\n|move|p1b: Iron Hands|Drain Punch|p2b: Urshifu\n|-supereffective|p2b: Urshifu\n|-damage|p2b: Urshifu|5\/100\n|move|p1a: Sinistcha|Matcha Gotcha|p2b: Urshifu|[spread] p2a,p2b\n|-resisted|p2a: Ogerpon\n|-damage|p2a: Ogerpon|87\/100\n|-damage|p2b: Urshifu|0 fnt\n|faint|p2b: Urshifu\n|move|p2a: Ogerpon|Stomping Tantrum|p1b: Iron Hands\n|-supereffective|p1b: Iron Hands\n|-damage|p1b: Iron Hands|51\/100\n|\n|upkeep\n|\n|t:|1700932889\n|switch|p2b: Chi-Yu|Chi-Yu, L50|100\/100\n|-ability|p2b: Chi-Yu|Beads of Ruin\n|turn|3\n|\n|t:|1700932923\n|move|p1b: Iron Hands|Drain Punch|p2b: Chi-Yu\n|-supereffective|p2b: Chi-Yu\n|-damage|p2b: Chi-Yu|0 fnt\n|-heal|p1b: Iron Hands|76\/100|[from] drain|[of] p2b: Chi-Yu\n|faint|p2b: Chi-Yu\n|move|p1a: Sinistcha|Calm Mind|p1a: Sinistcha\n|-boost|p1a: Sinistcha|spa|1\n|-boost|p1a: Sinistcha|spd|1\n|move|p2a: Ogerpon|Stomping Tantrum|p1b: Iron Hands\n|-supereffective|p1b: Iron Hands\n|-damage|p1b: Iron Hands|24\/100\n|\n|upkeep\n|-message|Ewolf9368 forfeited.\n|\n|win|superseriousboii\n|raw|superseriousboii's rating: 1134 &rarr; <strong>1152<\/strong><br \/>(+18 for winning)\n|raw|Ewolf9368's rating: 1041 &rarr; <strong>1029<\/strong><br \/>(-12 for losing)\n|l|\u2606Ewolf9368\n","uploadtime":1700932936,"views":0,"p1id":"superseriousboii","p2id":"ewolf9368","formatid":"gen9vgc2023regulatione","rating":1029,"private":0,"password":""}