{"id":"gen9vgc2023regulatione-1989573600","p1":"MonsterRaflex","p2":"SuzukiLA","format":"[Gen 9] VGC 2023 Regulation E","log":"|j|\u2606MonsterRaflex\n|j|\u2606SuzukiLA\n|t:|1699873392\n|gametype|doubles\n|player|p1|MonsterRaflex|1|1061\n|player|p2|SuzukiLA|colress|1047\n|teamsize|p1|6\n|teamsize|p2|6\n|gen|9\n|tier|[Gen 9] VGC 2023 Regulation E\n|rated|\n|rule|Species Clause: Limit one of each Pok\u00e9mon\n|rule|Item Clause: Limit one of each item\n|clearpoke\n|poke|p1|Dipplin, L50, F|\n|poke|p1|Iron Bundle, L50|\n|poke|p1|Chi-Yu, L50|\n|poke|p1|Farigiraf, L50, F|\n|poke|p1|Landorus-Therian, L50, M|\n|poke|p1|Iron Hands, L50|\n|poke|p2|Empoleon, L50, M|\n|poke|p2|Tyranitar, L50, F|\n|poke|p2|Mienshao, L50, F|\n|poke|p2|Arcanine-Hisui, L50, M|\n|poke|p2|Tornadus, L50, M|\n|poke|p2|Garchomp, L50, M|\n|teampreview|4\nSuzukiLA rejected open team sheets.\n|inactive|Battle timer is ON: inactive players will automatically lose when time's up. (requested by MonsterRaflex)\n|\n|t:|1699873438\n|start\n|switch|p1a: Landorus|Landorus-Therian, L50, M|100\/100\n|switch|p1b: Iron Bundle|Iron Bundle, L50|100\/100\n|switch|p2a: Mienshao|Mienshao, L50, F, shiny|100\/100\n|switch|p2b: Empoleon|Empoleon, L50, M|100\/100\n|-ability|p1a: Landorus|Intimidate|boost\n|-fail|p2a: Mienshao|unboost|Attack|[from] ability: Inner Focus|[of] p2a: Mienshao\n|-unboost|p2b: Empoleon|atk|1\n|-ability|p2b: Empoleon|Competitive|boost\n|-boost|p2b: Empoleon|spa|2\n|-enditem|p1b: Iron Bundle|Booster Energy\n|-activate|p1b: Iron Bundle|ability: Quark Drive|[fromitem]\n|-start|p1b: Iron Bundle|quarkdrivespe\n|turn|1\n|inactive|MonsterRaflex has 30 seconds left.\n|inactive|MonsterRaflex has 20 seconds left.\n|\n|t:|1699873476\n|-terastallize|p1b: Iron Bundle|Ghost\n|move|p2a: Mienshao|Fake Out|p1a: Landorus\n|-damage|p1a: Landorus|87\/100\n|move|p1b: Iron Bundle|Freeze-Dry|p2b: Empoleon\n|-damage|p2b: Empoleon|57\/100\n|cant|p1a: Landorus|flinch\n|move|p2b: Empoleon|Surf|p1b: Iron Bundle|[spread] p2a,p1a,p1b\n|-supereffective|p1a: Landorus\n|-damage|p2a: Mienshao|17\/100\n|-damage|p1a: Landorus|0 fnt\n|-damage|p1b: Iron Bundle|0 fnt\n|faint|p1a: Landorus\n|faint|p1b: Iron Bundle\n|-end|p1b: Iron Bundle|Quark Drive|[silent]\n|-damage|p2b: Empoleon|48\/100|[from] item: Life Orb\n|\n|upkeep\n|\n|t:|1699873494\n|switch|p1b: Iron Hands|Iron Hands, L50|100\/100\n|switch|p1a: Dipplin|Dipplin, L50, F, shiny|100\/100\n|-ability|p1a: Dipplin|Supersweet Syrup\n|-ability|p1a: Dipplin|Supersweet Syrup|boost\n|-unboost|p2a: Mienshao|evasion|1\n|-unboost|p2b: Empoleon|evasion|1\n|-ability|p2b: Empoleon|Competitive|boost\n|-boost|p2b: Empoleon|spa|2\n|turn|2\n|\n|t:|1699873508\n|switch|p2a: Tyranitar|Tyranitar, L50, F|100\/100\n|-weather|Sandstorm|[from] ability: Sand Stream|[of] p2a: Tyranitar\n|move|p2b: Empoleon|Protect|p2b: Empoleon\n|-singleturn|p2b: Empoleon|Protect\n|move|p1b: Iron Hands|Fake Out|p2b: Empoleon\n|-activate|p2b: Empoleon|move: Protect\n|move|p1a: Dipplin|Syrup Bomb|p2b: Empoleon\n|-activate|p2b: Empoleon|move: Protect\n|\n|-weather|Sandstorm|[upkeep]\n|-damage|p1b: Iron Hands|95\/100|[from] Sandstorm\n|-damage|p1a: Dipplin|95\/100|[from] Sandstorm\n|upkeep\n|turn|3\n|\n|t:|1699873529\n|move|p2b: Empoleon|Roost|p2b: Empoleon\n|-heal|p2b: Empoleon|98\/100\n|-singleturn|p2b: Empoleon|move: Roost\n|move|p1b: Iron Hands|Drain Punch|p2b: Empoleon\n|-supereffective|p2b: Empoleon\n|-damage|p2b: Empoleon|15\/100\n|-heal|p1b: Iron Hands|100\/100|[from] drain|[of] p2b: Empoleon\n|move|p2a: Tyranitar|Ice Beam|p1a: Dipplin\n|-supereffective|p1a: Dipplin\n|-crit|p1a: Dipplin\n|-damage|p1a: Dipplin|0 fnt\n|faint|p1a: Dipplin\n|\n|-weather|Sandstorm|[upkeep]\n|-damage|p1b: Iron Hands|95\/100|[from] Sandstorm\n|upkeep\n|turn|4\n|-message|MonsterRaflex forfeited.\n|\n|win|SuzukiLA\n|raw|MonsterRaflex's rating: 1061 &rarr; <strong>1041<\/strong><br \/>(-20 for losing)\n|raw|SuzukiLA's rating: 1047 &rarr; <strong>1081<\/strong><br \/>(+34 for winning)\n|l|\u2606MonsterRaflex\n","uploadtime":1699873545,"views":59,"p1id":"monsterraflex","p2id":"suzukila","formatid":"gen9vgc2023regulatione","rating":1041,"private":0,"password":""}