{"id":"gen9vgc2023regulatione-1992389610","p1":"Kylefish1","p2":"zanethrillseek","format":"[Gen 9] VGC 2023 Regulation E","log":"|j|\u2606Kylefish1\n|j|\u2606zanethrillseek\n|t:|1700181950\n|gametype|doubles\n|player|p1|Kylefish1|2|1084\n|player|p2|zanethrillseek|hilbert-wonderlauncher|1156\n|teamsize|p1|6\n|teamsize|p2|6\n|gen|9\n|tier|[Gen 9] VGC 2023 Regulation E\n|rated|\n|rule|Species Clause: Limit one of each Pok\u00e9mon\n|rule|Item Clause: Limit one of each item\n|clearpoke\n|poke|p1|Ursaluna-Bloodmoon, L50, M|\n|poke|p1|Dusclops, L50, M|\n|poke|p1|Sinistcha, L50|\n|poke|p1|Arcanine-Hisui, L50, F|\n|poke|p1|Ogerpon-Wellspring, L50, F|\n|poke|p1|Iron Hands, L50|\n|poke|p2|Indeedee-F, L50, F|\n|poke|p2|Armarouge, L50, F|\n|poke|p2|Hatterene, L50, F|\n|poke|p2|Ursaluna, L50, F|\n|poke|p2|Urshifu-*, L50, M|\n|poke|p2|Torkoal, L50, M|\n|teampreview|4\n|\n|t:|1700181991\n|start\n|switch|p1a: Sinistcha|Sinistcha, L50|100\/100\n|switch|p1b: Ogerpon|Ogerpon-Wellspring, L50, F|100\/100\n|switch|p2a: Indeedee|Indeedee-F, L50, F|100\/100\n|switch|p2b: Armarouge|Armarouge, L50, F|100\/100\n|-fieldstart|move: Psychic Terrain|[from] ability: Psychic Surge|[of] p2a: Indeedee\n|-enditem|p2a: Indeedee|Psychic Seed\n|-boost|p2a: Indeedee|spd|1|[from] item: Psychic Seed\n|turn|1\n|\n|t:|1700182020\n|-terastallize|p2b: Armarouge|Grass\n|move|p2a: Indeedee|Follow Me|p2a: Indeedee\n|-singleturn|p2a: Indeedee|move: Follow Me\n|move|p1b: Ogerpon|Ivy Cudgel|p2a: Indeedee|[anim] Ivy Cudgel Water\n|-damage|p2a: Indeedee|48\/100\n|move|p1a: Sinistcha|Trick Room|p1a: Sinistcha\n|-fieldstart|move: Trick Room|[of] p1a: Sinistcha\n|move|p2b: Armarouge|Trick Room|p2b: Armarouge\n|-fieldend|move: Trick Room\n|\n|upkeep\n|turn|2\n|\n|t:|1700182068\n|switch|p1a: Arcanine|Arcanine-Hisui, L50, F|100\/100\n|-ability|p1a: Arcanine|Intimidate|boost\n|-unboost|p2a: Indeedee|atk|1\n|-unboost|p2b: Armarouge|atk|1\n|move|p2a: Indeedee|Helping Hand|p2b: Armarouge\n|-singleturn|p2b: Armarouge|Helping Hand|[of] p2a: Indeedee\n|move|p1b: Ogerpon|Ivy Cudgel|p2a: Indeedee|[anim] Ivy Cudgel Water\n|-damage|p2a: Indeedee|0 fnt\n|faint|p2a: Indeedee\n|move|p2b: Armarouge|Expanding Force|p1a: Arcanine|[spread] p1a,p1b\n|-damage|p1a: Arcanine|0 fnt\n|-damage|p1b: Ogerpon|0 fnt\n|faint|p1a: Arcanine\n|faint|p1b: Ogerpon\n|\n|upkeep\n|\n|t:|1700182098\n|switch|p1b: Sinistcha|Sinistcha, L50|100\/100\n|switch|p1a: Ursaluna|Ursaluna-Bloodmoon, L50, M|100\/100\n|switch|p2a: Hatterene|Hatterene, L50, F|100\/100\n|turn|3\n|\n|t:|1700182126\n|move|p2b: Armarouge|Expanding Force|p1a: Ursaluna|[spread] p1a,p1b\n|-crit|p1b: Sinistcha\n|-damage|p1a: Ursaluna|9\/100\n|-damage|p1b: Sinistcha|0 fnt\n|faint|p1b: Sinistcha\n|move|p1a: Ursaluna|Blood Moon|p2b: Armarouge\n|-crit|p2b: Armarouge\n|-damage|p2b: Armarouge|0 fnt\n|faint|p2b: Armarouge\n|move|p2a: Hatterene|Dazzling Gleam|p1a: Ursaluna\n|-damage|p1a: Ursaluna|0 fnt\n|faint|p1a: Ursaluna\n|-damage|p2a: Hatterene|91\/100|[from] item: Life Orb\n|\n|win|zanethrillseek\n|raw|Kylefish1's rating: 1084 &rarr; <strong>1066<\/strong><br \/>(-18 for losing)\n|raw|zanethrillseek's rating: 1156 &rarr; <strong>1176<\/strong><br \/>(+20 for winning)\n|l|\u2606Kylefish1\n","uploadtime":1700182149,"views":8,"p1id":"kylefish1","p2id":"zanethrillseek","formatid":"gen9vgc2023regulatione","rating":1066,"private":0,"password":""}