{"id":"gen9vgc2023regulatione-2000171474","p1":"TestingE10","p2":"BlvckTheGamer","format":"[Gen 9] VGC 2023 Regulation E","log":"|j|\u2606TestingE10\n|j|\u2606BlvckTheGamer\n|t:|1701166901\n|gametype|doubles\n|player|p1|TestingE10|ghetsis|1395\n|player|p2|BlvckTheGamer|101|1378\n|teamsize|p1|6\n|teamsize|p2|6\n|gen|9\n|tier|[Gen 9] VGC 2023 Regulation E\n|rated|\n|rule|Species Clause: Limit one of each Pok\u00e9mon\n|rule|Item Clause: Limit one of each item\n|clearpoke\n|poke|p1|Urshifu-*, L50, F|\n|poke|p1|Gothitelle, L50, M|\n|poke|p1|Heatran, L50, M|\n|poke|p1|Iron Hands, L50|\n|poke|p1|Zapdos-Galar, L50|\n|poke|p1|Landorus, L50, M|\n|poke|p2|Ogerpon, L50, F|\n|poke|p2|Flutter Mane, L50|\n|poke|p2|Chi-Yu, L50|\n|poke|p2|Milotic, L50, F|\n|poke|p2|Tornadus, L50, M|\n|poke|p2|Gholdengo, L50|\n|teampreview|4\n|inactive|Battle timer is ON: inactive players will automatically lose when time's up. (requested by TestingE10)\n|\n|t:|1701166960\n|start\n|switch|p1a: Iron Hands|Iron Hands, L50|100\/100\n|switch|p1b: Gothitelle|Gothitelle, L50, M|100\/100\n|switch|p2a: Gholdengo|Gholdengo, L50|100\/100\n|switch|p2b: Milotic|Milotic, L50, F, shiny|100\/100\n|turn|1\n|\n|t:|1701166985\n|move|p2a: Gholdengo|Shadow Ball|p1b: Gothitelle\n|-supereffective|p1b: Gothitelle\n|-damage|p1b: Gothitelle|0 fnt\n|faint|p1b: Gothitelle\n|move|p2b: Milotic|Scald|p1a: Iron Hands\n|-damage|p1a: Iron Hands|78\/100\n|move|p1a: Iron Hands|Wild Charge|p2b: Milotic\n|-supereffective|p2b: Milotic\n|-damage|p2b: Milotic|0 fnt\n|faint|p2b: Milotic\n|-damage|p1a: Iron Hands|58\/100|[from] Recoil\n|\n|upkeep\n|\n|t:|1701167004\n|switch|p2b: Tornadus|Tornadus, L50, M, shiny|100\/100\n|switch|p1b: Urshifu|Urshifu, L50, F|100\/100\n|turn|2\n|\n|t:|1701167027\n|move|p2b: Tornadus|Tailwind|p2b: Tornadus\n|-sidestart|p2: BlvckTheGamer|move: Tailwind\n|move|p2a: Gholdengo|Shadow Ball|p1a: Iron Hands\n|-damage|p1a: Iron Hands|21\/100\n|move|p1b: Urshifu|Wicked Blow|p2a: Gholdengo\n|-supereffective|p2a: Gholdengo\n|-crit|p2a: Gholdengo\n|-damage|p2a: Gholdengo|0 fnt\n|faint|p2a: Gholdengo\n|move|p1a: Iron Hands|Wild Charge|p2b: Tornadus\n|-supereffective|p2b: Tornadus\n|-damage|p2b: Tornadus|0 fnt\n|faint|p2b: Tornadus\n|-damage|p1a: Iron Hands|3\/100|[from] Recoil\n|\n|upkeep\n|\n|t:|1701167045\n|switch|p2b: Flutter Mane|Flutter Mane, L50, shiny|100\/100\n|-enditem|p2b: Flutter Mane|Booster Energy\n|-activate|p2b: Flutter Mane|ability: Protosynthesis|[fromitem]\n|-start|p2b: Flutter Mane|protosynthesisspe\n|turn|3\n|\n|t:|1701167054\n|-terastallize|p2b: Flutter Mane|Fairy\n|move|p2b: Flutter Mane|Dazzling Gleam|p1b: Urshifu|[spread] p1a,p1b\n|-supereffective|p1a: Iron Hands\n|-supereffective|p1b: Urshifu\n|-damage|p1a: Iron Hands|0 fnt\n|-enditem|p1b: Urshifu|Focus Sash\n|-damage|p1b: Urshifu|1\/100\n|faint|p1a: Iron Hands\n|-end|p1a: Iron Hands|Quark Drive|[silent]\n|move|p1b: Urshifu|Wicked Blow|p2b: Flutter Mane\n|-resisted|p2b: Flutter Mane\n|-crit|p2b: Flutter Mane\n|-damage|p2b: Flutter Mane|49\/100\n|\n|upkeep\n|\n|t:|1701167064\n|switch|p1a: Heatran|Heatran, L50, M|100\/100\n|turn|4\n|\n|t:|1701167069\n|move|p1b: Urshifu|Sucker Punch|p2b: Flutter Mane\n|-resisted|p2b: Flutter Mane\n|-damage|p2b: Flutter Mane|13\/100\n|move|p2b: Flutter Mane|Dazzling Gleam|p1a: Heatran|[spread] p1a,p1b\n|-resisted|p1a: Heatran\n|-supereffective|p1b: Urshifu\n|-damage|p1a: Heatran|92\/100\n|-damage|p1b: Urshifu|0 fnt\n|faint|p1b: Urshifu\n|move|p1a: Heatran|Flash Cannon|p2b: Flutter Mane\n|-supereffective|p2b: Flutter Mane\n|-damage|p2b: Flutter Mane|0 fnt\n|faint|p2b: Flutter Mane\n|-end|p2b: Flutter Mane|Protosynthesis|[silent]\n|\n|win|TestingE10\n|raw|TestingE10's rating: 1395 &rarr; <strong>1414<\/strong><br \/>(+19 for winning)\n|raw|BlvckTheGamer's rating: 1378 &rarr; <strong>1359<\/strong><br \/>(-19 for losing)\n","uploadtime":1701167076,"views":38,"p1id":"testinge10","p2id":"blvckthegamer","formatid":"gen9vgc2023regulatione","rating":1359,"private":0,"password":""}