{"id":"gen9vgc2023regulatione-1999980487","p1":"Wascos1","p2":"TEEJMCNIFTY","format":"[Gen 9] VGC 2023 Regulation E","log":"|j|\u2606Wascos1\n|j|\u2606TEEJMCNIFTY\n|t:|1701137218\n|gametype|doubles\n|player|p1|Wascos1|2|1098\n|player|p2|TEEJMCNIFTY|102|1099\n|teamsize|p1|6\n|teamsize|p2|6\n|gen|9\n|tier|[Gen 9] VGC 2023 Regulation E\n|rated|\n|rule|Species Clause: Limit one of each Pok\u00e9mon\n|rule|Item Clause: Limit one of each item\n|clearpoke\n|poke|p1|Arcanine-Hisui, L50, M|\n|poke|p1|Tornadus, L50, M|\n|poke|p1|Urshifu-*, L50, F|\n|poke|p1|Chien-Pao, L50|\n|poke|p1|Iron Hands, L50|\n|poke|p1|Dragonite, L50, M|\n|poke|p2|Iron Bundle, L50|\n|poke|p2|Dondozo, L50, M|\n|poke|p2|Tatsugiri-Stretchy, L50, F|\n|poke|p2|Grimmsnarl, L50, M|\n|poke|p2|Flutter Mane, L50|\n|poke|p2|Kingambit, L50, F|\n|teampreview|4\n|inactive|Battle timer is ON: inactive players will automatically lose when time's up. (requested by TEEJMCNIFTY)\n|\n|t:|1701137251\n|start\n|switch|p1a: Tornadus|Tornadus, L50, M|100\/100\n|switch|p1b: Arcanine|Arcanine-Hisui, L50, M|100\/100\n|switch|p2a: Slip n Slide|Iron Bundle, L50|100\/100\n|switch|p2b: Premium Bozo|Dondozo, L50, M|100\/100\n|-ability|p1b: Arcanine|Intimidate|boost\n|-unboost|p2a: Slip n Slide|atk|1\n|-fail|p2b: Premium Bozo|unboost|Attack|[from] ability: Oblivious|[of] p2b: Premium Bozo\n|-enditem|p2a: Slip n Slide|Booster Energy\n|-activate|p2a: Slip n Slide|ability: Quark Drive|[fromitem]\n|-start|p2a: Slip n Slide|quarkdrivespe\n|turn|1\n|\n|t:|1701137276\n|-terastallize|p2b: Premium Bozo|Ground\n|move|p1a: Tornadus|Taunt|p2b: Premium Bozo\n|-immune|p2b: Premium Bozo|[from] ability: Oblivious\n|move|p2a: Slip n Slide|Flip Turn|p2b: Premium Bozo\n|-supereffective|p2b: Premium Bozo\n|-damage|p2b: Premium Bozo|86\/100\n|-enditem|p2b: Premium Bozo|Weakness Policy\n|-boost|p2b: Premium Bozo|atk|2|[from] item: Weakness Policy\n|-boost|p2b: Premium Bozo|spa|2|[from] item: Weakness Policy\n|\n|t:|1701137287\n|-end|p2a: Slip n Slide|Quark Drive|[silent]\n|switch|p2a: Weak Chin|Tatsugiri-Stretchy, L50, F|100\/100|[from] Flip Turn\n|-activate|p2a: Weak Chin|ability: Commander|[of] p2b: Premium Bozo\n|-boost|p2b: Premium Bozo|atk|2\n|-boost|p2b: Premium Bozo|spa|2\n|-boost|p2b: Premium Bozo|spe|2\n|-boost|p2b: Premium Bozo|def|2\n|-boost|p2b: Premium Bozo|spd|2\n|move|p2b: Premium Bozo|Rock Slide|p1b: Arcanine|[spread] p1a,p1b\n|-supereffective|p1a: Tornadus\n|-supereffective|p1b: Arcanine\n|-damage|p1a: Tornadus|0 fnt\n|-damage|p1b: Arcanine|0 fnt\n|faint|p1a: Tornadus\n|faint|p1b: Arcanine\n|\n|upkeep\n|\n|t:|1701137304\n|switch|p1a: Iron Hands|Iron Hands, L50|100\/100\n|switch|p1b: Dragonite|Dragonite, L50, M|100\/100\n|turn|2\n|\n|t:|1701137321\n|-terastallize|p1b: Dragonite|Normal\n|move|p1a: Iron Hands|Fake Out|p2b: Premium Bozo\n|-damage|p2b: Premium Bozo|81\/100\n|move|p1b: Dragonite|Extreme Speed|p2b: Premium Bozo\n|-damage|p2b: Premium Bozo|63\/100\n|cant|p2b: Premium Bozo|flinch\n|\n|upkeep\n|turn|3\n|\n|t:|1701137335\n|move|p1b: Dragonite|Extreme Speed|p2b: Premium Bozo\n|-damage|p2b: Premium Bozo|46\/100\n|move|p2b: Premium Bozo|Earthquake|p1b: Dragonite|[spread] p1a,p1b\n|-miss|p2b: Premium Bozo|p2a: Weak Chin\n|-supereffective|p1a: Iron Hands\n|-crit|p1b: Dragonite\n|-damage|p1a: Iron Hands|0 fnt\n|-damage|p1b: Dragonite|0 fnt\n|faint|p1a: Iron Hands\n|-end|p1a: Iron Hands|Quark Drive|[silent]\n|faint|p1b: Dragonite\n|\n|win|TEEJMCNIFTY\n|raw|Wascos1's rating: 1098 &rarr; <strong>1073<\/strong><br \/>(-25 for losing)\n|raw|TEEJMCNIFTY's rating: 1099 &rarr; <strong>1124<\/strong><br \/>(+25 for winning)\n|c|\u2606TEEJMCNIFTY|gg\n","uploadtime":1701137355,"views":12,"p1id":"wascos1","p2id":"teejmcnifty","formatid":"gen9vgc2023regulatione","rating":1073,"private":0,"password":""}