{"id":"gen9vgc2023regulatione-1994623183","p1":"violinperfumer","p2":"90-Year-Old","format":"[Gen 9] VGC 2023 Regulation E","log":"|j|\u2606violinperfumer\n|j|\u260690-Year-Old\n|t:|1700471097\n|gametype|doubles\n|player|p1|violinperfumer|102|1631\n|player|p2|90-Year-Old|acetrainerf-gen6|1619\n|teamsize|p1|6\n|teamsize|p2|6\n|gen|9\n|tier|[Gen 9] VGC 2023 Regulation E\n|rated|\n|rule|Species Clause: Limit one of each Pok\u00e9mon\n|rule|Item Clause: Limit one of each item\n|clearpoke\n|poke|p1|Armarouge, L50, M|\n|poke|p1|Indeedee-F, L50, F|\n|poke|p1|Sinistcha-Masterpiece, L50|\n|poke|p1|Ursaluna-Bloodmoon, L50, M|\n|poke|p1|Iron Bundle, L50|\n|poke|p1|Ogerpon-Wellspring, L50, F|\n|poke|p2|Tornadus, L50, M|\n|poke|p2|Ogerpon-Wellspring, L50, F|\n|poke|p2|Gholdengo, L50|\n|poke|p2|Maushold-Four, L50|\n|poke|p2|Landorus-Therian, L50, M|\n|poke|p2|Chien-Pao, L50|\n|teampreview|4\n|inactive|Battle timer is ON: inactive players will automatically lose when time's up. (requested by violinperfumer)\n|inactive|90-Year-Old has 60 seconds left.\n|\n|t:|1700471168\n|start\n|switch|p1a: Ursaluna|Ursaluna-Bloodmoon, L50, M|100\/100\n|switch|p1b: Iron Bundle|Iron Bundle, L50|100\/100\n|switch|p2a: Tornadus|Tornadus, L50, M|100\/100\n|switch|p2b: Landorus|Landorus-Therian, L50, M|100\/100\n|-ability|p2b: Landorus|Intimidate|boost\n|-unboost|p1a: Ursaluna|atk|1\n|-unboost|p1b: Iron Bundle|atk|1\n|turn|1\n|\n|t:|1700471186\n|switch|p2b: Gholdengo|Gholdengo, L50|100\/100\n|move|p2a: Tornadus|Tailwind|p2a: Tornadus\n|-sidestart|p2: 90-Year-Old|move: Tailwind\n|move|p1b: Iron Bundle|Icy Wind|p2b: Gholdengo|[spread] p2a,p2b\n|-supereffective|p2a: Tornadus\n|-resisted|p2b: Gholdengo\n|-damage|p2a: Tornadus|55\/100\n|-damage|p2b: Gholdengo|90\/100\n|-unboost|p2a: Tornadus|spe|1\n|-unboost|p2b: Gholdengo|spe|1\n|move|p1a: Ursaluna|Blood Moon|p2a: Tornadus\n|-damage|p2a: Tornadus|0 fnt\n|faint|p2a: Tornadus\n|\n|upkeep\n|inactive|90-Year-Old has 30 seconds left.\n|j| GuraEnjoyer\n|inactive|90-Year-Old has 20 seconds left.\n|inactive|90-Year-Old has 15 seconds left.\n|j| meowmeowjoe\n|\n|t:|1700471230\n|switch|p2a: Chien-Pao|Chien-Pao, L50|100\/100\n|-ability|p2a: Chien-Pao|Sword of Ruin\n|turn|2\n|\n|t:|1700471244\n|-terastallize|p2b: Gholdengo|Steel\n|move|p1a: Ursaluna|Vacuum Wave|p2a: Chien-Pao\n|-supereffective|p2a: Chien-Pao\n|-enditem|p2a: Chien-Pao|Focus Sash\n|-damage|p2a: Chien-Pao|1\/100\n|move|p2a: Chien-Pao|Ice Spinner|p1a: Ursaluna\n|-supereffective|p1a: Ursaluna\n|-damage|p1a: Ursaluna|11\/100\n|move|p1b: Iron Bundle|Icy Wind|p2b: Gholdengo|[spread] p2a,p2b\n|-resisted|p2a: Chien-Pao\n|-resisted|p2b: Gholdengo\n|-damage|p2a: Chien-Pao|0 fnt\n|-damage|p2b: Gholdengo|78\/100\n|-unboost|p2b: Gholdengo|spe|1\n|faint|p2a: Chien-Pao\n|move|p2b: Gholdengo|Make It Rain|p1a: Ursaluna|[spread] p1a,p1b\n|-damage|p1a: Ursaluna|0 fnt\n|-enditem|p1b: Iron Bundle|Focus Sash\n|-damage|p1b: Iron Bundle|1\/100\n|-unboost|p2b: Gholdengo|spa|1\n|faint|p1a: Ursaluna\n|\n|upkeep\n|\n|t:|1700471264\n|switch|p2a: Landorus|Landorus-Therian, L50, M|100\/100\n|switch|p1a: Armarouge|Armarouge, L50, M|100\/100\n|-ability|p2a: Landorus|Intimidate|boost\n|-unboost|p1a: Armarouge|atk|1\n|-unboost|p1b: Iron Bundle|atk|1\n|turn|3\n|\n|t:|1700471282\n|move|p1a: Armarouge|Endure|p1a: Armarouge\n|-singleturn|p1a: Armarouge|move: Endure\n|move|p2a: Landorus|Rock Slide|p1a: Armarouge|[spread] p1a,p1b\n|-supereffective|p1a: Armarouge\n|-supereffective|p1b: Iron Bundle\n|-crit|p1b: Iron Bundle\n|-damage|p1a: Armarouge|44\/100\n|-damage|p1b: Iron Bundle|0 fnt\n|-ability|p1a: Armarouge|Weak Armor|boost\n|-unboost|p1a: Armarouge|def|1\n|-boost|p1a: Armarouge|spe|2\n|-enditem|p1a: Armarouge|Weakness Policy\n|-boost|p1a: Armarouge|atk|2|[from] item: Weakness Policy\n|-boost|p1a: Armarouge|spa|2|[from] item: Weakness Policy\n|faint|p1b: Iron Bundle\n|-end|p1b: Iron Bundle|Quark Drive|[silent]\n|move|p2b: Gholdengo|Make It Rain|p1a: Armarouge\n|-resisted|p1a: Armarouge\n|-activate|p1a: Armarouge|move: Endure\n|-damage|p1a: Armarouge|1\/100\n|-unboost|p2b: Gholdengo|spa|1\n|\n|upkeep\n|\n|t:|1700471299\n|switch|p1b: Indeedee|Indeedee-F, L50, F|100\/100\n|-fieldstart|move: Psychic Terrain|[from] ability: Psychic Surge|[of] p1b: Indeedee\n|turn|4\n|\n|t:|1700471307\n|move|p1b: Indeedee|Helping Hand|p1a: Armarouge\n|-singleturn|p1a: Armarouge|Helping Hand|[of] p1b: Indeedee\n|move|p2a: Landorus|Rock Slide|p1a: Armarouge|[spread] p1a,p1b\n|-supereffective|p1a: Armarouge\n|-damage|p1a: Armarouge|0 fnt\n|-damage|p1b: Indeedee|74\/100\n|faint|p1a: Armarouge\n|move|p2b: Gholdengo|Make It Rain|p1b: Indeedee\n|-damage|p1b: Indeedee|0 fnt\n|-unboost|p2b: Gholdengo|spa|1\n|faint|p1b: Indeedee\n|\n|win|90-Year-Old\n|raw|violinperfumer's rating: 1631 &rarr; <strong>1610<\/strong><br \/>(-21 for losing)\n|raw|90-Year-Old's rating: 1619 &rarr; <strong>1640<\/strong><br \/>(+21 for winning)\n|l|\u2606violinperfumer\n","uploadtime":1700471332,"views":13,"p1id":"violinperfumer","p2id":"90yearold","formatid":"gen9vgc2023regulatione","rating":1610,"private":0,"password":""}