{"id":"gen9vgc2023regulatione-1995156724","p1":"bzln","p2":"Toni88","format":"[Gen 9] VGC 2023 Regulation E","log":"|j|\u2606bzln\n|j|\u2606Toni88\n|t:|1700528906\n|gametype|doubles\n|player|p1|bzln|170|1049\n|player|p2|Toni88|2|1040\n|teamsize|p1|6\n|teamsize|p2|6\n|gen|9\n|tier|[Gen 9] VGC 2023 Regulation E\n|rated|\n|rule|Species Clause: Limit one of each Pok\u00e9mon\n|rule|Item Clause: Limit one of each item\n|clearpoke\n|poke|p1|Flutter Mane, L50|\n|poke|p1|Raichu, L50, F|\n|poke|p1|Heatran, L50, M|\n|poke|p1|Landorus-Therian, L50, M|\n|poke|p1|Iron Valiant, L50|\n|poke|p1|Goodra-Hisui, L50, M|\n|poke|p2|Seviper, L50, F|\n|poke|p2|Cacturne, L50, F|\n|poke|p2|Pawmot, L50, M|\n|poke|p2|Iron Bundle, L50|\n|poke|p2|Palossand, L50, F|\n|poke|p2|Iron Moth, L50|\n|teampreview|4\n|\n|t:|1700528941\n|start\n|switch|p1a: Flutter Mane|Flutter Mane, L50|100\/100\n|switch|p1b: Raichu|Raichu, L50, F, shiny|100\/100\n|switch|p2a: iDelibird Pro|Iron Bundle, L50|100\/100\n|switch|p2b: Tiny Bebe|Pawmot, L50, M|100\/100\n|turn|1\n|\n|t:|1700528976\n|-terastallize|p1a: Flutter Mane|Fairy\n|move|p1b: Raichu|Fake Out|p2a: iDelibird Pro\n|-damage|p2a: iDelibird Pro|91\/100\n|move|p2b: Tiny Bebe|Thunder Punch|p1b: Raichu\n|-activate|p1b: Raichu|ability: Lightning Rod\n|-ability|p1b: Raichu|Lightning Rod|boost\n|-boost|p1b: Raichu|spa|1\n|cant|p2a: iDelibird Pro|flinch\n|move|p1a: Flutter Mane|Moonblast|p2b: Tiny Bebe\n|-supereffective|p2b: Tiny Bebe\n|-damage|p2b: Tiny Bebe|0 fnt\n|faint|p2b: Tiny Bebe\n|\n|upkeep\n|inactive|Battle timer is ON: inactive players will automatically lose when time's up. (requested by bzln)\n|inactive|Toni88 has 60 seconds left.\n|inactive|Toni88 has 30 seconds left.\n|inactive|Toni88 has 20 seconds left.\n|inactive|Toni88 has 15 seconds left.\n|inactive|Toni88 has 10 seconds left.\n|inactive|Toni88 has 5 seconds left.\n|\n|t:|1700529135\n|switch|p2b: Slithery Snake|Seviper, L50, F, shiny|100\/100\n|turn|2\n|inactive|bzln has 30 seconds left.\n|inactive|Toni88 has 30 seconds left.\n|inactive|Toni88 has 20 seconds left.\n|inactive|Toni88 has 15 seconds left.\n|inactive|Toni88 has 10 seconds left.\n|inactive|Toni88 has 5 seconds left.\n|\n|t:|1700529190\n|move|p2a: iDelibird Pro|Freeze-Dry|p1b: Raichu\n|-damage|p1b: Raichu|23\/100\n|move|p1a: Flutter Mane|Moonblast|p2a: iDelibird Pro\n|-damage|p2a: iDelibird Pro|0 fnt\n|faint|p2a: iDelibird Pro\n|-end|p2a: iDelibird Pro|Quark Drive|[silent]\n|move|p1b: Raichu|Nuzzle|p2b: Slithery Snake\n|-damage|p2b: Slithery Snake|93\/100\n|-status|p2b: Slithery Snake|par\n|move|p2b: Slithery Snake|Gunk Shot|p1a: Flutter Mane\n|-supereffective|p1a: Flutter Mane\n|-damage|p1a: Flutter Mane|0 fnt\n|faint|p1a: Flutter Mane\n|-end|p1a: Flutter Mane|Protosynthesis|[silent]\n|\n|-heal|p2b: Slithery Snake|99\/100 par|[from] item: Leftovers\n|upkeep\n|inactive|Toni88 has 30 seconds left.\n|inactive|Toni88 has 20 seconds left.\n|inactive|Toni88 has 15 seconds left.\n|inactive|Toni88 has 10 seconds left.\n|inactive|Toni88 has 5 seconds left.\n|\n|t:|1700529245\n|switch|p2a: Cactuses|Cacturne, L50, F|100\/100\n|switch|p1a: Landorus|Landorus-Therian, L50, M|100\/100\n|-ability|p1a: Landorus|Intimidate|boost\n|-unboost|p2a: Cactuses|atk|1\n|-unboost|p2b: Slithery Snake|atk|1\n|turn|3\n|inactive|bzln has 30 seconds left.\n|inactive|Toni88 has 30 seconds left.\n|inactive|Toni88 has 20 seconds left.\n|inactive|Toni88 has 15 seconds left.\n|inactive|Toni88 has 10 seconds left.\n|inactive|Toni88 has 5 seconds left.\n|\n|t:|1700529300\n|move|p1a: Landorus|Stomping Tantrum|p2b: Slithery Snake\n|-supereffective|p2b: Slithery Snake\n|-damage|p2b: Slithery Snake|0 fnt\n|faint|p2b: Slithery Snake\n|move|p1b: Raichu|Volt Switch|p2a: Cactuses\n|-resisted|p2a: Cactuses\n|-damage|p2a: Cactuses|81\/100\n|\n|t:|1700529306\n|switch|p1b: Iron Valiant|Iron Valiant, L50, shiny|100\/100|[from] Volt Switch\n|-enditem|p1b: Iron Valiant|Booster Energy\n|-activate|p1b: Iron Valiant|ability: Quark Drive|[fromitem]\n|-start|p1b: Iron Valiant|quarkdrivespe\n|move|p2a: Cactuses|Knock Off|p1b: Iron Valiant\n|-resisted|p1b: Iron Valiant\n|-damage|p1b: Iron Valiant|97\/100\n|\n|upkeep\n|turn|4\n|inactive|Toni88 has 30 seconds left.\n|inactive|Toni88 has 20 seconds left.\n|inactive|Toni88 has 15 seconds left.\n|inactive|Toni88 has 10 seconds left.\n|inactive|Toni88 has 5 seconds left.\n|\n|t:|1700529361\n|move|p1b: Iron Valiant|Moonblast|p2a: Cactuses\n|-supereffective|p2a: Cactuses\n|-damage|p2a: Cactuses|10\/100\n|-unboost|p2a: Cactuses|spa|1\n|move|p1a: Landorus|Stomping Tantrum|p2a: Cactuses\n|-resisted|p2a: Cactuses\n|-damage|p2a: Cactuses|0 fnt\n|faint|p2a: Cactuses\n|\n|win|bzln\n|raw|bzln's rating: 1049 &rarr; <strong>1080<\/strong><br \/>(+31 for winning)\n|raw|Toni88's rating: 1027 &rarr; <strong>1014<\/strong><br \/>(-13 for losing)\n","uploadtime":1700529379,"views":4,"p1id":"bzln","p2id":"toni88","formatid":"gen9vgc2023regulatione","rating":1014,"private":0,"password":""}