{"id":"gen9vgc2023regulatione-1989154892","p1":"SuspiciousGoober76","p2":"Specs Hex Pex","format":"[Gen 9] VGC 2023 Regulation E","log":"|j|\u2606SuspiciousGoober76\n|j|\u2606Specs Hex Pex\n|n|\u2606SuspiciousGoober76|suspiciousgoober76\n|n|\u2606Specs Hex Pex|specshexpex\n|html|View the match progress at <a href=\"\/game-bestof3-gen9vgc2023regulatione-1989148345\">game-bestof3-gen9vgc2023regulatione-1989148345<\/a>\n|t:|1699818055\n|gametype|doubles\n|player|p1|SuspiciousGoober76|pokefan|\n|player|p2|Specs Hex Pex|lady|\n|teamsize|p1|6\n|teamsize|p2|6\n|gen|9\n|tier|[Gen 9] VGC 2023 Regulation E\n|rule|Species Clause: Limit one of each Pok\u00e9mon\n|rule|Item Clause: Limit one of each item\n|clearpoke\n|poke|p1|Sunkern, L50, M|\n|poke|p1|Amoonguss, L50, F|\n|poke|p1|Tornadus, L50, M|\n|poke|p1|Electrode-Hisui, L50|\n|poke|p1|Flutter Mane, L50|\n|poke|p1|Iron Hands, L50|\n|poke|p2|Iron Thorns, L50|\n|poke|p2|Blissey, L50, F|\n|poke|p2|Veluza, L50, F|\n|poke|p2|Golem-Alola, L50, M|\n|poke|p2|Spinarak, L50, M|\n|poke|p2|Chimecho, L50, F|\n|teampreview|4\n|j| jqueefion\n|\n|t:|1699818078\n|start\n|switch|p1a: Tornadus|Tornadus, L50, M|100\/100\n|switch|p1b: Flutter Mane|Flutter Mane, L50|100\/100\n|switch|p2a: Veluza|Veluza, L50, F|100\/100\n|switch|p2b: Spinarak|Spinarak, L50, M|100\/100\n|turn|1\n|\n|t:|1699818099\n|move|p1a: Tornadus|Taunt|p2a: Veluza\n|-start|p2a: Veluza|move: Taunt\n|move|p1b: Flutter Mane|Moonblast|p1a: Tornadus\n|-damage|p1a: Tornadus|0 fnt\n|faint|p1a: Tornadus\n|cant|p2a: Veluza|move: Taunt|Fillet Away\n|move|p2b: Spinarak|Foul Play|p2a: Veluza\n|-supereffective|p2a: Veluza\n|-damage|p2a: Veluza|9\/100\n|\n|upkeep\n|\n|t:|1699818111\n|switch|p1a: Electrode|Electrode-Hisui, L50|100\/100\n|turn|2\n|\n|t:|1699818124\n|move|p1a: Electrode|Chloroblast|p2b: Spinarak\n|-resisted|p2b: Spinarak\n|-damage|p2b: Spinarak|10\/100\n|-damage|p1a: Electrode|50\/100|[from] Recoil\n|-damage|p1a: Electrode|40\/100|[from] item: Life Orb\n|move|p1b: Flutter Mane|Moonblast|p1a: Electrode\n|-damage|p1a: Electrode|0 fnt\n|faint|p1a: Electrode\n|move|p2a: Veluza|Aqua Cutter|p2b: Spinarak\n|-damage|p2b: Spinarak|0 fnt\n|faint|p2b: Spinarak\n|-damage|p2a: Veluza|0 fnt|[from] item: Life Orb\n|faint|p2a: Veluza\n|\n|upkeep\n|\n|t:|1699818138\n|switch|p1a: Iron Hands|Iron Hands, L50|100\/100\n|switch|p2a: Blissey|Blissey, L50, F|100\/100\n|switch|p2b: Iron Thorns|Iron Thorns, L50|100\/100\n|-enditem|p2b: Iron Thorns|Booster Energy\n|-activate|p2b: Iron Thorns|ability: Quark Drive|[fromitem]\n|-start|p2b: Iron Thorns|quarkdriveatk\n|turn|3\n|\n|t:|1699818159\n|move|p1a: Iron Hands|Fake Out|p2a: Blissey\n|-damage|p2a: Blissey|67\/100\n|move|p1b: Flutter Mane|Moonblast|p2b: Iron Thorns\n|-damage|p2b: Iron Thorns|0 fnt\n|faint|p2b: Iron Thorns\n|-end|p2b: Iron Thorns|Quark Drive|[silent]\n|cant|p2a: Blissey|flinch\n|\n|-damage|p2a: Blissey|54\/100|[from] item: Sticky Barb\n|upkeep\n|turn|4\n|\n|t:|1699818172\n|move|p1b: Flutter Mane|Moonblast|p1a: Iron Hands\n|-supereffective|p1a: Iron Hands\n|-enditem|p1a: Iron Hands|Focus Sash\n|-damage|p1a: Iron Hands|1\/100\n|move|p2a: Blissey|Heal Pulse|p1b: Flutter Mane\n|-fail|p1b: Flutter Mane|heal\n|move|p1a: Iron Hands|Wild Charge|p1b: Flutter Mane\n|-damage|p1b: Flutter Mane|0 fnt\n|faint|p1b: Flutter Mane\n|-end|p1b: Flutter Mane|Protosynthesis|[silent]\n|-damage|p1a: Iron Hands|0 fnt|[from] Recoil\n|faint|p1a: Iron Hands\n|-end|p1a: Iron Hands|Quark Drive|[silent]\n|\n|win|Specs Hex Pex\n|c|\u2606SuspiciousGoober76|gg\n|c|\u2606Specs Hex Pex|gg\n|l|\u2606SuspiciousGoober76\n","uploadtime":1699818207,"views":14,"p1id":"suspiciousgoober76","p2id":"specshexpex","formatid":"gen9vgc2023regulatione","rating":0,"private":0,"password":""}