{"id":"gen9vgc2023regulatione-1988536800","p1":"Zardycoolers","p2":"MrNiceguyVGC","format":"[Gen 9] VGC 2023 Regulation E","log":"|j|\u2606Zardycoolers\n|j|\u2606MrNiceguyVGC\n|t:|1699733540\n|gametype|doubles\n|player|p1|Zardycoolers|2|1113\n|player|p2|MrNiceguyVGC|bruno|1062\n|teamsize|p1|6\n|teamsize|p2|6\n|gen|9\n|tier|[Gen 9] VGC 2023 Regulation E\n|rated|\n|rule|Species Clause: Limit one of each Pok\u00e9mon\n|rule|Item Clause: Limit one of each item\n|clearpoke\n|poke|p1|Ogerpon-Hearthflame, L50, F|\n|poke|p1|Tornadus, L50, M|\n|poke|p1|Chien-Pao, L50|\n|poke|p1|Arcanine-Hisui, L50, M|\n|poke|p1|Rillaboom, L50, M|\n|poke|p1|Urshifu-*, L50, M|\n|poke|p2|Indeedee, L50, M|\n|poke|p2|Armarouge, L50, M|\n|poke|p2|Amoonguss, L50, F|\n|poke|p2|Iron Hands, L50|\n|poke|p2|Tornadus, L50, M|\n|poke|p2|Urshifu-*, L50, F|\n|teampreview|4\n|inactive|Battle timer is ON: inactive players will automatically lose when time's up. (requested by Zardycoolers)\n|l|\u2606Zardycoolers\n|inactive|Zardycoolers disconnected and has a minute to reconnect!\n|player|p1|\n|\n|t:|1699733614\n|start\n|switch|p1a: Ogerpon|Ogerpon-Hearthflame, L50, F|100\/100\n|switch|p1b: Tornadus|Tornadus, L50, M|100\/100\n|switch|p2a: Amoonguss|Amoonguss, L50, F, shiny|100\/100\n|switch|p2b: Iron Hands|Iron Hands, L50, shiny|100\/100\n|-ability|p1a: Ogerpon|Mold Breaker\n|turn|1\n|inactive|Zardycoolers has 30 seconds left.\n|inactive|MrNiceguyVGC has 30 seconds left.\n|inactive|Zardycoolers has 20 seconds left.\n|j|\u2606Zardycoolers\n|inactive|Zardycoolers reconnected and has 20 seconds left.\n|player|p1|Zardycoolers|2\n|inactive|Zardycoolers has 15 seconds left.\n|inactiveoff|Battle timer is now OFF.\n|\n|t:|1699733666\n|-terastallize|p1a: Ogerpon|Fire\n|detailschange|p1a: Ogerpon|Ogerpon-Hearthflame-Tera, L50, F, tera:Fire\n|-ability|p1a: Ogerpon|Embody Aspect (Hearthflame)|boost\n|-boost|p1a: Ogerpon|atk|1\n|-terastallize|p2a: Amoonguss|Fire\n|move|p1a: Ogerpon|Spiky Shield|p1a: Ogerpon\n|-singleturn|p1a: Ogerpon|move: Protect\n|move|p1b: Tornadus|Taunt|p2a: Amoonguss\n|-start|p2a: Amoonguss|move: Taunt\n|-enditem|p2a: Amoonguss|Mental Herb\n|-end|p2a: Amoonguss|move: Taunt\n|move|p2b: Iron Hands|Swords Dance|p2b: Iron Hands\n|-boost|p2b: Iron Hands|atk|2\n|move|p2a: Amoonguss|Spore|p1b: Tornadus\n|-status|p1b: Tornadus|slp|[from] move: Spore\n|\n|upkeep\n|turn|2\n|\n|t:|1699733692\n|move|p2b: Iron Hands|Detect|p2b: Iron Hands\n|-singleturn|p2b: Iron Hands|Protect\n|cant|p1b: Tornadus|slp\n|move|p1a: Ogerpon|Ivy Cudgel|p2b: Iron Hands\n|-activate|p2b: Iron Hands|move: Protect\n|move|p2a: Amoonguss|Spore|p1a: Ogerpon\n|-status|p1a: Ogerpon|slp|[from] move: Spore\n|\n|upkeep\n|turn|3\n|\n|t:|1699733714\n|switch|p2a: Indeedee|Indeedee, L50, M|100\/100\n|-fieldstart|move: Psychic Terrain|[from] ability: Psychic Surge|[of] p2a: Indeedee\n|-curestatus|p1b: Tornadus|slp|[msg]\n|move|p1b: Tornadus|Bleakwind Storm|p2b: Iron Hands|[spread] p2a,p2b\n|-crit|p2b: Iron Hands\n|-damage|p2a: Indeedee|46\/100\n|-damage|p2b: Iron Hands|60\/100\n|cant|p1a: Ogerpon|slp\n|move|p2b: Iron Hands|Ice Punch|p1b: Tornadus\n|-supereffective|p1b: Tornadus\n|-damage|p1b: Tornadus|0 fnt\n|faint|p1b: Tornadus\n|\n|upkeep\n|l|\u2606Zardycoolers\n|player|p1|\n|j|\u2606Zardycoolers\n|player|p1|Zardycoolers|2\n|-message|Zardycoolers forfeited.\n|\n|win|MrNiceguyVGC\n|raw|Zardycoolers's rating: 1113 &rarr; <strong>1084<\/strong><br \/>(-29 for losing)\n|raw|MrNiceguyVGC's rating: 1062 &rarr; <strong>1097<\/strong><br \/>(+35 for winning)\n|l|\u2606Zardycoolers\n","uploadtime":1699733767,"views":9,"p1id":"zardycoolers","p2id":"mrniceguyvgc","formatid":"gen9vgc2023regulatione","rating":1084,"private":0,"password":""}