{"id":"gen9vgc2023regulatione-1992885835","p1":"Dryslide","p2":"Cranidactyl","format":"[Gen 9] VGC 2023 Regulation E","log":"|j|\u2606Dryslide\n|j|\u2606Cranidactyl\n|t:|1700243898\n|gametype|doubles\n|player|p1|Dryslide|flannery|1261\n|player|p2|Cranidactyl|scientist-gen4dp|1302\n|teamsize|p1|6\n|teamsize|p2|6\n|gen|9\n|tier|[Gen 9] VGC 2023 Regulation E\n|rated|\n|rule|Species Clause: Limit one of each Pok\u00e9mon\n|rule|Item Clause: Limit one of each item\n|clearpoke\n|poke|p1|Flutter Mane, L50|\n|poke|p1|Urshifu-*, L50, M|\n|poke|p1|Arcanine-Hisui, L50, F|\n|poke|p1|Rillaboom, L50, F|\n|poke|p1|Chien-Pao, L50|\n|poke|p1|Tornadus, L50, M|\n|poke|p2|Muk-Alola, L50, M|\n|poke|p2|Flutter Mane, L50|\n|poke|p2|Arcanine-Hisui, L50, M|\n|poke|p2|Iron Hands, L50|\n|poke|p2|Urshifu-*, L50, F|\n|poke|p2|Cresselia, L50, F|\n|teampreview|4\n|\n|t:|1700243934\n|start\n|switch|p1a: Arcanine|Arcanine-Hisui, L50, F, shiny|100\/100\n|switch|p1b: Rillaboom|Rillaboom, L50, F|100\/100\n|switch|p2a: Cresselia|Cresselia, L50, F|100\/100\n|switch|p2b: Flutter Mane|Flutter Mane, L50|100\/100\n|-ability|p1a: Arcanine|Intimidate|boost\n|-unboost|p2a: Cresselia|atk|1\n|-unboost|p2b: Flutter Mane|atk|1\n|-fieldstart|move: Grassy Terrain|[from] ability: Grassy Surge|[of] p1b: Rillaboom\n|turn|1\n|inactive|Battle timer is ON: inactive players will automatically lose when time's up. (requested by Dryslide)\n|\n|t:|1700243962\n|-end|p2b: Flutter Mane|Protosynthesis|[silent]\n|switch|p2b: Muk|Muk-Alola, L50, M|100\/100\n|move|p1b: Rillaboom|Fake Out|p2a: Cresselia\n|-damage|p2a: Cresselia|92\/100\n|move|p1a: Arcanine|Rock Slide|p2b: Muk|[spread] p2a,p2b\n|-crit|p2a: Cresselia\n|-damage|p2a: Cresselia|55\/100\n|-damage|p2b: Muk|58\/100\n|cant|p2a: Cresselia|flinch\n|\n|-heal|p2b: Muk|64\/100|[from] Grassy Terrain\n|upkeep\n|turn|2\n|\n|t:|1700243983\n|move|p1a: Arcanine|Rock Slide|p2b: Muk|[spread] p2a,p2b\n|-damage|p2a: Cresselia|29\/100\n|-damage|p2b: Muk|24\/100\n|-enditem|p2b: Muk|Figy Berry|[eat]\n|-heal|p2b: Muk|57\/100|[from] item: Figy Berry\n|move|p1b: Rillaboom|High Horsepower|p2b: Muk\n|-supereffective|p2b: Muk\n|-damage|p2b: Muk|0 fnt\n|faint|p2b: Muk\n|move|p2a: Cresselia|Lunar Blessing|p2a: Cresselia\n|-heal|p2a: Cresselia|54\/100\n|\n|upkeep\n|\n|t:|1700243995\n|switch|p2b: Iron Hands|Iron Hands, L50|100\/100\n|turn|3\n|-message|Cranidactyl forfeited.\n|\n|win|Dryslide\n|raw|Dryslide's rating: 1261 &rarr; <strong>1289<\/strong><br \/>(+28 for winning)\n|raw|Cranidactyl's rating: 1302 &rarr; <strong>1280<\/strong><br \/>(-22 for losing)\n|l|\u2606Cranidactyl\n","uploadtime":1700244033,"views":15,"p1id":"dryslide","p2id":"cranidactyl","formatid":"gen9vgc2023regulatione","rating":1280,"private":0,"password":""}