{"id":"gen9vgc2023regulatione-1993889715","p1":"jamahcs","p2":"MrRexx1511","format":"[Gen 9] VGC 2023 Regulation E","log":"|j|\u2606jamahcs\n|j|\u2606MrRexx1511\n|n|\u2606jamahcs|jamahcs\n|n|\u2606MrRexx1511|mrrexx1511\n|html|View the match progress at <a href=\"\/game-bestof5-gen9vgc2023regulatione-1993887176\">game-bestof5-gen9vgc2023regulatione-1993887176<\/a>\n|t:|1700370666\n|gametype|doubles\n|player|p1|jamahcs|102|\n|player|p2|MrRexx1511|pokemonrangerf-gen4|\n|teamsize|p1|6\n|teamsize|p2|6\n|gen|9\n|tier|[Gen 9] VGC 2023 Regulation E\n|rule|Species Clause: Limit one of each Pok\u00e9mon\n|rule|Item Clause: Limit one of each item\n|clearpoke\n|poke|p1|Tornadus, L50, M|\n|poke|p1|Urshifu-*, L50, F|\n|poke|p1|Heatran, L50, F|\n|poke|p1|Iron Hands, L50|\n|poke|p1|Landorus-Therian, L50, M|\n|poke|p1|Flutter Mane, L50|\n|poke|p2|Urshifu-*, L50, F|\n|poke|p2|Regieleki, L50|\n|poke|p2|Indeedee-F, L50, F|\n|poke|p2|Tornadus, L50, M|\n|poke|p2|Chi-Yu, L50|\n|poke|p2|Flutter Mane, L50|\n|teampreview|4\njamahcs has agreed to open team sheets.\n|inactive|Battle timer is ON: inactive players will automatically lose when time's up. (requested by jamahcs)\n|inactiveoff|Battle timer is now OFF.\n|\n|t:|1700370765\n|start\n|switch|p1a: Tornadus|Tornadus, L50, M|100\/100\n|switch|p1b: Flutter Mane|Flutter Mane, L50|100\/100\n|switch|p2a: Regieleki|Regieleki, L50|100\/100\n|switch|p2b: Chi-Yu|Chi-Yu, L50|100\/100\n|-ability|p2b: Chi-Yu|Beads of Ruin\n|turn|1\n|l|\u2606jamahcs\n|player|p1|\n|j|\u2606jamahcs\n|player|p1|jamahcs|102\n|l|\u2606jamahcs\n|player|p1|\n|j|\u2606jamahcs\n|player|p1|jamahcs|102\n|\n|t:|1700370853\n|-terastallize|p1b: Flutter Mane|Fairy\n|move|p1a: Tornadus|Tailwind|p1a: Tornadus\n|-sidestart|p1: jamahcs|move: Tailwind\n|move|p1b: Flutter Mane|Dazzling Gleam|p2a: Regieleki|[spread] p2a,p2b\n|-damage|p2a: Regieleki|0 fnt\n|-damage|p2b: Chi-Yu|37\/100\n|faint|p2a: Regieleki\n|move|p2b: Chi-Yu|Snarl|p1a: Tornadus|[spread] p1a,p1b\n|-resisted|p1b: Flutter Mane\n|-damage|p1a: Tornadus|60\/100\n|-damage|p1b: Flutter Mane|84\/100\n|-unboost|p1a: Tornadus|spa|1\n|-unboost|p1b: Flutter Mane|spa|1\n|-damage|p2b: Chi-Yu|28\/100|[from] item: Life Orb\n|\n|upkeep\n|\n|t:|1700370870\n|switch|p2a: Flutter Mane|Flutter Mane, L50|100\/100\n|-enditem|p2a: Flutter Mane|Booster Energy\n|-activate|p2a: Flutter Mane|ability: Protosynthesis|[fromitem]\n|-start|p2a: Flutter Mane|protosynthesisspa\n|turn|2\n|\n|t:|1700370898\n|-terastallize|p2b: Chi-Yu|Fire\n|move|p1b: Flutter Mane|Dazzling Gleam|p2a: Flutter Mane|[spread] p2a,p2b\n|-resisted|p2b: Chi-Yu\n|-damage|p2a: Flutter Mane|40\/100\n|-damage|p2b: Chi-Yu|3\/100\n|move|p1a: Tornadus|Bleakwind Storm|p2a: Flutter Mane|[spread] p2b\n|-miss|p1a: Tornadus|p2a: Flutter Mane\n|-damage|p2b: Chi-Yu|0 fnt\n|faint|p2b: Chi-Yu\n|move|p2a: Flutter Mane|Dazzling Gleam|p1b: Flutter Mane|[spread] p1a,p1b\n|-damage|p1a: Tornadus|13\/100\n|-damage|p1b: Flutter Mane|37\/100\n|-enditem|p1a: Tornadus|Sitrus Berry|[eat]\n|-heal|p1a: Tornadus|38\/100|[from] item: Sitrus Berry\n|\n|upkeep\n|\n|t:|1700370911\n|switch|p2b: Urshifu|Urshifu-Rapid-Strike, L50, F|100\/100\n|turn|3\n|\n|t:|1700370925\n|move|p1a: Tornadus|Leer|p2b: Urshifu|[spread] p2a,p2b\n|-unboost|p2a: Flutter Mane|def|1\n|-unboost|p2b: Urshifu|def|1\n|move|p1b: Flutter Mane|Dazzling Gleam|p2b: Urshifu|[spread] p2a,p2b\n|-supereffective|p2b: Urshifu\n|-damage|p2a: Flutter Mane|0 fnt\n|-damage|p2b: Urshifu|0 fnt\n|faint|p2a: Flutter Mane\n|-end|p2a: Flutter Mane|Protosynthesis|[silent]\n|faint|p2b: Urshifu\n|\n|win|jamahcs\n|l|\u2606MrRexx1511\n","uploadtime":1700370943,"views":23,"p1id":"jamahcs","p2id":"mrrexx1511","formatid":"gen9vgc2023regulatione","rating":0,"private":0,"password":""}