{"id":"gen9vgc2023regulatione-1988522551","p1":"markgamer2041","p2":"AvianRoseline","format":"[Gen 9] VGC 2023 Regulation E","log":"|j|\u2606markgamer2041\n|j|\u2606AvianRoseline\n|t:|1699731979\n|gametype|doubles\n|player|p1|markgamer2041|hoopster|1000\n|player|p2|AvianRoseline|cynthia-gen4|1067\n|teamsize|p1|6\n|teamsize|p2|6\n|gen|9\n|tier|[Gen 9] VGC 2023 Regulation E\n|rated|\n|rule|Species Clause: Limit one of each Pok\u00e9mon\n|rule|Item Clause: Limit one of each item\n|clearpoke\n|poke|p1|Annihilape, L50, M|\n|poke|p1|Dondozo, L50, M|\n|poke|p1|Tatsugiri, L50, F|\n|poke|p1|Flamigo, L50, F|\n|poke|p1|Drifblim, L50, F|\n|poke|p1|Arboliva, L50, M|\n|poke|p2|Ditto, L50|\n|poke|p2|Snorlax, L50, F|\n|poke|p2|Ogerpon-Hearthflame, L50, F|\n|poke|p2|Cresselia, L50, F|\n|poke|p2|Baxcalibur, L50, F|\n|poke|p2|Rillaboom, L50, F|\n|teampreview|4\n|inactive|Battle timer is ON: inactive players will automatically lose when time's up. (requested by markgamer2041)\n|\n|t:|1699731991\n|start\n|switch|p1a: Annihilape|Annihilape, L50, M|100\/100\n|switch|p1b: Tatsugiri|Tatsugiri, L50, F|100\/100\n|switch|p2a: Support Madness|Cresselia, L50, F, shiny|100\/100\n|switch|p2b: Snoozelax|Snorlax, L50, F, shiny|100\/100\n|turn|1\n|\n|t:|1699732014\n|move|p1b: Tatsugiri|Endure|p1b: Tatsugiri\n|-singleturn|p1b: Tatsugiri|move: Endure\n|move|p1a: Annihilape|Final Gambit|p1b: Tatsugiri\n|-activate|p1b: Tatsugiri|move: Endure\n|-damage|p1b: Tatsugiri|1\/100\n|faint|p1a: Annihilape\n|move|p2b: Snoozelax|Belly Drum|p2b: Snoozelax\n|-damage|p2b: Snoozelax|51\/100\n|-setboost|p2b: Snoozelax|atk|6|[from] move: Belly Drum\n|move|p2a: Support Madness|Trick Room|p2a: Support Madness\n|-fieldstart|move: Trick Room|[of] p2a: Support Madness\n|\n|-status|p1b: Tatsugiri|tox|[from] item: Toxic Orb\n|upkeep\n|\n|t:|1699732028\n|switch|p1a: Dondozo|Dondozo, L50, M|100\/100\n|-activate|p1b: Tatsugiri|ability: Commander|[of] p1a: Dondozo\n|-boost|p1a: Dondozo|atk|2\n|-boost|p1a: Dondozo|spa|2\n|-boost|p1a: Dondozo|spe|2\n|-boost|p1a: Dondozo|def|2\n|-boost|p1a: Dondozo|spd|2\n|turn|2\n|\n|t:|1699732042\n|move|p1a: Dondozo|Protect|p1a: Dondozo\n|-singleturn|p1a: Dondozo|Protect\n|move|p2b: Snoozelax|Body Slam|p1a: Dondozo\n|-activate|p1a: Dondozo|move: Protect\n|move|p2a: Support Madness|Lunar Blessing|p2a: Support Madness|[spread] p2a,p2b\n|-heal|p2b: Snoozelax|76\/100\n|\n|-damage|p1b: Tatsugiri|0 fnt|[from] psn\n|faint|p1b: Tatsugiri\n|upkeep\n|\n|t:|1699732053\n|switch|p1b: Flamigo|Flamigo, L50, F|100\/100\n|-copyboost|p1b: Flamigo|p1a: Dondozo|[from] ability: Costar\n|turn|3\n|\n|t:|1699732063\n|move|p2b: Snoozelax|Body Slam|p1b: Flamigo\n|-damage|p1b: Flamigo|0 fnt\n|faint|p1b: Flamigo\n|move|p1a: Dondozo|Order Up|p2b: Snoozelax\n|-damage|p2b: Snoozelax|30\/100\n|-boost|p1a: Dondozo|atk|1\n|move|p2a: Support Madness|Lunar Blessing|p2a: Support Madness|[spread] p2a,p2b\n|-heal|p2b: Snoozelax|56\/100\n|\n|upkeep\n|turn|4\n|-message|markgamer2041 forfeited.\n|\n|win|AvianRoseline\n|raw|markgamer2041's rating: 1000 &rarr; <strong>1000<\/strong><br \/>(+0 for losing)\n|raw|AvianRoseline's rating: 1067 &rarr; <strong>1091<\/strong><br \/>(+24 for winning)\n|l|\u2606markgamer2041\n","uploadtime":1699732086,"views":16,"p1id":"markgamer2041","p2id":"avianroseline","formatid":"gen9vgc2023regulatione","rating":1000,"private":0,"password":""}