{"id":"gen9vgc2023regulatione-1999526681","p1":"bing11","p2":"ShockucA","format":"[Gen 9] VGC 2023 Regulation E","log":"|j|\u2606bing11\n|j|\u2606ShockucA\n|t:|1701092649\n|gametype|doubles\n|player|p1|bing11|lance|1364\n|player|p2|ShockucA|scientistf|1444\n|teamsize|p1|6\n|teamsize|p2|6\n|gen|9\n|tier|[Gen 9] VGC 2023 Regulation E\n|rated|\n|rule|Species Clause: Limit one of each Pok\u00e9mon\n|rule|Item Clause: Limit one of each item\n|clearpoke\n|poke|p1|Illumise, L50, F|\n|poke|p1|Arcanine-Hisui, L50, M|\n|poke|p1|Urshifu-*, L50, F|\n|poke|p1|Ursaluna-Bloodmoon, L50, M|\n|poke|p1|Flutter Mane, L50|\n|poke|p1|Chi-Yu, L50|\n|poke|p2|Iron Hands, L50|\n|poke|p2|Landorus-Therian, L50, M|\n|poke|p2|Flutter Mane, L50|\n|poke|p2|Chi-Yu, L50|\n|poke|p2|Kingambit, L50, F|\n|poke|p2|Amoonguss, L50, F|\n|teampreview|4\n|inactive|Battle timer is ON: inactive players will automatically lose when time's up. (requested by bing11)\n|inactive|ShockucA has 60 seconds left.\n|inactive|ShockucA has 30 seconds left.\n|\n|t:|1701092720\n|start\n|switch|p1a: Chi-Yu|Chi-Yu, L50|100\/100\n|switch|p1b: Flutter Mane|Flutter Mane, L50|100\/100\n|switch|p2a: Flutter Mane|Flutter Mane, L50|100\/100\n|switch|p2b: Kingambit|Kingambit, L50, F|100\/100\n|-ability|p1a: Chi-Yu|Beads of Ruin\n|-enditem|p2a: Flutter Mane|Booster Energy\n|-activate|p2a: Flutter Mane|ability: Protosynthesis|[fromitem]\n|-start|p2a: Flutter Mane|protosynthesisspe\n|turn|1\n|inactive|ShockucA has 30 seconds left.\n|inactive|ShockucA has 20 seconds left.\n|\n|t:|1701092760\n|-terastallize|p1b: Flutter Mane|Fairy\n|move|p2b: Kingambit|Protect|p2b: Kingambit\n|-singleturn|p2b: Kingambit|Protect\n|move|p2a: Flutter Mane|Icy Wind|p1b: Flutter Mane|[spread] p1a,p1b\n|-resisted|p1a: Chi-Yu\n|-damage|p1a: Chi-Yu|93\/100\n|-damage|p1b: Flutter Mane|81\/100\n|-unboost|p1a: Chi-Yu|spe|1\n|-unboost|p1b: Flutter Mane|spe|1\n|move|p1a: Chi-Yu|Heat Wave|p2b: Kingambit|[spread] p2a\n|-activate|p2b: Kingambit|move: Protect\n|-damage|p2a: Flutter Mane|51\/100\n|move|p1b: Flutter Mane|Dazzling Gleam|p2a: Flutter Mane|[spread] p2a\n|-activate|p2b: Kingambit|move: Protect\n|-damage|p2a: Flutter Mane|0 fnt\n|faint|p2a: Flutter Mane\n|-end|p2a: Flutter Mane|Protosynthesis|[silent]\n|\n|upkeep\n|inactive|ShockucA has 30 seconds left.\n|inactive|ShockucA has 20 seconds left.\n|\n|t:|1701092797\n|switch|p2a: Chi-Yu|Chi-Yu, L50|100\/100\n|-ability|p2a: Chi-Yu|Beads of Ruin\n|turn|2\n|\n|t:|1701092813\n|-terastallize|p2b: Kingambit|Dark\n|move|p2b: Kingambit|Sucker Punch|p1a: Chi-Yu\n|-resisted|p1a: Chi-Yu\n|-damage|p1a: Chi-Yu|37\/100\n|move|p2a: Chi-Yu|Heat Wave|p1a: Chi-Yu|[spread] p1a,p1b\n|-resisted|p1a: Chi-Yu\n|-damage|p1a: Chi-Yu|5\/100\n|-damage|p1b: Flutter Mane|0 fnt\n|faint|p1b: Flutter Mane\n|-end|p1b: Flutter Mane|Protosynthesis|[silent]\n|move|p1a: Chi-Yu|Heat Wave|p2a: Chi-Yu|[spread] p2a,p2b\n|-resisted|p2a: Chi-Yu\n|-damage|p2a: Chi-Yu|78\/100\n|-damage|p2b: Kingambit|55\/100\n|\n|upkeep\n|\n|t:|1701092826\n|switch|p1b: Illumise|Illumise, L50, F|100\/100\n|turn|3\n|\n|t:|1701092846\n|switch|p1a: Ursaluna|Ursaluna-Bloodmoon, L50, M|100\/100\n|move|p1b: Illumise|Encore|p2b: Kingambit\n|-hint|Since gen 7, Dark is immune to Prankster moves.\n|-immune|p2b: Kingambit\n|move|p2a: Chi-Yu|Heat Wave|p1b: Illumise|[spread] p1a,p1b\n|-supereffective|p1b: Illumise\n|-damage|p1a: Ursaluna|8\/100\n|-damage|p1b: Illumise|0 fnt\n|faint|p1b: Illumise\n|move|p2b: Kingambit|Kowtow Cleave|p1a: Ursaluna\n|-crit|p1a: Ursaluna\n|-damage|p1a: Ursaluna|0 fnt\n|faint|p1a: Ursaluna\n|\n|upkeep\n|-message|bing11 forfeited.\n|\n|win|ShockucA\n|raw|bing11's rating: 1364 &rarr; <strong>1349<\/strong><br \/>(-15 for losing)\n|raw|ShockucA's rating: 1444 &rarr; <strong>1459<\/strong><br \/>(+15 for winning)\n|l|\u2606bing11\n","uploadtime":1701092983,"views":3,"p1id":"bing11","p2id":"shockuca","formatid":"gen9vgc2023regulatione","rating":1349,"private":0,"password":""}