{"id":"gen9vgc2023regulatione-1999012035","p1":"NoahDaGr81","p2":"Er_Kapi","format":"[Gen 9] VGC 2023 Regulation E","log":"|j|\u2606NoahDaGr81\n|j|\u2606Er_Kapi\n|t:|1701023742\n|gametype|doubles\n|player|p1|NoahDaGr81|pokemonbreeder|1141\n|player|p2|Er_Kapi|2|1048\n|teamsize|p1|6\n|teamsize|p2|6\n|gen|9\n|tier|[Gen 9] VGC 2023 Regulation E\n|rated|\n|rule|Species Clause: Limit one of each Pok\u00e9mon\n|rule|Item Clause: Limit one of each item\n|clearpoke\n|poke|p1|Meowscarada, L50, F|\n|poke|p1|Flutter Mane, L50|\n|poke|p1|Chi-Yu, L50|\n|poke|p1|Ninetales, L50, M|\n|poke|p1|Espeon, L50, F|\n|poke|p1|Roaring Moon, L50|\n|poke|p2|Indeedee-F, L50, F|\n|poke|p2|Bellibolt, L50, M|\n|poke|p2|Clawitzer, L50, F|\n|poke|p2|Amoonguss, L50, M|\n|poke|p2|Dudunsparce-*, L50, F|\n|poke|p2|Gallade, L50, M|\n|teampreview|4\n|\n|t:|1701023780\n|start\n|switch|p1a: Mercurius|Chi-Yu, L50|100\/100\n|switch|p1b: Meowscarada|Meowscarada, L50, F|100\/100\n|switch|p2a: Indeedee|Indeedee-F, L50, F, shiny|100\/100\n|switch|p2b: Amoonguss|Amoonguss, L50, M, shiny|100\/100\n|-ability|p1a: Mercurius|Beads of Ruin\n|-fieldstart|move: Psychic Terrain|[from] ability: Psychic Surge|[of] p2a: Indeedee\n|-enditem|p2a: Indeedee|Psychic Seed\n|-boost|p2a: Indeedee|spd|1|[from] item: Psychic Seed\n|turn|1\n|\n|t:|1701023801\n|-terastallize|p1a: Mercurius|Fire\n|move|p1b: Meowscarada|Helping Hand|p1a: Mercurius\n|-start|p1b: Meowscarada|typechange|Normal|[from] ability: Protean\n|-singleturn|p1a: Mercurius|Helping Hand|[of] p1b: Meowscarada\n|move|p2a: Indeedee|Protect|p2a: Indeedee\n|-singleturn|p2a: Indeedee|Protect\n|move|p1a: Mercurius|Burning Jealousy|p2a: Indeedee|[spread] p2b\n|-activate|p2a: Indeedee|move: Protect\n|-supereffective|p2b: Amoonguss\n|-damage|p2b: Amoonguss|0 fnt\n|faint|p2b: Amoonguss\n|\n|upkeep\n|\n|t:|1701023815\n|switch|p2b: Clawitzer|Clawitzer, L50, F, shiny|100\/100\n|turn|2\n|\n|t:|1701023830\n|move|p1b: Meowscarada|U-turn|p2a: Indeedee\n|-supereffective|p2a: Indeedee\n|-damage|p2a: Indeedee|34\/100\n|\n|t:|1701023835\n|switch|p1b: Tsakurai|Ninetales, L50, M, shiny|100\/100|[from] U-turn\n|-weather|SunnyDay|[from] ability: Drought|[of] p1b: Tsakurai\n|move|p1a: Mercurius|Burning Jealousy|p2a: Indeedee|[spread] p2a,p2b\n|-resisted|p2b: Clawitzer\n|-damage|p2a: Indeedee|0 fnt\n|-damage|p2b: Clawitzer|29\/100\n|faint|p2a: Indeedee\n|move|p2b: Clawitzer|Aura Sphere|p1b: Tsakurai\n|-damage|p1b: Tsakurai|15\/100\n|\n|-weather|SunnyDay|[upkeep]\n|upkeep\n|\n|t:|1701023845\n|switch|p2a: Dudunsparce|Dudunsparce-Three-Segment, L50, F|100\/100\n|turn|3\n|\n|t:|1701023853\n|move|p1b: Tsakurai|Helping Hand|p1a: Mercurius\n|-singleturn|p1a: Mercurius|Helping Hand|[of] p1b: Tsakurai\n|move|p1a: Mercurius|Burning Jealousy|p2a: Dudunsparce|[spread] p2a,p2b\n|-resisted|p2b: Clawitzer\n|-crit|p2b: Clawitzer\n|-damage|p2a: Dudunsparce|0 fnt\n|-damage|p2b: Clawitzer|0 fnt\n|faint|p2a: Dudunsparce\n|faint|p2b: Clawitzer\n|\n|win|NoahDaGr81\n|raw|NoahDaGr81's rating: 1141 &rarr; <strong>1159<\/strong><br \/>(+18 for winning)\n|raw|Er_Kapi's rating: 1048 &rarr; <strong>1035<\/strong><br \/>(-13 for losing)\n|l|\u2606Er_Kapi\n","uploadtime":1701023865,"views":27,"p1id":"noahdagr81","p2id":"erkapi","formatid":"gen9vgc2023regulatione","rating":1035,"private":0,"password":""}