{"id":"gen9vgc2023regulatione-1992336827","p1":"TrainerDylan24","p2":"ChroNicolas","format":"[Gen 9] VGC 2023 Regulation E","log":"|j|\u2606TrainerDylan24\n|j|\u2606ChroNicolas\n|t:|1700176069\n|gametype|doubles\n|player|p1|TrainerDylan24|swimmerf|1210\n|player|p2|ChroNicolas|265|1115\n|teamsize|p1|6\n|teamsize|p2|6\n|gen|9\n|tier|[Gen 9] VGC 2023 Regulation E\n|rated|\n|rule|Species Clause: Limit one of each Pok\u00e9mon\n|rule|Item Clause: Limit one of each item\n|clearpoke\n|poke|p1|Politoed, L50, M|\n|poke|p1|Kilowattrel, L50, F|\n|poke|p1|Iron Bundle, L50|\n|poke|p1|Maushold-Four, L50|\n|poke|p1|Rillaboom, L50, F|\n|poke|p1|Forretress, L50, F|\n|poke|p2|Iron Hands, L50|\n|poke|p2|Dragonite, L50, M|\n|poke|p2|Sinistcha-Masterpiece, L50|\n|poke|p2|Landorus-Therian, L50, M|\n|poke|p2|Armarouge, L50, F|\n|poke|p2|Sylveon, L50, M|\n|teampreview|4\n|\n|t:|1700176106\n|start\n|switch|p1a: Iron Bundle|Iron Bundle, L50|100\/100\n|switch|p1b: Politoed|Politoed, L50, M|100\/100\n|switch|p2a: Iron Hands|Iron Hands, L50|100\/100\n|switch|p2b: Landorus|Landorus-Therian, L50, M|100\/100\n|-ability|p2b: Landorus|Intimidate|boost\n|-unboost|p1a: Iron Bundle|atk|1\n|-unboost|p1b: Politoed|atk|1\n|-weather|RainDance|[from] ability: Drizzle|[of] p1b: Politoed\n|-enditem|p1a: Iron Bundle|Booster Energy\n|-activate|p1a: Iron Bundle|ability: Quark Drive|[fromitem]\n|-start|p1a: Iron Bundle|quarkdrivespe\n|-enditem|p2a: Iron Hands|Booster Energy\n|-activate|p2a: Iron Hands|ability: Quark Drive|[fromitem]\n|-start|p2a: Iron Hands|quarkdriveatk\n|turn|1\n|inactive|Battle timer is ON: inactive players will automatically lose when time's up. (requested by ChroNicolas)\n|inactive|ChroNicolas has 60 seconds left.\n|\n|t:|1700176152\n|move|p1a: Iron Bundle|Protect|p1a: Iron Bundle\n|-singleturn|p1a: Iron Bundle|Protect\n|move|p2a: Iron Hands|Fake Out|p1a: Iron Bundle\n|-activate|p1a: Iron Bundle|move: Protect\n|move|p2b: Landorus|U-turn|p1a: Iron Bundle\n|-activate|p1a: Iron Bundle|move: Protect\n|move|p1b: Politoed|Icy Wind|p2b: Landorus|[spread] p2a,p2b\n|-supereffective|p2b: Landorus\n|-damage|p2a: Iron Hands|86\/100\n|-damage|p2b: Landorus|31\/100\n|-unboost|p2a: Iron Hands|spe|1\n|-unboost|p2b: Landorus|spe|1\n|-damage|p1b: Politoed|91\/100|[from] item: Life Orb\n|\n|-weather|RainDance|[upkeep]\n|upkeep\n|turn|2\n|\n|t:|1700176172\n|-terastallize|p1a: Iron Bundle|Water\n|move|p1a: Iron Bundle|Tera Blast|p2a: Iron Hands|[anim] Tera Blast Water\n|-damage|p2a: Iron Hands|5\/100\n|move|p1b: Politoed|Muddy Water|p2b: Landorus|[spread] p2a,p2b\n|-supereffective|p2b: Landorus\n|-damage|p2a: Iron Hands|0 fnt\n|-damage|p2b: Landorus|0 fnt\n|faint|p2a: Iron Hands\n|-end|p2a: Iron Hands|Quark Drive|[silent]\n|faint|p2b: Landorus\n|-damage|p1b: Politoed|81\/100|[from] item: Life Orb\n|\n|-weather|RainDance|[upkeep]\n|upkeep\n|-message|ChroNicolas forfeited.\n|\n|win|TrainerDylan24\n|raw|TrainerDylan24's rating: 1210 &rarr; <strong>1228<\/strong><br \/>(+18 for winning)\n|raw|ChroNicolas's rating: 1115 &rarr; <strong>1097<\/strong><br \/>(-18 for losing)\n|l|\u2606ChroNicolas\n","uploadtime":1700176185,"views":12,"p1id":"trainerdylan24","p2id":"chronicolas","formatid":"gen9vgc2023regulatione","rating":1097,"private":0,"password":""}