{"id":"gen9vgc2023regulatione-1995924807","p1":"Matcha Man Savage","p2":"cdg23","format":"[Gen 9] VGC 2023 Regulation E","log":"|j|\u2606Matcha Man Savage\n|j|\u2606cdg23\n|t:|1700618036\n|gametype|doubles\n|player|p1|Matcha Man Savage|pokemaniac|1321\n|player|p2|cdg23|1|1319\n|teamsize|p1|6\n|teamsize|p2|6\n|gen|9\n|tier|[Gen 9] VGC 2023 Regulation E\n|rated|\n|rule|Species Clause: Limit one of each Pok\u00e9mon\n|rule|Item Clause: Limit one of each item\n|clearpoke\n|poke|p1|Chi-Yu, L50|\n|poke|p1|Flutter Mane, L50|\n|poke|p1|Landorus-Therian, L50, M|\n|poke|p1|Tornadus, L50, M|\n|poke|p1|Iron Bundle, L50|\n|poke|p1|Ogerpon-Wellspring, L50, F|\n|poke|p2|Rillaboom, L50, M|\n|poke|p2|Chien-Pao, L50|\n|poke|p2|Umbreon, L50, M|\n|poke|p2|Dragonite, L50, M|\n|poke|p2|Ursaluna-Bloodmoon, L50, M|\n|poke|p2|Zoroark-Hisui, L50, F|\n|teampreview|4\n|inactive|Battle timer is ON: inactive players will automatically lose when time's up. (requested by Matcha Man Savage)\n|\n|t:|1700618062\n|start\n|switch|p1a: Chi-Yu|Chi-Yu, L50|100\/100\n|switch|p1b: Tairy Fera|Flutter Mane, L50|100\/100\n|switch|p2a: Dragonite|Dragonite, L50, M, shiny|100\/100\n|switch|p2b: Umbreon|Umbreon, L50, M, shiny|100\/100\n|-ability|p1a: Chi-Yu|Beads of Ruin\n|turn|1\n|\n|t:|1700618083\n|-terastallize|p2a: Dragonite|Normal\n|-terastallize|p1a: Chi-Yu|Ghost\n|move|p2b: Umbreon|Helping Hand|p2a: Dragonite\n|-singleturn|p2a: Dragonite|Helping Hand|[of] p2b: Umbreon\n|move|p2a: Dragonite|Extreme Speed|p1a: Chi-Yu\n|-immune|p1a: Chi-Yu\n|move|p1b: Tairy Fera|Dazzling Gleam|p2b: Umbreon|[spread] p2a,p2b\n|-supereffective|p2b: Umbreon\n|-damage|p2a: Dragonite|53\/100\n|-damage|p2b: Umbreon|40\/100\n|move|p1a: Chi-Yu|Heat Wave|p2b: Umbreon|[spread] p2a,p2b\n|-damage|p2a: Dragonite|0 fnt\n|-damage|p2b: Umbreon|0 fnt\n|faint|p2a: Dragonite\n|faint|p2b: Umbreon\n|-damage|p1a: Chi-Yu|91\/100|[from] item: Life Orb\n|\n|upkeep\n|\n|t:|1700618100\n|switch|p2a: Chien-Pao|Chien-Pao, L50|100\/100\n|switch|p2b: Zoroark|Zoroark-Hisui, L50, F, shiny|100\/100\n|-ability|p2a: Chien-Pao|Sword of Ruin\n|turn|2\n|\n|t:|1700618112\n|move|p1a: Chi-Yu|Protect|p1a: Chi-Yu\n|-singleturn|p1a: Chi-Yu|Protect\n|move|p2a: Chien-Pao|Sucker Punch|p1b: Tairy Fera\n|-damage|p1b: Tairy Fera|37\/100\n|move|p2b: Zoroark|Bitter Malice|p1a: Chi-Yu\n|-activate|p1a: Chi-Yu|move: Protect\n|move|p1b: Tairy Fera|Dazzling Gleam|p2a: Chien-Pao|[spread] p2a,p2b\n|-supereffective|p2a: Chien-Pao\n|-enditem|p2a: Chien-Pao|Focus Sash\n|-damage|p2a: Chien-Pao|1\/100\n|-damage|p2b: Zoroark|6\/100\n|\n|upkeep\n|turn|3\n|\n|t:|1700618132\n|move|p2a: Chien-Pao|Sucker Punch|p1b: Tairy Fera\n|-damage|p1b: Tairy Fera|0 fnt\n|faint|p1b: Tairy Fera\n|-end|p1b: Tairy Fera|Protosynthesis|[silent]\n|move|p2b: Zoroark|Bitter Malice|p1a: Chi-Yu\n|-supereffective|p1a: Chi-Yu\n|-damage|p1a: Chi-Yu|0 fnt\n|faint|p1a: Chi-Yu\n|\n|upkeep\n|\n|t:|1700618137\n|switch|p1b: Ogerpon|Ogerpon-Wellspring, L50, F|100\/100\n|switch|p1a: RoboSanta|Iron Bundle, L50|100\/100\n|-enditem|p1a: RoboSanta|Booster Energy\n|-activate|p1a: RoboSanta|ability: Quark Drive|[fromitem]\n|-start|p1a: RoboSanta|quarkdrivespe\n|turn|4\n|\n|t:|1700618152\n|move|p2a: Chien-Pao|Sucker Punch|p1a: RoboSanta\n|-crit|p1a: RoboSanta\n|-damage|p1a: RoboSanta|22\/100\n|move|p1a: RoboSanta|Icy Wind|p2b: Zoroark|[spread] p2b\n|-miss|p1a: RoboSanta|p2a: Chien-Pao\n|-damage|p2b: Zoroark|0 fnt\n|faint|p2b: Zoroark\n|move|p1b: Ogerpon|Ivy Cudgel|p2a: Chien-Pao|[anim] Ivy Cudgel Water\n|-damage|p2a: Chien-Pao|0 fnt\n|faint|p2a: Chien-Pao\n|\n|win|Matcha Man Savage\n|raw|Matcha Man Savage's rating: 1321 &rarr; <strong>1341<\/strong><br \/>(+20 for winning)\n|raw|cdg23's rating: 1319 &rarr; <strong>1299<\/strong><br \/>(-20 for losing)\n","uploadtime":1700618164,"views":10,"p1id":"matchamansavage","p2id":"cdg23","formatid":"gen9vgc2023regulatione","rating":1299,"private":0,"password":""}