{"id":"gen9vgc2023regulatione-1998390796","p1":"Redacted420","p2":"E.E.E Guzma","format":"[Gen 9] VGC 2023 Regulation E","log":"|j|\u2606Redacted420\n|j|\u2606E.E.E Guzma\n|t:|1700937005\n|gametype|doubles\n|player|p1|Redacted420|lance|1331\n|player|p2|E.E.E Guzma|guzma|1264\n|teamsize|p1|6\n|teamsize|p2|6\n|gen|9\n|tier|[Gen 9] VGC 2023 Regulation E\n|rated|\n|rule|Species Clause: Limit one of each Pok\u00e9mon\n|rule|Item Clause: Limit one of each item\n|clearpoke\n|poke|p1|Indeedee-F, L50, F|\n|poke|p1|Armarouge, L50, M|\n|poke|p1|Iron Hands, L50|\n|poke|p1|Roaring Moon, L50|\n|poke|p1|Flutter Mane, L50|\n|poke|p1|Landorus-Therian, L50, M|\n|poke|p2|Ogerpon-Hearthflame, L50, F|\n|poke|p2|Urshifu-*, L50, M|\n|poke|p2|Tornadus, L50, M|\n|poke|p2|Iron Bundle, L50|\n|poke|p2|Flutter Mane, L50|\n|poke|p2|Kingambit, L50, M|\n|teampreview|4\n|inactive|Battle timer is ON: inactive players will automatically lose when time's up. (requested by E.E.E Guzma)\n|\n|t:|1700937024\n|start\n|switch|p1a: Roaring Moon|Roaring Moon, L50, shiny|100\/100\n|switch|p1b: Armarouge|Armarouge, L50, M, shiny|100\/100\n|switch|p2a: Kingambit|Kingambit, L50, M, shiny|100\/100\n|switch|p2b: Ogerpon|Ogerpon-Hearthflame, L50, F|100\/100\n|-ability|p2b: Ogerpon|Mold Breaker\n|-enditem|p1a: Roaring Moon|Booster Energy\n|-activate|p1a: Roaring Moon|ability: Protosynthesis|[fromitem]\n|-start|p1a: Roaring Moon|protosynthesisspe\n|turn|1\n|\n|t:|1700937041\n|switch|p2b: Iron Bundle|Iron Bundle, L50|100\/100\n|-enditem|p2b: Iron Bundle|Booster Energy\n|-activate|p2b: Iron Bundle|ability: Quark Drive|[fromitem]\n|-start|p2b: Iron Bundle|quarkdrivespe\n|move|p1b: Armarouge|Endure|p1b: Armarouge\n|-singleturn|p1b: Armarouge|move: Endure\n|move|p1a: Roaring Moon|Earthquake|p2b: Iron Bundle|[spread] p1b,p2a,p2b\n|-supereffective|p1b: Armarouge\n|-supereffective|p2a: Kingambit\n|-damage|p1b: Armarouge|51\/100\n|-damage|p2a: Kingambit|64\/100\n|-damage|p2b: Iron Bundle|76\/100\n|-ability|p1b: Armarouge|Weak Armor|boost\n|-unboost|p1b: Armarouge|def|1\n|-boost|p1b: Armarouge|spe|2\n|-enditem|p1b: Armarouge|Weakness Policy\n|-boost|p1b: Armarouge|atk|2|[from] item: Weakness Policy\n|-boost|p1b: Armarouge|spa|2|[from] item: Weakness Policy\n|move|p2a: Kingambit|Swords Dance|p2a: Kingambit\n|-boost|p2a: Kingambit|atk|2\n|\n|upkeep\n|turn|2\n|inactive|Redacted420 has 30 seconds left.\n|inactive|E.E.E Guzma has 30 seconds left.\n|\n|t:|1700937069\n|-terastallize|p1b: Armarouge|Psychic\n|move|p2a: Kingambit|Protect|p2a: Kingambit\n|-singleturn|p2a: Kingambit|Protect\n|move|p2b: Iron Bundle|Encore|p1b: Armarouge\n|-start|p1b: Armarouge|Encore\n|move|p1a: Roaring Moon|Tailwind|p1a: Roaring Moon\n|-sidestart|p1: Redacted420|move: Tailwind\n|move|p1b: Armarouge|Endure||[still]\n|-fail|p1b: Armarouge\n|\n|upkeep\n|turn|3\n|-message|Redacted420 forfeited.\n|\n|win|E.E.E Guzma\n|raw|Redacted420's rating: 1331 &rarr; <strong>1307<\/strong><br \/>(-24 for losing)\n|raw|E.E.E Guzma's rating: 1264 &rarr; <strong>1294<\/strong><br \/>(+30 for winning)\n|l|\u2606Redacted420\n","uploadtime":1700937090,"views":0,"p1id":"redacted420","p2id":"eeeguzma","formatid":"gen9vgc2023regulatione","rating":1294,"private":0,"password":""}