{"id":"gen9vgc2023regulatione-1999853981","p1":"octasito","p2":"fudii","format":"[Gen 9] VGC 2023 Regulation E","log":"|j|\u2606octasito\n|j|\u2606fudii\n|t:|1701123018\n|gametype|doubles\n|player|p1|octasito|ash-sinnoh|\n|player|p2|fudii|elesa|\n|teamsize|p1|6\n|teamsize|p2|6\n|gen|9\n|tier|[Gen 9] VGC 2023 Regulation E\n|rated|Tournament battle\n|rule|Species Clause: Limit one of each Pok\u00e9mon\n|rule|Item Clause: Limit one of each item\n|clearpoke\n|poke|p1|Amoonguss, L50, M|\n|poke|p1|Ogerpon-Wellspring, L50, F|\n|poke|p1|Iron Hands, L50|\n|poke|p1|Landorus-Therian, L50, M|\n|poke|p1|Heatran, L50, M|\n|poke|p1|Flutter Mane, L50|\n|poke|p2|Flutter Mane, L50|\n|poke|p2|Tornadus, L50, M|\n|poke|p2|Regieleki, L50|\n|poke|p2|Chi-Yu, L50|\n|poke|p2|Ogerpon-Wellspring, L50, F|\n|poke|p2|Indeedee-F, L50, F|\n|teampreview|4\n|showteam|p1|Amoonguss||RockyHelmet|Regenerator|Protect,PollenPuff,RagePowder,Spore|||M|||50|,,,,,Water]Ogerpon-Wellspring||WellspringMask|WaterAbsorb|IvyCudgel,HornLeech,SwordsDance,SpikyShield|||F|||50|,,,,,Water]Iron Hands||AssaultVest|QuarkDrive|FakeOut,DrainPunch,WildCharge,HeavySlam||||||50|,,,,,Grass]Landorus-Therian||ChoiceScarf|Intimidate|TeraBlast,StompingTantrum,RockSlide,Uturn|||M|||50|,,,,,Flying]Heatran||LifeOrb|FlashFire|HeatWave,EarthPower,FlashCannon,Protect|||M|||50|,,,,,Grass]Flutter Mane||BoosterEnergy|Protosynthesis|DazzlingGleam,Moonblast,Protect,ShadowBall||||||50|,,,,,Fairy\n|showteam|p2|Flutter Mane||FocusSash|Protosynthesis|DazzlingGleam,Moonblast,ShadowBall,Protect||||||50|,,,,,Fairy]Tornadus||SafetyGoggles|Prankster|BleakwindStorm,Tailwind,RainDance,Protect|||M|||50|,,,,,Dark]Regieleki||Magnet|Transistor|Thunderbolt,Electroweb,TeraBlast,Protect||||||50|,,,,,Ice]Chi-Yu||LifeOrb|BeadsofRuin|HeatWave,Overheat,Snarl,Protect||||||50|,,,,,Fire]Ogerpon-Wellspring||WellspringMask|WaterAbsorb|IvyCudgel,HornLeech,SwordsDance,SpikyShield|||F|||50|,,,,,Water]Indeedee-F||PsychicSeed|PsychicSurge|Psychic,FollowMe,HelpingHand,Protect|||F|||50|,,,,,Dragon\n|inactive|Battle timer is ON: inactive players will automatically lose when time's up. (requested by octasito)\n|j|%Radio Free C-Side\n|j| FBISurveillanceMan\n|c|\u2606octasito|hfhf\n|c|\u2606fudii|hfhf\n|c|\u2606octasito|cool ass team btw\n|c|\u2606octasito|love the eleki\n|inactive|octasito has 60 seconds left.\n|inactive|fudii has 60 seconds left.\n|j| FunneeMonkee\n|c|%Radio Free C-Side|thiago lattanzi moment\n|inactive|fudii has 30 seconds left.\n|inactive|fudii has 20 seconds left.\n|c|\u2606octasito|ion get the reference\n|c|\u2606octasito|i think i might be scared\n|inactive|fudii has 15 seconds left.\n|inactive|fudii has 10 seconds left.\n|inactive|fudii has 5 seconds left.\n|\n|t:|1701123104\n|start\n|switch|p1a: Iron feet|Iron Hands, L50|100\/100\n|switch|p1b: demeteros|Landorus-Therian, L50, M|100\/100\n|switch|p2a: Indeedee|Indeedee-F, L50, F|100\/100\n|switch|p2b: Ogerpon|Ogerpon-Wellspring, L50, F|100\/100\n|-ability|p1b: demeteros|Intimidate|boost\n|-unboost|p2a: Indeedee|atk|1\n|-unboost|p2b: Ogerpon|atk|1\n|-fieldstart|move: Psychic Terrain|[from] ability: Psychic Surge|[of] p2a: Indeedee\n|-enditem|p2a: Indeedee|Psychic Seed\n|-boost|p2a: Indeedee|spd|1|[from] item: Psychic Seed\n|turn|1\n|c|%Radio Free C-Side|its thiago lattanzi's team from LAIC, which made the final\n|c|\u2606fudii|yeah\n|inactive|octasito has 30 seconds left.\n|inactive|fudii has 30 seconds left.\n|c|\u2606octasito|yeah but its cool to see ppl using different mons\n|inactive|octasito has 20 seconds left.\n|inactive|octasito has 15 seconds left.\n|inactive|octasito has 10 seconds left.\n|inactive|octasito has 5 seconds left.\n|\n|t:|1701123155\n|move|p2b: Ogerpon|Spiky Shield|p2b: Ogerpon\n|-singleturn|p2b: Ogerpon|move: Protect\n|move|p1b: demeteros|U-turn|p2a: Indeedee\n|-supereffective|p2a: Indeedee\n|-damage|p2a: Indeedee|46\/100\n|c|\u2606fudii|there are no diff mons, its the same team\n|\n|t:|1701123160\n|switch|p1b: lucky cudgel|Ogerpon-Wellspring, L50, F|100\/100|[from] U-turn\n|move|p2a: Indeedee|Psychic|p1a: Iron feet\n|-supereffective|p1a: Iron feet\n|-damage|p1a: Iron feet|60\/100\n|move|p1a: Iron feet|Wild Charge|p2b: Ogerpon\n|-activate|p2b: Ogerpon|move: Protect\n|-damage|p1a: Iron feet|48\/100|[from] Spiky Shield|[of] p2b: Ogerpon\n|\n|upkeep\n|turn|2\n|c|\u2606octasito|yeah but the eleki :,)\n|l| FBISurveillanceMan\n|inactive|octasito has 30 seconds left.\n|inactive|fudii has 30 seconds left.\n|c|\u2606fudii|ah yeah, thats the mon which made me pick it up to try\n|c|\u2606octasito|at least there is no urshi\n|inactive|octasito has 20 seconds left.\n|inactive|fudii has 20 seconds left.\n|inactive|octasito has 15 seconds left.\n|inactive|fudii has 15 seconds left.\n|inactive|octasito has 10 seconds left.\n|inactive|fudii has 10 seconds left.\n|inactive|octasito has 5 seconds left.\n|inactive|fudii has 5 seconds left.\n|\n|t:|1701123213\n|switch|p2a: Tornadus|Tornadus, L50, M|100\/100\n|move|p1b: lucky cudgel|Spiky Shield|p1b: lucky cudgel\n|-singleturn|p1b: lucky cudgel|move: Protect\n|move|p2b: Ogerpon|Swords Dance|p2b: Ogerpon\n|-boost|p2b: Ogerpon|atk|2\n|move|p1a: Iron feet|Drain Punch|p2a: Tornadus\n|-resisted|p2a: Tornadus\n|-damage|p2a: Tornadus|82\/100\n|-heal|p1a: Iron feet|55\/100|[from] drain|[of] p2a: Tornadus\n|\n|upkeep\n|turn|3\n|\n|t:|1701123230\n|switch|p1b: demeteros|Landorus-Therian, L50, M|100\/100\n|-ability|p1b: demeteros|Intimidate|boost\n|-unboost|p2a: Tornadus|atk|1\n|-unboost|p2b: Ogerpon|atk|1\n|move|p2b: Ogerpon|Ivy Cudgel|p1a: Iron feet|[anim] Ivy Cudgel Water\n|-damage|p1a: Iron feet|16\/100\n|move|p2a: Tornadus|Bleakwind Storm|p1b: demeteros|[spread] p1a,p1b\n|-damage|p1a: Iron feet|0 fnt\n|-damage|p1b: demeteros|62\/100\n|faint|p1a: Iron feet\n|-end|p1a: Iron feet|Quark Drive|[silent]\n|\n|upkeep\n|l|%Radio Free C-Side\n|\n|t:|1701123240\n|switch|p1a: lucky cudgel|Ogerpon-Wellspring, L50, F|100\/100\n|turn|4\n|l| FunneeMonkee\n|\n|t:|1701123259\n|-terastallize|p1a: lucky cudgel|Water\n|detailschange|p1a: lucky cudgel|Ogerpon-Wellspring-Tera, L50, F, tera:Water\n|-ability|p1a: lucky cudgel|Embody Aspect (Wellspring)|boost\n|-boost|p1a: lucky cudgel|spd|1\n|move|p2a: Tornadus|Tailwind|p2a: Tornadus\n|-sidestart|p2: fudii|move: Tailwind\n|move|p2b: Ogerpon|Ivy Cudgel|p1b: demeteros|[anim] Ivy Cudgel Water\n|-supereffective|p1b: demeteros\n|-damage|p1b: demeteros|0 fnt\n|faint|p1b: demeteros\n|move|p1a: lucky cudgel|Horn Leech|p2b: Ogerpon\n|-crit|p2b: Ogerpon\n|-damage|p2b: Ogerpon|30\/100\n|\n|upkeep\n|\n|t:|1701123267\n|switch|p1b: tran|Heatran, L50, M|100\/100\n|turn|5\n|inactive|octasito has 30 seconds left.\n|\n|t:|1701123300\n|move|p2a: Tornadus|Protect|p2a: Tornadus\n|-singleturn|p2a: Tornadus|Protect\n|move|p2b: Ogerpon|Spiky Shield|p2b: Ogerpon\n|-singleturn|p2b: Ogerpon|move: Protect\n|move|p1b: tran|Protect|p1b: tran\n|-singleturn|p1b: tran|Protect\n|move|p1a: lucky cudgel|Ivy Cudgel|p2a: Tornadus|[anim] Ivy Cudgel Water\n|-activate|p2a: Tornadus|move: Protect\n|\n|-fieldend|move: Psychic Terrain\n|upkeep\n|turn|6\n|inactive|fudii has 30 seconds left.\n|\n|t:|1701123330\n|move|p1b: tran|Protect||[still]\n|-fail|p1b: tran\n|move|p2a: Tornadus|Rain Dance|p2a: Tornadus\n|-weather|RainDance\n|move|p2b: Ogerpon|Horn Leech|p1a: lucky cudgel\n|-supereffective|p1a: lucky cudgel\n|-damage|p1a: lucky cudgel|3\/100\n|-heal|p2b: Ogerpon|79\/100|[from] drain|[of] p1a: lucky cudgel\n|move|p1a: lucky cudgel|Horn Leech|p2b: Ogerpon\n|-damage|p2b: Ogerpon|31\/100\n|-heal|p1a: lucky cudgel|27\/100|[from] drain|[of] p2b: Ogerpon\n|\n|-weather|RainDance|[upkeep]\n|upkeep\n|turn|7\n|\n|t:|1701123349\n|move|p1a: lucky cudgel|Spiky Shield|p1a: lucky cudgel\n|-singleturn|p1a: lucky cudgel|move: Protect\n|move|p2b: Ogerpon|Ivy Cudgel|p1b: tran|[anim] Ivy Cudgel Water\n|-supereffective|p1b: tran\n|-damage|p1b: tran|0 fnt\n|faint|p1b: tran\n|move|p2a: Tornadus|Bleakwind Storm|p1a: lucky cudgel\n|-activate|p1a: lucky cudgel|move: Protect\n|\n|-weather|RainDance|[upkeep]\n|-sideend|p2: fudii|move: Tailwind\n|upkeep\n|turn|8\n|c|\u2606octasito|ggs\n|c|\u2606fudii|ggs\n|\n|t:|1701123364\n|move|p2b: Ogerpon|Horn Leech|p1a: lucky cudgel\n|-supereffective|p1a: lucky cudgel\n|-damage|p1a: lucky cudgel|0 fnt\n|-heal|p2b: Ogerpon|44\/100|[from] drain|[of] p1a: lucky cudgel\n|faint|p1a: lucky cudgel\n|\n|win|fudii\n|n|\u2606octasito|octasito\n|n|\u2606fudii|fudii\n|l|\u2606octasito\n","uploadtime":1701123366,"views":1,"p1id":"octasito","p2id":"fudii","formatid":"gen9vgc2023regulatione","rating":0,"private":0,"password":""}