{"id":"gen9vgc2023regulatione-1993503464","p1":"Edgo2834","p2":"Gin06134","format":"[Gen 9] VGC 2023 Regulation E","log":"|j|\u2606Edgo2834\n|j|\u203dGin06134\n|t:|1700325602\n|gametype|doubles\n|player|p1|Edgo2834|red|1530\n|player|p2|Gin06134|red|1558\n|teamsize|p1|6\n|teamsize|p2|6\n|gen|9\n|tier|[Gen 9] VGC 2023 Regulation E\n|rated|\n|rule|Species Clause: Limit one of each Pok\u00e9mon\n|rule|Item Clause: Limit one of each item\n|clearpoke\n|poke|p1|Tornadus, L50, M|\n|poke|p1|Urshifu-*, L50, M|\n|poke|p1|Chi-Yu, L50|\n|poke|p1|Flutter Mane, L50|\n|poke|p1|Rillaboom, L50, M|\n|poke|p1|Iron Hands, L50|\n|poke|p2|Thundurus, L50, M|\n|poke|p2|Arcanine-Hisui, L50, F|\n|poke|p2|Kingambit, L50, M|\n|poke|p2|Flutter Mane, L50|\n|poke|p2|Kleavor, L50, M|\n|poke|p2|Rillaboom, L50, M|\n|teampreview|4\n|inactive|Battle timer is ON: inactive players will automatically lose when time's up. (requested by Gin06134)\n|inactive|Edgo2834 has 60 seconds left.\n|\n|t:|1700325637\n|start\n|switch|p1a: Rillaboom|Rillaboom, L50, M|100\/100\n|switch|p1b: Urshifu|Urshifu-Rapid-Strike, L50, M|100\/100\n|switch|p2a: Kleavor|Kleavor, L50, M|100\/100\n|switch|p2b: Thundurus|Thundurus, L50, M|100\/100\n|-fieldstart|move: Grassy Terrain|[from] ability: Grassy Surge|[of] p1a: Rillaboom\n|-enditem|p1a: Rillaboom|Grassy Seed\n|-boost|p1a: Rillaboom|def|1|[from] item: Grassy Seed\n|turn|1\n|\n|t:|1700325652\n|-terastallize|p1b: Urshifu|Water\n|-terastallize|p2a: Kleavor|Water\n|move|p1a: Rillaboom|Fake Out|p2b: Thundurus\n|-damage|p2b: Thundurus|88\/100\n|-damage|p1a: Rillaboom|84\/100|[from] item: Rocky Helmet|[of] p2b: Thundurus\n|cant|p2b: Thundurus|flinch\n|move|p1b: Urshifu|Surging Strikes|p2a: Kleavor\n|-resisted|p2a: Kleavor\n|-crit|p2a: Kleavor\n|-damage|p2a: Kleavor|84\/100\n|-resisted|p2a: Kleavor\n|-crit|p2a: Kleavor\n|-damage|p2a: Kleavor|69\/100\n|-resisted|p2a: Kleavor\n|-crit|p2a: Kleavor\n|-damage|p2a: Kleavor|54\/100\n|-hitcount|p2a: Kleavor|3\n|move|p2a: Kleavor|X-Scissor|p1a: Rillaboom\n|-supereffective|p1a: Rillaboom\n|-damage|p1a: Rillaboom|0 fnt\n|faint|p1a: Rillaboom\n|\n|-heal|p2a: Kleavor|60\/100|[from] Grassy Terrain\n|upkeep\n|\n|t:|1700325676\n|switch|p1a: Flutter Mane|Flutter Mane, L50|100\/100\n|turn|2\n|\n|t:|1700325682\n|move|p2b: Thundurus|Thunder Wave|p1b: Urshifu\n|-status|p1b: Urshifu|par\n|move|p1a: Flutter Mane|Moonblast|p2a: Kleavor\n|-damage|p2a: Kleavor|0 fnt\n|faint|p2a: Kleavor\n|cant|p1b: Urshifu|par\n|\n|upkeep\n|\n|t:|1700325692\n|switch|p2a: Flutter Mane|Flutter Mane, L50|100\/100\n|turn|3\n|\n|t:|1700325698\n|move|p2b: Thundurus|Eerie Impulse|p1a: Flutter Mane\n|-unboost|p1a: Flutter Mane|spa|2\n|move|p2a: Flutter Mane|Thunderbolt|p1b: Urshifu\n|-supereffective|p1b: Urshifu\n|-damage|p1b: Urshifu|0 fnt\n|faint|p1b: Urshifu\n|move|p1a: Flutter Mane|Moonblast|p2b: Thundurus\n|-damage|p2b: Thundurus|50\/100\n|-unboost|p2b: Thundurus|spa|1\n|\n|upkeep\n|-message|Edgo2834 forfeited.\n|\n|win|Gin06134\n|raw|Edgo2834's rating: 1530 &rarr; <strong>1512<\/strong><br \/>(-18 for losing)\n|raw|Gin06134's rating: 1558 &rarr; <strong>1576<\/strong><br \/>(+18 for winning)\n|l|\u2606Edgo2834\n|l|\u203dGin06134\n","uploadtime":1700325814,"views":10,"p1id":"edgo2834","p2id":"gin06134","formatid":"gen9vgc2023regulatione","rating":1512,"private":0,"password":""}