{"id":"gen9vgc2023regulatione-1992186748","p1":"TrainerDylan24","p2":"reve","format":"[Gen 9] VGC 2023 Regulation E","log":"|j|\u2606TrainerDylan24\n|j|\u2606reve\n|t:|1700162178\n|gametype|doubles\n|player|p1|TrainerDylan24|swimmerf|1180\n|player|p2|reve|1|1271\n|teamsize|p1|6\n|teamsize|p2|6\n|gen|9\n|tier|[Gen 9] VGC 2023 Regulation E\n|rated|\n|rule|Species Clause: Limit one of each Pok\u00e9mon\n|rule|Item Clause: Limit one of each item\n|clearpoke\n|poke|p1|Politoed, L50, F|\n|poke|p1|Kilowattrel, L50, M|\n|poke|p1|Iron Bundle, L50|\n|poke|p1|Maushold-Four, L50|\n|poke|p1|Rillaboom, L50, F|\n|poke|p1|Forretress, L50, M|\n|poke|p2|Ninetales-Alola, L50, F|\n|poke|p2|Baxcalibur, L50, F|\n|poke|p2|Arcanine-Hisui, L50, F|\n|poke|p2|Gallade, L50, M|\n|poke|p2|Empoleon, L50, F|\n|poke|p2|Moltres-Galar, L50|\n|teampreview|4\n|inactive|Battle timer is ON: inactive players will automatically lose when time's up. (requested by reve)\n|l|\u2606reve\n|inactive|reve disconnected and has a minute to reconnect!\n|player|p2|\n|\n|t:|1700162202\n|start\n|switch|p1a: Forretress|Forretress, L50, M|100\/100\n|switch|p1b: Politoed|Politoed, L50, F|100\/100\n|switch|p2a: Baxcalibur|Baxcalibur, L50, F|100\/100\n|switch|p2b: Moltres|Moltres-Galar, L50|100\/100\n|-weather|RainDance|[from] ability: Drizzle|[of] p1b: Politoed\n|turn|1\n|inactive|reve has 30 seconds left.\n|inactive|reve has 20 seconds left.\n|inactive|reve has 15 seconds left.\n|inactive|reve has 10 seconds left.\n|inactive|reve has 5 seconds left.\n|-message|reve lost due to inactivity.\n|\n|win|TrainerDylan24\n|raw|TrainerDylan24's rating: 1180 &rarr; <strong>1211<\/strong><br \/>(+31 for winning)\n|raw|reve's rating: 1271 &rarr; <strong>1240<\/strong><br \/>(-31 for losing)\n","uploadtime":1700162264,"views":10,"p1id":"trainerdylan24","p2id":"reve","formatid":"gen9vgc2023regulatione","rating":1211,"private":0,"password":""}