{"id":"gen9vgc2023regulatione-1991341180","p1":"trainerrodpractice","p2":"wolfenite","format":"[Gen 9] VGC 2023 Regulation E","log":"|j|\u2606trainerrodpractice\n|j|\u2606wolfenite\n|n|\u2606trainerrodpractice|trainerrodpractice\n|n|\u2606wolfenite|wolfenite\n|html|View the match progress at <a href=\"\/game-bestof3-gen9vgc2023regulatione-1991338341\">game-bestof3-gen9vgc2023regulatione-1991338341<\/a>\n|t:|1700069074\n|gametype|doubles\n|player|p1|trainerrodpractice|101|\n|player|p2|wolfenite|pokemonranger-gen4|\n|teamsize|p1|6\n|teamsize|p2|6\n|gen|9\n|tier|[Gen 9] VGC 2023 Regulation E\n|rated|Tournament battle\n|rule|Species Clause: Limit one of each Pok\u00e9mon\n|rule|Item Clause: Limit one of each item\n|clearpoke\n|poke|p1|Roaring Moon, L50|\n|poke|p1|Empoleon, L50, F|\n|poke|p1|Ogerpon-Hearthflame, L50, F|\n|poke|p1|Landorus-Therian, L50, M|\n|poke|p1|Flutter Mane, L50|\n|poke|p1|Iron Hands, L50|\n|poke|p2|Ogerpon, L50, F|\n|poke|p2|Garchomp, L50, M|\n|poke|p2|Rotom-Wash, L50|\n|poke|p2|Chien-Pao, L50|\n|poke|p2|Orthworm, L50, F|\n|poke|p2|Chandelure, L50, F|\n|teampreview|4\n|showteam|p1|Roaring Moon||BoosterEnergy|Protosynthesis|KnockOff,Acrobatics,Protect,Tailwind||||||50|,,,,,Flying]Empoleon||SitrusBerry|Competitive|FlashCannon,IcyWind,Protect,Yawn|||F|||50|,,,,,Fairy]Ogerpon-Hearthflame||HearthflameMask|MoldBreaker|IvyCudgel,HornLeech,SpikyShield,SwordsDance|||F|||50|,,,,,Fire]Landorus-Therian||ChoiceScarf|Intimidate|StompingTantrum,RockSlide,TeraBlast,Uturn|||M|||50|,,,,,Flying]Flutter Mane||ChoiceSpecs|Protosynthesis|DazzlingGleam,Moonblast,ShadowBall,Thunderbolt||||||50|,,,,,Fairy]Iron Hands||AssaultVest|QuarkDrive|DrainPunch,WildCharge,FakeOut,HeavySlam||||||50|,,,,,Water\n|showteam|p2|Ogerpon||ChoiceBand|Defiant|IvyCudgel,Uturn,BrickBreak,StompingTantrum|||F|||50|,,,,,Grass]Garchomp||ClearAmulet|RoughSkin|Earthquake,RockSlide,ScaleShot,Protect|||M|||50|,,,,,Water]Rotom-Wash||SitrusBerry|Levitate|Protect,Thunderbolt,WillOWisp,HydroPump||||||50|,,,,,Fire]Chien-Pao||FocusSash|SwordofRuin|Protect,SuckerPunch,SacredSword,IcicleCrash||||||50|,,,,,Poison]Orthworm||Leftovers|EarthEater|Bulldoze,IronHead,BodyPress,IronDefense|||F|||50|,,,,,Fire]Chandelure||ChoiceScarf|FlashFire|HeatWave,Flamethrower,ShadowBall,EnergyBall|||F|||50|,,,,,Grass\n|inactive|Battle timer is ON: inactive players will automatically lose when time's up. (requested by wolfenite)\n|inactive|trainerrodpractice has 60 seconds left.\n|\n|t:|1700069123\n|start\n|switch|p1a: Roaring Moon|Roaring Moon, L50|100\/100\n|switch|p1b: Iron Hands|Iron Hands, L50|100\/100\n|switch|p2a: Ogerpon|Ogerpon, L50, F|100\/100\n|switch|p2b: Chien-Pao|Chien-Pao, L50|100\/100\n|-ability|p2b: Chien-Pao|Sword of Ruin\n|-enditem|p1a: Roaring Moon|Booster Energy\n|-activate|p1a: Roaring Moon|ability: Protosynthesis|[fromitem]\n|-start|p1a: Roaring Moon|protosynthesisspe\n|turn|1\n|inactive|trainerrodpractice has 30 seconds left.\n|inactive|trainerrodpractice has 20 seconds left.\n|inactive|trainerrodpractice has 15 seconds left.\n|\n|t:|1700069165\n|-terastallize|p1a: Roaring Moon|Flying\n|move|p1b: Iron Hands|Fake Out|p2b: Chien-Pao\n|-damage|p2b: Chien-Pao|79\/100\n|move|p1a: Roaring Moon|Acrobatics|p2a: Ogerpon\n|-supereffective|p2a: Ogerpon\n|-damage|p2a: Ogerpon|0 fnt\n|faint|p2a: Ogerpon\n|cant|p2b: Chien-Pao|flinch\n|\n|upkeep\n|\n|t:|1700069175\n|switch|p2a: Chandelure|Chandelure, L50, F|100\/100\n|turn|2\n|\n|t:|1700069183\n|move|p1a: Roaring Moon|Knock Off|p2a: Chandelure\n|-supereffective|p2a: Chandelure\n|-damage|p2a: Chandelure|0 fnt\n|-enditem|p2a: Chandelure|Choice Scarf|[from] move: Knock Off|[of] p1a: Roaring Moon\n|faint|p2a: Chandelure\n|move|p2b: Chien-Pao|Icicle Crash|p1a: Roaring Moon\n|-supereffective|p1a: Roaring Moon\n|-damage|p1a: Roaring Moon|0 fnt\n|faint|p1a: Roaring Moon\n|-end|p1a: Roaring Moon|Protosynthesis|[silent]\n|move|p1b: Iron Hands|Drain Punch|p2b: Chien-Pao\n|-supereffective|p2b: Chien-Pao\n|-damage|p2b: Chien-Pao|0 fnt\n|faint|p2b: Chien-Pao\n|\n|upkeep\n|\n|t:|1700069193\n|switch|p1a: Ogerpon|Ogerpon-Hearthflame, L50, F|100\/100\n|switch|p2b: Rotom|Rotom-Wash, L50|100\/100\n|-ability|p1a: Ogerpon|Mold Breaker\n|turn|3\n|\n|t:|1700069202\n|move|p1a: Ogerpon|Swords Dance|p1a: Ogerpon\n|-boost|p1a: Ogerpon|atk|2\n|move|p2b: Rotom|Hydro Pump|p1a: Ogerpon|[miss]\n|-miss|p2b: Rotom|p1a: Ogerpon\n|move|p1b: Iron Hands|Drain Punch|p2b: Rotom\n|-damage|p2b: Rotom|60\/100\n|\n|upkeep\n|turn|4\n|\n|t:|1700069218\n|-end|p1b: Iron Hands|Quark Drive|[silent]\n|switch|p1b: Flutter Mane|Flutter Mane, L50|100\/100\n|move|p1a: Ogerpon|Horn Leech|p2b: Rotom\n|-supereffective|p2b: Rotom\n|-damage|p2b: Rotom|0 fnt\n|faint|p2b: Rotom\n|\n|win|trainerrodpractice\n|l|\u2606wolfenite\n","uploadtime":1700069227,"views":13,"p1id":"trainerrodpractice","p2id":"wolfenite","formatid":"gen9vgc2023regulatione","rating":0,"private":0,"password":""}