{"id":"gen9vgc2023regulatione-1989414442","p1":"omoeirf","p2":"heybeatme","format":"[Gen 9] VGC 2023 Regulation E","log":"|j|\u2606omoeirf\n|j|\u2606heybeatme\n|t:|1699847189\n|gametype|doubles\n|player|p1|omoeirf|170|1417\n|player|p2|heybeatme|265|1456\n|teamsize|p1|6\n|teamsize|p2|6\n|gen|9\n|tier|[Gen 9] VGC 2023 Regulation E\n|rated|\n|rule|Species Clause: Limit one of each Pok\u00e9mon\n|rule|Item Clause: Limit one of each item\n|clearpoke\n|poke|p1|Tornadus, L50, M|\n|poke|p1|Flutter Mane, L50|\n|poke|p1|Rillaboom, L50, F|\n|poke|p1|Ogerpon-Hearthflame, L50, F|\n|poke|p1|Chien-Pao, L50|\n|poke|p1|Urshifu-*, L50, F|\n|poke|p2|Ogerpon-Wellspring, L50, F|\n|poke|p2|Flutter Mane, L50|\n|poke|p2|Chi-Yu, L50|\n|poke|p2|Landorus-Therian, L50, M|\n|poke|p2|Dragonite, L50, M|\n|poke|p2|Drifblim, L50, M|\n|teampreview|4\nomoeirf has agreed to open team sheets.\n|inactive|Battle timer is ON: inactive players will automatically lose when time's up. (requested by omoeirf)\n|\n|t:|1699847223\n|start\n|switch|p1a: Ventisca|Tornadus, L50, M|100\/100\n|switch|p1b: Chien-Pao|Chien-Pao, L50|100\/100\n|switch|p2a: Drifblim|Drifblim, L50, M|100\/100\n|switch|p2b: Ogerpon|Ogerpon-Wellspring, L50, F|100\/100\n|-ability|p1b: Chien-Pao|Sword of Ruin\n|turn|1\n|\n|t:|1699847246\n|-terastallize|p2b: Ogerpon|Water\n|detailschange|p2b: Ogerpon|Ogerpon-Wellspring-Tera, L50, F, tera:Water\n|-ability|p2b: Ogerpon|Embody Aspect (Wellspring)|boost\n|-boost|p2b: Ogerpon|spd|1\n|move|p2b: Ogerpon|Follow Me|p2b: Ogerpon\n|-singleturn|p2b: Ogerpon|move: Follow Me\n|move|p1a: Ventisca|Taunt|p2b: Ogerpon\n|-start|p2b: Ogerpon|move: Taunt\n|move|p1b: Chien-Pao|Crunch|p2b: Ogerpon\n|-damage|p2b: Ogerpon|58\/100\n|move|p2a: Drifblim|Trick Room|p2a: Drifblim\n|-fieldstart|move: Trick Room|[of] p2a: Drifblim\n|\n|-status|p2a: Drifblim|brn|[from] item: Flame Orb\n|upkeep\n|turn|2\n|inactive|omoeirf has 30 seconds left.\n|inactive|heybeatme has 30 seconds left.\n|inactive|heybeatme has 20 seconds left.\n|\n|t:|1699847285\n|move|p1a: Ventisca|Sunny Day|p1a: Ventisca\n|-weather|SunnyDay\n|move|p1b: Chien-Pao|Sucker Punch|p2a: Drifblim\n|-supereffective|p2a: Drifblim\n|-damage|p2a: Drifblim|0 fnt\n|faint|p2a: Drifblim\n|move|p2b: Ogerpon|Brick Break|p1b: Chien-Pao\n|-supereffective|p1b: Chien-Pao\n|-enditem|p1b: Chien-Pao|Focus Sash\n|-damage|p1b: Chien-Pao|1\/100\n|\n|-weather|SunnyDay|[upkeep]\n|upkeep\n|\n|t:|1699847297\n|switch|p2a: Dragonite|Dragonite, L50, M|100\/100\n|turn|3\n|\n|t:|1699847317\n|move|p1b: Chien-Pao|Protect|p1b: Chien-Pao\n|-singleturn|p1b: Chien-Pao|Protect\n|move|p2a: Dragonite|Extreme Speed|p1b: Chien-Pao\n|-activate|p1b: Chien-Pao|move: Protect\n|move|p1a: Ventisca|Taunt|p2a: Dragonite\n|-start|p2a: Dragonite|move: Taunt\n|move|p2b: Ogerpon|Ivy Cudgel|p1a: Ventisca\n|-damage|p1a: Ventisca|57\/100\n|\n|-weather|SunnyDay|[upkeep]\n|upkeep\n|turn|4\n|\n|t:|1699847335\n|-terastallize|p1b: Chien-Pao|Ghost\n|move|p2a: Dragonite|Extreme Speed|p1b: Chien-Pao\n|-immune|p1b: Chien-Pao\n|move|p2b: Ogerpon|Ivy Cudgel|p1a: Ventisca\n|-damage|p1a: Ventisca|17\/100\n|move|p1a: Ventisca|Bleakwind Storm|p2a: Dragonite|[spread] p2a,p2b\n|-damage|p2a: Dragonite|71\/100\n|-damage|p2b: Ogerpon|36\/100\n|-unboost|p2a: Dragonite|spe|1\n|move|p1b: Chien-Pao|Icicle Crash|p2a: Dragonite\n|-supereffective|p2a: Dragonite\n|-damage|p2a: Dragonite|0 fnt\n|faint|p2a: Dragonite\n|\n|-weather|SunnyDay|[upkeep]\n|-end|p2b: Ogerpon|move: Taunt\n|upkeep\n|-message|heybeatme forfeited.\n|\n|win|omoeirf\n|raw|omoeirf's rating: 1417 &rarr; <strong>1439<\/strong><br \/>(+22 for winning)\n|raw|heybeatme's rating: 1456 &rarr; <strong>1434<\/strong><br \/>(-22 for losing)\n|l|\u2606heybeatme\n|l|\u2606omoeirf\n","uploadtime":1699847580,"views":8,"p1id":"omoeirf","p2id":"heybeatme","formatid":"gen9vgc2023regulatione","rating":1434,"private":0,"password":""}