{"id":"gen9vgc2023regulatione-1992817484","p1":"whyismynamejeff","p2":"TulipGoatBun","format":"[Gen 9] VGC 2023 Regulation E","log":"|j|\u2606whyismynamejeff\n|j|\u2606TulipGoatBun\n|t:|1700238044\n|gametype|doubles\n|player|p1|whyismynamejeff|colress|1107\n|player|p2|TulipGoatBun|flannery|1145\n|teamsize|p1|6\n|teamsize|p2|6\n|gen|9\n|tier|[Gen 9] VGC 2023 Regulation E\n|rated|\n|rule|Species Clause: Limit one of each Pok\u00e9mon\n|rule|Item Clause: Limit one of each item\n|clearpoke\n|poke|p1|Empoleon, L50, F|\n|poke|p1|Ogerpon-Hearthflame, L50, F|\n|poke|p1|Flutter Mane, L50|\n|poke|p1|Iron Hands, L50|\n|poke|p1|Baxcalibur, L50, M|\n|poke|p1|Landorus-Therian, L50, M|\n|poke|p2|Kommo-o, L50, M|\n|poke|p2|Clefairy, L50, M|\n|poke|p2|Flutter Mane, L50|\n|poke|p2|Urshifu-*, L50, F|\n|poke|p2|Tornadus, L50, M|\n|poke|p2|Mudsdale, L50, M|\n|teampreview|4\n|inactive|Battle timer is ON: inactive players will automatically lose when time's up. (requested by TulipGoatBun)\n|\n|t:|1700238073\n|start\n|switch|p1a: Flutter Mane|Flutter Mane, L50|100\/100\n|switch|p1b: Iron Hands|Iron Hands, L50|100\/100\n|switch|p2a: Tornadus|Tornadus, L50, M|100\/100\n|switch|p2b: Urshifu|Urshifu-Rapid-Strike, L50, F|100\/100\n|-enditem|p1a: Flutter Mane|Booster Energy\n|-activate|p1a: Flutter Mane|ability: Protosynthesis|[fromitem]\n|-start|p1a: Flutter Mane|protosynthesisspe\n|turn|1\n|inactive|whyismynamejeff has 30 seconds left.\n|\n|t:|1700238098\n|move|p2a: Tornadus|Tailwind|p2a: Tornadus\n|-sidestart|p2: TulipGoatBun|move: Tailwind\n|move|p2b: Urshifu|Poison Jab|p1a: Flutter Mane\n|-damage|p1a: Flutter Mane|40\/100\n|move|p1a: Flutter Mane|Icy Wind|p2a: Tornadus|[spread] p2a,p2b\n|-supereffective|p2a: Tornadus\n|-resisted|p2b: Urshifu\n|-damage|p2a: Tornadus|58\/100\n|-damage|p2b: Urshifu|90\/100\n|-unboost|p2a: Tornadus|spe|1\n|-unboost|p2b: Urshifu|spe|1\n|move|p1b: Iron Hands|Wild Charge|p2b: Urshifu\n|-supereffective|p2b: Urshifu\n|-damage|p2b: Urshifu|0 fnt\n|faint|p2b: Urshifu\n|-damage|p1b: Iron Hands|85\/100|[from] Recoil\n|\n|upkeep\n|\n|t:|1700238120\n|switch|p2b: Flutter Mane|Flutter Mane, L50, shiny|100\/100\n|-enditem|p2b: Flutter Mane|Booster Energy\n|-activate|p2b: Flutter Mane|ability: Protosynthesis|[fromitem]\n|-start|p2b: Flutter Mane|protosynthesisspe\n|turn|2\n|inactive|whyismynamejeff has 30 seconds left.\n|inactive|whyismynamejeff has 20 seconds left.\n|\n|t:|1700238155\n|move|p2b: Flutter Mane|Dazzling Gleam|p1b: Iron Hands|[spread] p1a,p1b\n|-supereffective|p1b: Iron Hands\n|-damage|p1a: Flutter Mane|3\/100\n|-damage|p1b: Iron Hands|43\/100\n|move|p1a: Flutter Mane|Shadow Ball|p2b: Flutter Mane\n|-supereffective|p2b: Flutter Mane\n|-damage|p2b: Flutter Mane|7\/100\n|move|p2a: Tornadus|Bleakwind Storm|p1b: Iron Hands|[spread] p1a,p1b\n|-crit|p1b: Iron Hands\n|-damage|p1a: Flutter Mane|0 fnt\n|-damage|p1b: Iron Hands|10\/100\n|faint|p1a: Flutter Mane\n|-end|p1a: Flutter Mane|Protosynthesis|[silent]\n|move|p1b: Iron Hands|Ice Punch|p2a: Tornadus\n|-supereffective|p2a: Tornadus\n|-damage|p2a: Tornadus|0 fnt\n|faint|p2a: Tornadus\n|\n|upkeep\n|\n|t:|1700238173\n|switch|p1a: Empoleon|Empoleon, L50, F|100\/100\n|switch|p2a: Mudsdale|Mudsdale, L50, M, shiny|100\/100\n|turn|3\n|\n|t:|1700238196\n|move|p2b: Flutter Mane|Protect|p2b: Flutter Mane\n|-singleturn|p2b: Flutter Mane|Protect\n|move|p2a: Mudsdale|High Horsepower|p1b: Iron Hands\n|-supereffective|p1b: Iron Hands\n|-damage|p1b: Iron Hands|0 fnt\n|faint|p1b: Iron Hands\n|-end|p1b: Iron Hands|Quark Drive|[silent]\n|move|p1a: Empoleon|Ice Beam|p2a: Mudsdale\n|-supereffective|p2a: Mudsdale\n|-damage|p2a: Mudsdale|57\/100\n|-ability|p2a: Mudsdale|Stamina|boost\n|-boost|p2a: Mudsdale|def|1\n|\n|upkeep\n|\n|t:|1700238216\n|switch|p1b: Baxcalibur|Baxcalibur, L50, M|100\/100\n|turn|4\n|\n|t:|1700238241\n|move|p1b: Baxcalibur|Ice Shard|p2b: Flutter Mane\n|-damage|p2b: Flutter Mane|0 fnt\n|faint|p2b: Flutter Mane\n|-end|p2b: Flutter Mane|Protosynthesis|[silent]\n|move|p2a: Mudsdale|Heavy Slam|p1b: Baxcalibur\n|-supereffective|p1b: Baxcalibur\n|-damage|p1b: Baxcalibur|27\/100\n|move|p1a: Empoleon|Ice Beam|p2a: Mudsdale\n|-supereffective|p2a: Mudsdale\n|-crit|p2a: Mudsdale\n|-damage|p2a: Mudsdale|0 fnt\n|faint|p2a: Mudsdale\n|\n|win|whyismynamejeff\n|raw|whyismynamejeff's rating: 1107 &rarr; <strong>1135<\/strong><br \/>(+28 for winning)\n|raw|TulipGoatBun's rating: 1145 &rarr; <strong>1117<\/strong><br \/>(-28 for losing)\n|l|\u2606TulipGoatBun\n","uploadtime":1700238257,"views":14,"p1id":"whyismynamejeff","p2id":"tulipgoatbun","formatid":"gen9vgc2023regulatione","rating":1117,"private":0,"password":""}