{"id":"gen9vgc2023regulatione-1995697635","p1":"Anubisjr","p2":"bwahacough","format":"[Gen 9] VGC 2023 Regulation E","log":"|j|\u2606Anubisjr\n|j|\u2606bwahacough\n|t:|1700594892\n|gametype|doubles\n|player|p1|Anubisjr|169|1544\n|player|p2|bwahacough|medium|1796\n|teamsize|p1|6\n|teamsize|p2|6\n|gen|9\n|tier|[Gen 9] VGC 2023 Regulation E\n|rated|\n|rule|Species Clause: Limit one of each Pok\u00e9mon\n|rule|Item Clause: Limit one of each item\n|clearpoke\n|poke|p1|Flutter Mane, L50|\n|poke|p1|Arcanine-Hisui, L50, M|\n|poke|p1|Tornadus, L50, M|\n|poke|p1|Rillaboom, L50, M|\n|poke|p1|Urshifu-*, L50, M|\n|poke|p1|Chien-Pao, L50|\n|poke|p2|Lycanroc-Dusk, L50, M|\n|poke|p2|Tornadus, L50, M|\n|poke|p2|Urshifu-*, L50, M|\n|poke|p2|Farigiraf, L50, F|\n|poke|p2|Sinistcha, L50|\n|poke|p2|Iron Bundle, L50|\n|teampreview|4\nbwahacough has agreed to open team sheets.\nAnubisjr has agreed to open team sheets.\n|\n|t:|1700594970\n|start\n|switch|p1a: Tornadus|Tornadus, L50, M|100\/100\n|switch|p1b: Arcanine|Arcanine-Hisui, L50, M|100\/100\n|switch|p2a: Tornadus|Tornadus, L50, M, shiny|100\/100\n|switch|p2b: Urshifu|Urshifu-Rapid-Strike, L50, M|100\/100\n|-ability|p1b: Arcanine|Intimidate|boost\n|-unboost|p2a: Tornadus|atk|1\n|-unboost|p2b: Urshifu|atk|1\n|turn|1\n|\n|t:|1700594996\n|-terastallize|p1b: Arcanine|Grass\n|move|p2a: Tornadus|Tailwind|p2a: Tornadus\n|-sidestart|p2: bwahacough|move: Tailwind\n|move|p1a: Tornadus|Tailwind|p1a: Tornadus\n|-sidestart|p1: Anubisjr|move: Tailwind\n|move|p2b: Urshifu|Surging Strikes|p1a: Tornadus\n|-crit|p1a: Tornadus\n|-damage|p1a: Tornadus|66\/100\n|-damage|p2b: Urshifu|84\/100|[from] item: Rocky Helmet|[of] p1a: Tornadus\n|-crit|p1a: Tornadus\n|-damage|p1a: Tornadus|30\/100\n|-damage|p2b: Urshifu|68\/100|[from] item: Rocky Helmet|[of] p1a: Tornadus\n|-crit|p1a: Tornadus\n|-damage|p1a: Tornadus|0 fnt\n|-damage|p2b: Urshifu|51\/100|[from] item: Rocky Helmet|[of] p1a: Tornadus\n|faint|p1a: Tornadus\n|-hitcount|p1: Tornadus|3\n|move|p1b: Arcanine|Head Smash|p2a: Tornadus\n|-supereffective|p2a: Tornadus\n|-damage|p2a: Tornadus|0 fnt\n|faint|p2a: Tornadus\n|-damage|p1b: Arcanine|57\/100|[from] Recoil\n|\n|upkeep\n|\n|t:|1700595035\n|switch|p2a: Farigiraf|Farigiraf, L50, F, shiny|100\/100\n|switch|p1a: Flutter Mane|Flutter Mane, L50|100\/100\n|-enditem|p1a: Flutter Mane|Booster Energy\n|-activate|p1a: Flutter Mane|ability: Protosynthesis|[fromitem]\n|-start|p1a: Flutter Mane|protosynthesisspa\n|turn|2\n|\n|t:|1700595046\n|-terastallize|p2b: Urshifu|Ghost\n|move|p1a: Flutter Mane|Dazzling Gleam|p2a: Farigiraf|[spread] p2a,p2b\n|-damage|p2a: Farigiraf|62\/100\n|-damage|p2b: Urshifu|0 fnt\n|faint|p2b: Urshifu\n|move|p1b: Arcanine|Head Smash|p2a: Farigiraf\n|-damage|p2a: Farigiraf|0 fnt\n|faint|p2a: Farigiraf\n|-damage|p1b: Arcanine|23\/100|[from] Recoil\n|\n|upkeep\n|\n|t:|1700595051\n|switch|p2b: Lycanroc|Lycanroc-Dusk, L50, M|100\/100\n|turn|3\n|\n|t:|1700595070\n|move|p1a: Flutter Mane|Protect|p1a: Flutter Mane\n|-singleturn|p1a: Flutter Mane|Protect\n|move|p2b: Lycanroc|Rock Slide|p1b: Arcanine|[spread] p1b\n|-activate|p1a: Flutter Mane|move: Protect\n|-damage|p1b: Arcanine|0 fnt\n|faint|p1b: Arcanine\n|\n|upkeep\n|\n|t:|1700595072\n|switch|p1b: Urshifu|Urshifu-Rapid-Strike, L50, M|100\/100\n|turn|4\n|\n|t:|1700595081\n|move|p1a: Flutter Mane|Moonblast|p2b: Lycanroc\n|-enditem|p2b: Lycanroc|Focus Sash\n|-damage|p2b: Lycanroc|1\/100\n|move|p2b: Lycanroc|Close Combat|p1b: Urshifu\n|-crit|p1b: Urshifu\n|-damage|p1b: Urshifu|18\/100\n|-unboost|p2b: Lycanroc|def|1\n|-unboost|p2b: Lycanroc|spd|1\n|move|p1b: Urshifu|Surging Strikes|p2b: Lycanroc\n|-supereffective|p2b: Lycanroc\n|-crit|p2b: Lycanroc\n|-damage|p2b: Lycanroc|0 fnt\n|faint|p2b: Lycanroc\n|-hitcount|p2: Lycanroc|1\n|\n|win|Anubisjr\n|raw|Anubisjr's rating: 1544 &rarr; <strong>1576<\/strong><br \/>(+32 for winning)\n|raw|bwahacough's rating: 1796 &rarr; <strong>1764<\/strong><br \/>(-32 for losing)\n|l|\u2606bwahacough\n|l|\u2606Anubisjr\n|j|\u2606Anubisjr\n|player|p1|Anubisjr|169\n","uploadtime":1700595131,"views":1,"p1id":"anubisjr","p2id":"bwahacough","formatid":"gen9vgc2023regulatione","rating":1576,"private":0,"password":""}