{"id":"gen9vgc2023regulatione-1988350707","p1":"MudkiperVGC","p2":"MisterGX","format":"[Gen 9] VGC 2023 Regulation E","log":"|j|\u2606MudkiperVGC\n|j|\u2606MisterGX\n|n|\u2606MudkiperVGC|mudkipervgc\n|n|\u2606MisterGX|mistergx\n|html|View the match progress at <a href=\"\/game-bestof3-gen9vgc2023regulatione-1988348730\">game-bestof3-gen9vgc2023regulatione-1988348730<\/a>\n|t:|1699712490\n|gametype|doubles\n|player|p1|MudkiperVGC|steven|\n|player|p2|MisterGX|#vgcplzoruas|\n|teamsize|p1|6\n|teamsize|p2|6\n|gen|9\n|tier|[Gen 9] VGC 2023 Regulation E\n|rule|Species Clause: Limit one of each Pok\u00e9mon\n|rule|Item Clause: Limit one of each item\n|clearpoke\n|poke|p1|Chien-Pao, L50|\n|poke|p1|Tornadus, L50, M|\n|poke|p1|Flutter Mane, L50|\n|poke|p1|Urshifu-*, L50, M|\n|poke|p1|Arcanine-Hisui, L50, M|\n|poke|p1|Rillaboom, L50, M|\n|poke|p2|Gholdengo, L50|\n|poke|p2|Amoonguss, L50, M|\n|poke|p2|Tornadus, L50, M|\n|poke|p2|Urshifu-*, L50, M|\n|poke|p2|Landorus-Therian, L50, M|\n|poke|p2|Chien-Pao, L50|\n|teampreview|4\nMudkiperVGC has agreed to open team sheets.\n|\n|t:|1699712501\n|start\n|switch|p1a: Tornadus|Tornadus, L50, M, shiny|100\/100\n|switch|p1b: Flutter Mane|Flutter Mane, L50, shiny|100\/100\n|switch|p2a: Tornadus|Tornadus, L50, M|100\/100\n|switch|p2b: Mew Mew!|Chien-Pao, L50|100\/100\n|-ability|p2b: Mew Mew!|Sword of Ruin\n|turn|1\n|inactive|Battle timer is ON: inactive players will automatically lose when time's up. (requested by MisterGX)\n|c|\u2606MisterGX|oh oops\n|c|\u2606MisterGX|forgot to ots\n|c|\u2606MudkiperVGC|u have game 1 open?\n|c|\u2606MisterGX|ya\n|c|\u2606MudkiperVGC|can u use that?\n|inactive|MudkiperVGC has 60 seconds left.\n|c|\u2606MisterGX|!showteam hidestats\n|c| MisterGX|\/raw <div class=\"infobox\"><details><summary>View team<\/summary>Gholdengo @ Leftovers  <br \/>Ability: Good as Gold  <br \/>Level: 50  <br \/>Tera Type: Dragon  <br \/>- Make It Rain  <br \/>- Shadow Ball  <br \/>- Nasty Plot  <br \/>- Protect  <br \/><br \/>Amoonguss (M) @ Rocky Helmet  <br \/>Ability: Regenerator  <br \/>Level: 50  <br \/>Shiny: Yes  <br \/>Tera Type: Water  <br \/>- Spore  <br \/>- Rage Powder  <br \/>- Pollen Puff  <br \/>- Protect  <br \/><br \/>Tornadus (M) @ Sitrus Berry  <br \/>Ability: Prankster  <br \/>Level: 50  <br \/>Tera Type: Ghost  <br \/>- Taunt  <br \/>- Rain Dance  <br \/>- Tailwind  <br \/>- Bleakwind Storm  <br \/><br \/>Urshifu (Urshifu-Rapid-Strike) (M) @ Life Orb  <br \/>Ability: Unseen Fist  <br \/>Level: 50  <br \/>Tera Type: Poison  <br \/>- Aqua Jet  <br \/>- Protect  <br \/>- Surging Strikes  <br \/>- Close Combat  <br \/><br \/>Landorus (Landorus-Therian) (M) @ Choice Band  <br \/>Ability: Intimidate  <br \/>Level: 50  <br \/>Tera Type: Water  <br \/>- Stomping Tantrum  <br \/>- Earthquake  <br \/>- Rock Slide  <br \/>- U-turn  <br \/><br \/>Mew Mew! (Chien-Pao) @ Focus Sash  <br \/>Ability: Sword of Ruin  <br \/>Level: 50  <br \/>Tera Type: Ghost  <br \/>- Protect  <br \/>- Sacred Sword  <br \/>- Sucker Punch  <br \/>- Ice Spinner  <br \/><br \/><\/details><\/div>\n|c|\u2606MisterGX|sure\n|c|\u2606MudkiperVGC|!showteam hidestats\n|c| MudkiperVGC|\/raw <div class=\"infobox\"><details><summary>View team<\/summary>Chien-Pao @ Life Orb  <br \/>Ability: Sword of Ruin  <br \/>Level: 50  <br \/>Tera Type: Dark  <br \/>- Ice Spinner  <br \/>- Crunch  <br \/>- Sucker Punch  <br \/>- Protect  <br \/><br \/>Tornadus (M) @ Covert Cloak  <br \/>Ability: Prankster  <br \/>Level: 50  <br \/>Shiny: Yes  <br \/>Tera Type: Steel  <br \/>- Bleakwind Storm  <br \/>- Tailwind  <br \/>- Scary Face  <br \/>- Rain Dance  <br \/><br \/>Flutter Mane @ Choice Specs  <br \/>Ability: Protosynthesis  <br \/>Level: 50  <br \/>Shiny: Yes  <br \/>Tera Type: Grass  <br \/>- Dazzling Gleam  <br \/>- Shadow Ball  <br \/>- Moonblast  <br \/>- Energy Ball  <br \/><br \/>Urshifu (Urshifu-Rapid-Strike) (M) @ Safety Goggles  <br \/>Ability: Unseen Fist  <br \/>Level: 50  <br \/>Tera Type: Water  <br \/>- Surging Strikes  <br \/>- Close Combat  <br \/>- Aqua Jet  <br \/>- Detect  <br \/><br \/>Arcanine (Arcanine-Hisui) (M) @ Choice Band  <br \/>Ability: Intimidate  <br \/>Level: 50  <br \/>Tera Type: Normal  <br \/>- Rock Slide  <br \/>- Extreme Speed  <br \/>- Flare Blitz  <br \/>- Head Smash  <br \/><br \/>Rillaboom (M) @ Assault Vest  <br \/>Ability: Grassy Surge  <br \/>Level: 50  <br \/>Tera Type: Fire  <br \/>- Wood Hammer  <br \/>- Fake Out  <br \/>- Grassy Glide  <br \/>- High Horsepower  <br \/><br \/><\/details><\/div>\n|\n|t:|1699712561\n|-terastallize|p1a: Tornadus|Steel\n|move|p1b: Flutter Mane|Dazzling Gleam|p2a: Tornadus|[spread] p2a,p2b\n|-supereffective|p2b: Mew Mew!\n|-damage|p2a: Tornadus|50\/100\n|-enditem|p2b: Mew Mew!|Focus Sash\n|-damage|p2b: Mew Mew!|1\/100\n|-enditem|p2a: Tornadus|Sitrus Berry|[eat]\n|-heal|p2a: Tornadus|74\/100|[from] item: Sitrus Berry\n|move|p2b: Mew Mew!|Ice Spinner|p1a: Tornadus\n|-resisted|p1a: Tornadus\n|-damage|p1a: Tornadus|66\/100\n|move|p1a: Tornadus|Bleakwind Storm|p2a: Tornadus|[spread] p2a\n|-miss|p1a: Tornadus|p2b: Mew Mew!\n|-damage|p2a: Tornadus|38\/100\n|move|p2a: Tornadus|Bleakwind Storm|p1b: Flutter Mane|[spread] p1a\n|-miss|p2a: Tornadus|p1b: Flutter Mane\n|-resisted|p1a: Tornadus\n|-damage|p1a: Tornadus|46\/100\n|\n|upkeep\n|turn|2\n|\n|t:|1699712577\n|move|p1a: Tornadus|Tailwind|p1a: Tornadus\n|-sidestart|p1: MudkiperVGC|move: Tailwind\n|move|p2a: Tornadus|Tailwind|p2a: Tornadus\n|-sidestart|p2: MisterGX|move: Tailwind\n|move|p1b: Flutter Mane|Dazzling Gleam|p2b: Mew Mew!|[spread] p2a,p2b\n|-supereffective|p2b: Mew Mew!\n|-crit|p2b: Mew Mew!\n|-damage|p2a: Tornadus|0 fnt\n|-damage|p2b: Mew Mew!|0 fnt\n|faint|p2a: Tornadus\n|faint|p2b: Mew Mew!\n|\n|upkeep\n|\n|t:|1699712582\n|switch|p2b: Amoonguss|Amoonguss, L50, M, shiny|100\/100\n|switch|p2a: Urshifu|Urshifu-Rapid-Strike, L50, M|100\/100\n|turn|3\n|\n|t:|1699712594\n|-terastallize|p2a: Urshifu|Poison\n|move|p1b: Flutter Mane|Dazzling Gleam|p2b: Amoonguss|[spread] p2a,p2b\n|-resisted|p2a: Urshifu\n|-resisted|p2b: Amoonguss\n|-damage|p2a: Urshifu|68\/100\n|-damage|p2b: Amoonguss|83\/100\n|move|p1a: Tornadus|Bleakwind Storm|p2a: Urshifu|[spread] p2a,p2b\n|-supereffective|p2b: Amoonguss\n|-damage|p2a: Urshifu|19\/100\n|-damage|p2b: Amoonguss|28\/100\n|-unboost|p2a: Urshifu|spe|1\n|move|p2a: Urshifu|Surging Strikes|p1a: Tornadus\n|-crit|p1a: Tornadus\n|-damage|p1a: Tornadus|15\/100\n|-crit|p1a: Tornadus\n|-damage|p1a: Tornadus|0 fnt\n|faint|p1a: Tornadus\n|-hitcount|p1: Tornadus|2\n|-damage|p2a: Urshifu|10\/100|[from] item: Life Orb\n|move|p2b: Amoonguss|Spore|p1b: Flutter Mane\n|-status|p1b: Flutter Mane|slp|[from] move: Spore\n|\n|upkeep\n|\n|t:|1699712605\n|switch|p1a: Chien-Pao|Chien-Pao, L50|100\/100\n|-ability|p1a: Chien-Pao|Sword of Ruin\n|turn|4\n|\n|t:|1699712612\n|move|p2b: Amoonguss|Rage Powder|p2b: Amoonguss\n|-singleturn|p2b: Amoonguss|move: Rage Powder\n|move|p1a: Chien-Pao|Ice Spinner|p2b: Amoonguss\n|-supereffective|p2b: Amoonguss\n|-damage|p2b: Amoonguss|0 fnt\n|-damage|p1a: Chien-Pao|84\/100|[from] item: Rocky Helmet|[of] p2b: Amoonguss\n|faint|p2b: Amoonguss\n|-damage|p1a: Chien-Pao|75\/100|[from] item: Life Orb\n|cant|p1b: Flutter Mane|slp\n|move|p2a: Urshifu|Surging Strikes|p1b: Flutter Mane\n|-crit|p1b: Flutter Mane\n|-damage|p1b: Flutter Mane|46\/100 slp\n|-crit|p1b: Flutter Mane\n|-damage|p1b: Flutter Mane|0 fnt\n|faint|p1b: Flutter Mane\n|-end|p1b: Flutter Mane|Protosynthesis|[silent]\n|-hitcount|p1: Flutter Mane|2\n|-damage|p2a: Urshifu|0 fnt|[from] item: Life Orb\n|faint|p2a: Urshifu\n|\n|win|MudkiperVGC\n|c|\u2606MisterGX|gg\n|c|\u2606MudkiperVGC|gg\n|c|&|\/uhtml prompt-mistergx,MisterGX is ready for game 3!\n|inactive|MudkiperVGC has 50 seconds to confirm battle start!\n|c|&|\/uhtml prompt-mudkipervgc,MudkiperVGC is ready for game 3!\nBoth players are ready! Starting next match!\n","uploadtime":1699713240,"views":42,"p1id":"mudkipervgc","p2id":"mistergx","formatid":"gen9vgc2023regulatione","rating":0,"private":0,"password":""}