{"id":"gen9vgc2023regulatione-1992817276","p1":"yabaika","p2":"5hnyrtbbtr","format":"[Gen 9] VGC 2023 Regulation E","log":"|j|\u2606yabaika\n|j|\u26065hnyrtbbtr\n|t:|1700238025\n|gametype|doubles\n|player|p1|yabaika|ethan|1297\n|player|p2|5hnyrtbbtr|265|1387\n|teamsize|p1|6\n|teamsize|p2|6\n|gen|9\n|tier|[Gen 9] VGC 2023 Regulation E\n|rated|\n|rule|Species Clause: Limit one of each Pok\u00e9mon\n|rule|Item Clause: Limit one of each item\n|clearpoke\n|poke|p1|Regieleki, L50|\n|poke|p1|Chi-Yu, L50|\n|poke|p1|Indeedee-F, L50, F|\n|poke|p1|Tornadus, L50, M|\n|poke|p1|Ogerpon-Wellspring, L50, F|\n|poke|p1|Flutter Mane, L50|\n|poke|p2|Regieleki, L50|\n|poke|p2|Chien-Pao, L50|\n|poke|p2|Dusclops, L50, M|\n|poke|p2|Ursaluna-Bloodmoon, L50, M|\n|poke|p2|Sinistcha, L50|\n|poke|p2|Iron Hands, L50|\n|teampreview|4\n|\n|t:|1700238091\n|start\n|switch|p1a: Regieleki|Regieleki, L50|100\/100\n|switch|p1b: Chi-Yu|Chi-Yu, L50|100\/100\n|switch|p2a: Regieleki|Regieleki, L50|100\/100\n|switch|p2b: Dusclops|Dusclops, L50, M|100\/100\n|-ability|p1b: Chi-Yu|Beads of Ruin\n|-ability|p2b: Dusclops|Pressure\n|turn|1\n|inactive|Battle timer is ON: inactive players will automatically lose when time's up. (requested by yabaika)\n|inactive|5hnyrtbbtr has 60 seconds left.\n|\n|t:|1700238161\n|-terastallize|p2a: Regieleki|Normal\n|-terastallize|p1b: Chi-Yu|Fire\n|move|p1a: Regieleki|Thunderbolt|p2b: Dusclops\n|-crit|p2b: Dusclops\n|-damage|p2b: Dusclops|35\/100\n|move|p2a: Regieleki|Explosion|p1b: Chi-Yu|[spread] p1a,p1b\n|-immune|p2b: Dusclops\n|-enditem|p1a: Regieleki|Focus Sash\n|-damage|p1a: Regieleki|1\/100\n|-damage|p1b: Chi-Yu|0 fnt\n|faint|p2a: Regieleki\n|faint|p1b: Chi-Yu\n|move|p2b: Dusclops|Trick Room|p2b: Dusclops\n|-fieldstart|move: Trick Room|[of] p2b: Dusclops\n|\n|upkeep\n|\n|t:|1700238177\n|switch|p1b: Flutter Mane|Flutter Mane, L50|100\/100\n|switch|p2a: Ursaluna|Ursaluna-Bloodmoon, L50, M|100\/100\n|-enditem|p1b: Flutter Mane|Booster Energy\n|-activate|p1b: Flutter Mane|ability: Protosynthesis|[fromitem]\n|-start|p1b: Flutter Mane|protosynthesisspa\n|turn|2\n|inactive|yabaika has 30 seconds left.\n|\n|t:|1700238204\n|move|p2b: Dusclops|Brick Break|p2a: Ursaluna\n|-supereffective|p2a: Ursaluna\n|-damage|p2a: Ursaluna|80\/100\n|-enditem|p2a: Ursaluna|Weakness Policy\n|-boost|p2a: Ursaluna|atk|2|[from] item: Weakness Policy\n|-boost|p2a: Ursaluna|spa|2|[from] item: Weakness Policy\n|move|p2a: Ursaluna|Blood Moon|p1b: Flutter Mane\n|-damage|p1b: Flutter Mane|0 fnt\n|faint|p1b: Flutter Mane\n|-end|p1b: Flutter Mane|Protosynthesis|[silent]\n|move|p1a: Regieleki|Volt Switch|p2b: Dusclops\n|-damage|p2b: Dusclops|11\/100\n|\n|t:|1700238216\n|switch|p1a: Ogerpon|Ogerpon-Wellspring, L50, F|100\/100|[from] Volt Switch\n|\n|upkeep\n|\n|t:|1700238220\n|switch|p1b: Regieleki|Regieleki, L50|1\/100\n|turn|3\n|\n|t:|1700238232\n|move|p2b: Dusclops|Pain Split|p1a: Ogerpon\n|-sethp|p1a: Ogerpon|54\/100|[from] move: Pain Split|[silent]\n|-sethp|p2b: Dusclops|82\/100|[from] move: Pain Split\n|move|p2a: Ursaluna|Hyper Voice|p1a: Ogerpon|[spread] p1a,p1b\n|-damage|p1a: Ogerpon|0 fnt\n|-damage|p1b: Regieleki|0 fnt\n|faint|p1a: Ogerpon\n|faint|p1b: Regieleki\n|\n|win|5hnyrtbbtr\n|raw|yabaika's rating: 1297 &rarr; <strong>1278<\/strong><br \/>(-19 for losing)\n|raw|5hnyrtbbtr's rating: 1387 &rarr; <strong>1402<\/strong><br \/>(+15 for winning)\n","uploadtime":1700238244,"views":29,"p1id":"yabaika","p2id":"5hnyrtbbtr","formatid":"gen9vgc2023regulatione","rating":1278,"private":0,"password":""}