{"id":"gen9vgc2023regulatione-1988249332","p1":"Diriana","p2":"TTeTyLLloK","format":"[Gen 9] VGC 2023 Regulation E","log":"|j|\u2606Diriana\n|j|\u2606TTeTyLLloK\n|n|\u2606Diriana|diriana\n|n|\u2606TTeTyLLloK|ttetylllok\n|html|View the match progress at <a href=\"\/game-bestof3-gen9vgc2023regulatione-1988247888\">game-bestof3-gen9vgc2023regulatione-1988247888<\/a>\n|t:|1699694240\n|gametype|doubles\n|player|p1|Diriana|iris-masters|\n|player|p2|TTeTyLLloK|bruno|\n|teamsize|p1|6\n|teamsize|p2|6\n|gen|9\n|tier|[Gen 9] VGC 2023 Regulation E\n|rule|Species Clause: Limit one of each Pok\u00e9mon\n|rule|Item Clause: Limit one of each item\n|clearpoke\n|poke|p1|Flareon, L50, M|\n|poke|p1|Pikachu, L50, M|\n|poke|p1|Stonjourner, L50, M|\n|poke|p1|Sylveon, L50, F|\n|poke|p1|Umbreon, L50, F|\n|poke|p1|Vivillon-Polar, L50, F|\n|poke|p2|Scovillain, L50, M|\n|poke|p2|Espeon, L50, M|\n|poke|p2|Bronzong, L50|\n|poke|p2|Flareon, L50, F|\n|poke|p2|Eevee, L50, M|\n|poke|p2|Sylveon, L50, M|\n|teampreview|4\n|inactive|Battle timer is ON: inactive players will automatically lose when time's up. (requested by TTeTyLLloK)\n|j| Hadecat\nTTeTyLLloK has agreed to open team sheets.\nDiriana has agreed to open team sheets.\n|showteam|p1|Flareon||ToxicOrb|FlashFire|FlareBlitz,Facade,TeraBlast,Copycat|||M|||50|,,,,,Grass]Pikachu||LightBall|LightningRod|VoltSwitch,KnockOff,TeraBlast,Protect|||M|||50|,,,,,Ice]Stonjourner||LifeOrb|PowerSpot|RockSlide,HighHorsepower,Protect,WideGuard|||M|||50|,,,,,Rock]Sylveon||CustapBerry|Pixilate|HyperVoice,TeraBlast,HyperBeam,Detect|||F|||50|,,,,,Fire]Umbreon||Leftovers|InnerFocus|FoulPlay,Roar,Toxic,Moonlight|||F|||50|,,,,,Poison]Vivillon-Polar||FocusSash|CompoundEyes|Hurricane,PollenPuff,Tailwind,RagePowder|||F|||50|,,,,,Ghost\n|showteam|p2|Scovillain||Leftovers|Moody|Protect,Substitute,GigaDrain,Flamethrower|||M|||50|,,,,,Grass]Espeon||LightClay|MagicBounce|LightScreen,Reflect,Psychic,DazzlingGleam|||M|||50|,,,,,Psychic]Bronzong||SitrusBerry|Heatproof|HelpingHand,Protect,BodyPress,HeavySlam||||||50|,,,,,Poison]Flareon||ToxicOrb|FlashFire|Facade,FlareBlitz,QuickAttack,HelpingHand|||F|||50|,,,,,Fire]Eevee||Eviolite|Adaptability|QuickAttack,DoubleEdge,Protect,Roar|||M|||50|,,,,,Normal]Sylveon||ThroatSpray|Pixilate|TeraBlast,HyperBeam,HyperVoice,Protect|||M|||50|,,,,,Fire\n|inactive|Diriana has 30 seconds left.\n|inactiveoff|Battle timer is now OFF.\n|\n|t:|1699694296\n|start\n|switch|p1a: Friend|Vivillon-Polar, L50, F, shiny|100\/100\n|switch|p1b: The Answer|Stonjourner, L50, M|100\/100\n|switch|p2a: Espeon|Espeon, L50, M|100\/100\n|switch|p2b: Scovillain|Scovillain, L50, M|100\/100\n|turn|1\n|\n|t:|1699694325\n|-terastallize|p2a: Espeon|Psychic\n|move|p2b: Scovillain|Protect|p2b: Scovillain\n|-singleturn|p2b: Scovillain|Protect\n|move|p2a: Espeon|Psychic|p1b: The Answer\n|-damage|p1b: The Answer|0 fnt\n|faint|p1b: The Answer\n|move|p1a: Friend|Tailwind|p1a: Friend\n|-sidestart|p1: Diriana|move: Tailwind\n|\n|-ability|p2b: Scovillain|Moody|boost\n|-boost|p2b: Scovillain|def|2\n|-unboost|p2b: Scovillain|spa|1\n|upkeep\n|\n|t:|1699694338\n|switch|p1b: 3.14kachu|Pikachu, L50, M|100\/100\n|turn|2\n|\n|t:|1699694360\n|switch|p2b: Sylveon|Sylveon, L50, M|100\/100\n|move|p1a: Friend|Hurricane|p2b: Sylveon\n|-damage|p2b: Sylveon|72\/100\n|move|p1b: 3.14kachu|Knock Off|p2a: Espeon\n|-supereffective|p2a: Espeon\n|-damage|p2a: Espeon|0 fnt\n|-enditem|p2a: Espeon|Light Clay|[from] move: Knock Off|[of] p1b: 3.14kachu\n|faint|p2a: Espeon\n|\n|upkeep\n|\n|t:|1699694381\n|switch|p2a: Scovillain|Scovillain, L50, M|100\/100\n|turn|3\n|c|\u2606Diriana|\u041e\u0439 \u0431\u043b\u0438\u043d\n|c|\u2606Diriana|\u042f \u0442\u043e\u043b\u044c\u043a\u043e \u0437\u0430\u043c\u0435\u0442\u0438\u043b\n|c|\u2606TTeTyLLloK|\u0420\u0410\u0413\u0415 \u041f\u041e\u0412\u0414\u0415\u0420\n|c|\u2606TTeTyLLloK|XD\n|c|\u2606Diriana|\u0423 \u043c\u0435\u043d\u044f \u043d\u0430 \u041f\u0438\u043a\u0430\u0447\u0443 \u0432\u043c\u0435\u0441\u0442\u043e \u0432\u043e\u043b\u044c\u0442 \u0442\u0430\u043a\u043b\u0430\n|c|\u2606Diriana|\u0412\u043e\u043b\u0442 \u0421\u0432\u0438\u0447\n|\n|t:|1699694478\n|-terastallize|p1b: 3.14kachu|Ice\n|move|p2a: Scovillain|Protect|p2a: Scovillain\n|-singleturn|p2a: Scovillain|Protect\n|move|p1a: Friend|Hurricane|p2b: Sylveon\n|-damage|p2b: Sylveon|39\/100\n|move|p1b: 3.14kachu|Tera Blast|p2b: Sylveon|[anim] Tera Blast Ice\n|-damage|p2b: Sylveon|0 fnt\n|faint|p2b: Sylveon\n|\n|-ability|p2a: Scovillain|Moody|boost\n|-boost|p2a: Scovillain|spd|2\n|-unboost|p2a: Scovillain|atk|1\n|upkeep\n|\n|t:|1699694487\n|switch|p2b: Bronzong|Bronzong, L50|100\/100\n|turn|4\n|\n|t:|1699694502\n|move|p2b: Bronzong|Protect|p2b: Bronzong\n|-singleturn|p2b: Bronzong|Protect\n|move|p1a: Friend|Hurricane|p2a: Scovillain\n|-supereffective|p2a: Scovillain\n|-crit|p2a: Scovillain\n|-damage|p2a: Scovillain|0 fnt\n|faint|p2a: Scovillain\n|move|p1b: 3.14kachu|Knock Off|p2b: Bronzong\n|-activate|p2b: Bronzong|move: Protect\n|\n|-sideend|p1: Diriana|move: Tailwind\n|upkeep\n|turn|5\n|c|\u2606TTeTyLLloK|\u043a\u0430\u0439\u0444\u043e\u0432\u044b\u0439 \u043a\u0440\u0438\u0442\n|c|\u2606Diriana|\u041a\u043d\u043e\u043a \u041e\u0444\u0444 \u0442\u043e\u0436\u0435 \u0432 \u0421\u043a\u043e\u0432\u0438\u043b\u043b\u0430\u043d\u0430 \u0431\u044b\u043b\n|\n|t:|1699694529\n|move|p1a: Friend|Rage Powder|p1a: Friend\n|-singleturn|p1a: Friend|move: Rage Powder\n|move|p1b: 3.14kachu|Knock Off|p2b: Bronzong\n|-supereffective|p2b: Bronzong\n|-damage|p2b: Bronzong|50\/100\n|-enditem|p2b: Bronzong|Sitrus Berry|[from] move: Knock Off|[of] p1b: 3.14kachu\n|move|p2b: Bronzong|Heavy Slam|p1a: Friend\n|-damage|p1a: Friend|22\/100\n|\n|upkeep\n|turn|6\n|\n|t:|1699694541\n|move|p1a: Friend|Pollen Puff|p2b: Bronzong\n|-damage|p2b: Bronzong|19\/100\n|move|p1b: 3.14kachu|Knock Off|p2b: Bronzong\n|-supereffective|p2b: Bronzong\n|-damage|p2b: Bronzong|0 fnt\n|faint|p2b: Bronzong\n|\n|win|Diriana\n|c|&|\/uhtml prompt-ttetylllok,TTeTyLLloK is ready for game 3!\n","uploadtime":1699694549,"views":28,"p1id":"diriana","p2id":"ttetylllok","formatid":"gen9vgc2023regulatione","rating":0,"private":0,"password":""}