{"id":"gen9vgc2023regulatione-1994331106","p1":"MisterPulpy","p2":"Buff FlutterMane","format":"[Gen 9] VGC 2023 Regulation E","log":"|j|\u2606MisterPulpy\n|j|\u2606Buff FlutterMane\n|t:|1700431907\n|gametype|doubles\n|player|p1|MisterPulpy|1|1385\n|player|p2|Buff FlutterMane|turo|1428\n|teamsize|p1|6\n|teamsize|p2|6\n|gen|9\n|tier|[Gen 9] VGC 2023 Regulation E\n|rated|\n|rule|Species Clause: Limit one of each Pok\u00e9mon\n|rule|Item Clause: Limit one of each item\n|clearpoke\n|poke|p1|Chien-Pao, L50|\n|poke|p1|Heatran, L50, F|\n|poke|p1|Ogerpon-Wellspring, L50, F|\n|poke|p1|Iron Hands, L50|\n|poke|p1|Landorus-Therian, L50, M|\n|poke|p1|Rillaboom, L50, F|\n|poke|p2|Dragapult, L50, M|\n|poke|p2|Chien-Pao, L50|\n|poke|p2|Enamorus, L50, F|\n|poke|p2|Rillaboom, L50, M|\n|poke|p2|Sinistcha-Masterpiece, L50|\n|poke|p2|Heatran, L50, M|\n|teampreview|4\n|inactive|Battle timer is ON: inactive players will automatically lose when time's up. (requested by Buff FlutterMane)\n|inactive|MisterPulpy has 60 seconds left.\n|inactive|Buff FlutterMane has 60 seconds left.\n|\n|t:|1700431953\n|start\n|switch|p1a: Landorus|Landorus-Therian, L50, M|100\/100\n|switch|p1b: Chien-Pao|Chien-Pao, L50|100\/100\n|switch|p2a: Enamorus|Enamorus, L50, F|100\/100\n|switch|p2b: Rillaboom|Rillaboom, L50, M, shiny|100\/100\n|-ability|p1a: Landorus|Intimidate|boost\n|-boost|p2a: Enamorus|atk|1\n|-unboost|p2b: Rillaboom|atk|1\n|-ability|p1b: Chien-Pao|Sword of Ruin\n|-fieldstart|move: Grassy Terrain|[from] ability: Grassy Surge|[of] p2b: Rillaboom\n|turn|1\n|\n|t:|1700431972\n|move|p1b: Chien-Pao|Protect|p1b: Chien-Pao\n|-singleturn|p1b: Chien-Pao|Protect\n|move|p2b: Rillaboom|Fake Out|p1b: Chien-Pao\n|-activate|p1b: Chien-Pao|move: Protect\n|move|p2a: Enamorus|Play Rough|p1a: Landorus\n|-damage|p1a: Landorus|9\/100\n|move|p1a: Landorus|U-turn|p2a: Enamorus\n|-resisted|p2a: Enamorus\n|-damage|p2a: Enamorus|86\/100\n|\n|t:|1700431985\n|switch|p1a: Iron Hands|Iron Hands, L50|100\/100|[from] U-turn\n|\n|upkeep\n|turn|2\n|\n|t:|1700431995\n|switch|p2a: Tera Guy|Heatran, L50, M, shiny|100\/100\n|-terastallize|p2b: Rillaboom|Fire\n|move|p1a: Iron Hands|Fake Out|p2a: Tera Guy\n|-resisted|p2a: Tera Guy\n|-damage|p2a: Tera Guy|92\/100\n|move|p1b: Chien-Pao|Icicle Crash|p2a: Tera Guy\n|-resisted|p2a: Tera Guy\n|-damage|p2a: Tera Guy|78\/100\n|move|p2b: Rillaboom|U-turn|p1b: Chien-Pao\n|-supereffective|p1b: Chien-Pao\n|-damage|p1b: Chien-Pao|63\/100\n|\n|t:|1700432006\n|switch|p2b: Enamorus|Enamorus, L50, F|86\/100|[from] U-turn\n|\n|-heal|p1b: Chien-Pao|69\/100|[from] Grassy Terrain\n|-heal|p2a: Tera Guy|84\/100|[from] Grassy Terrain\n|upkeep\n|turn|3\n|-message|MisterPulpy forfeited.\n|\n|win|Buff FlutterMane\n|raw|MisterPulpy's rating: 1385 &rarr; <strong>1367<\/strong><br \/>(-18 for losing)\n|raw|Buff FlutterMane's rating: 1428 &rarr; <strong>1446<\/strong><br \/>(+18 for winning)\n|l|\u2606MisterPulpy\n","uploadtime":1700432088,"views":14,"p1id":"misterpulpy","p2id":"bufffluttermane","formatid":"gen9vgc2023regulatione","rating":1367,"private":0,"password":""}