{"id":"gen9vgc2023regulatione-1997908136","p1":"MoronSeeds","p2":"Jadedragon61","format":"[Gen 9] VGC 2023 Regulation E","log":"|j|\u2606MoronSeeds\n|j|\u2606Jadedragon61\n|t:|1700866169\n|gametype|doubles\n|player|p1|MoronSeeds|caitlin|\n|player|p2|Jadedragon61|colress|\n|teamsize|p1|6\n|teamsize|p2|6\n|gen|9\n|tier|[Gen 9] VGC 2023 Regulation E\n|rule|Species Clause: Limit one of each Pok\u00e9mon\n|rule|Item Clause: Limit one of each item\n|clearpoke\n|poke|p1|Baxcalibur, L50, M|\n|poke|p1|Ninetales-Alola, L50, F|\n|poke|p1|Hydreigon, L50, M|\n|poke|p1|Quagsire, L50, M|\n|poke|p1|Skiploom, L50, M|\n|poke|p1|Rotom-Frost, L50|\n|poke|p2|Tyranitar, L50, F|\n|poke|p2|Perrserker, L50, F|\n|poke|p2|Salamence, L50, F|\n|poke|p2|Cinderace, L50, M|\n|poke|p2|Amoonguss, L50, F|\n|poke|p2|Zapdos-Galar, L50|\n|teampreview|4\nMoronSeeds rejected open team sheets.\n|c|\u2606MoronSeeds|glhf\n|j| EpicDadGrillFail\n|inactive|Battle timer is ON: inactive players will automatically lose when time's up. (requested by Jadedragon61)\n|c|\u2606Jadedragon61|Glhf\n|c|\u2606Jadedragon61|Is this omega\u2019s bro?\n|j| amlosmurf\n|\n|t:|1700866260\n|start\n|switch|p1a: Gumbo Jones|Skiploom, L50, M, shiny|100\/100\n|switch|p1b: Mariah Carey|Ninetales-Alola, L50, F|100\/100\n|switch|p2a: Monster energy|Perrserker, L50, F, shiny|100\/100\n|switch|p2b: Numero dos|Tyranitar, L50, F, shiny|100\/100\n|-weather|Snow|[from] ability: Snow Warning|[of] p1b: Mariah Carey\n|-weather|Sandstorm|[from] ability: Sand Stream|[of] p2b: Numero dos\n|turn|1\n|inactive|MoronSeeds has 30 seconds left.\n|\n|t:|1700866290\n|switch|p2b: *insert bad joke*|Amoonguss, L50, F, shiny|100\/100\n|move|p1b: Mariah Carey|Snowscape|p1b: Mariah Carey\n|-weather|Snow\n|move|p1a: Gumbo Jones|Substitute|p1a: Gumbo Jones\n|-start|p1a: Gumbo Jones|Substitute\n|-damage|p1a: Gumbo Jones|76\/100\n|move|p2a: Monster energy|Iron Head|p1b: Mariah Carey\n|-supereffective|p1b: Mariah Carey\n|-damage|p1b: Mariah Carey|0 fnt\n|faint|p1b: Mariah Carey\n|\n|-weather|Snow|[upkeep]\n|upkeep\n|\n|t:|1700866302\n|switch|p1b: Rotom-Sexy|Rotom-Frost, L50|100\/100\n|turn|2\n|c| amlosmurf|sub seed lmao\n|\n|t:|1700866323\n|switch|p2b: Numero dos|Tyranitar, L50, F, shiny|100\/100\n|-weather|Sandstorm|[from] ability: Sand Stream|[of] p2b: Numero dos\n|move|p1b: Rotom-Sexy|Blizzard|p2b: Numero dos|[spread] p2a\n|-miss|p1b: Rotom-Sexy|p2b: Numero dos\n|-resisted|p2a: Monster energy\n|-damage|p2a: Monster energy|73\/100\n|move|p1a: Gumbo Jones|Trailblaze|p2a: Monster energy\n|-resisted|p2a: Monster energy\n|-crit|p2a: Monster energy\n|-damage|p2a: Monster energy|65\/100\n|-boost|p1a: Gumbo Jones|spe|1\n|move|p2a: Monster energy|Iron Head|p1b: Rotom-Sexy\n|-damage|p1b: Rotom-Sexy|16\/100\n|\n|-weather|Sandstorm|[upkeep]\n|-damage|p1a: Gumbo Jones|70\/100|[from] Sandstorm\n|upkeep\n|turn|3\n|\n|t:|1700866348\n|move|p1a: Gumbo Jones|Baton Pass|p1a: Gumbo Jones\n|\n|t:|1700866350\n|switch|p1a: Ganch|Hydreigon, L50, M|100\/100|[from] Baton Pass\n|move|p1b: Rotom-Sexy|Blizzard|p2a: Monster energy|[spread] p2a,p2b\n|-resisted|p2a: Monster energy\n|-damage|p2a: Monster energy|39\/100\n|-damage|p2b: Numero dos|87\/100\n|move|p2b: Numero dos|Rock Slide|p1a: Ganch|[spread] p1a,p1b\n|-end|p1a: Ganch|Substitute\n|-supereffective|p1b: Rotom-Sexy\n|-damage|p1b: Rotom-Sexy|0 fnt\n|faint|p1b: Rotom-Sexy\n|move|p2a: Monster energy|Iron Head|p1a: Ganch\n|-damage|p1a: Ganch|32\/100\n|\n|-weather|Sandstorm|[upkeep]\n|-damage|p1a: Ganch|26\/100|[from] Sandstorm\n|upkeep\n|\n|t:|1700866367\n|switch|p1b: Gumbo Jones|Skiploom, L50, M, shiny|70\/100\n|turn|4\n|\n|t:|1700866385\n|move|p1a: Ganch|Focus Blast|p2b: Numero dos\n|-supereffective|p2b: Numero dos\n|-damage|p2b: Numero dos|23\/100\n|move|p1b: Gumbo Jones|Pollen Puff|p2a: Monster energy\n|-resisted|p2a: Monster energy\n|-damage|p2a: Monster energy|31\/100\n|move|p2b: Numero dos|Rock Slide|p1b: Gumbo Jones|[spread] p1a,p1b\n|-supereffective|p1b: Gumbo Jones\n|-damage|p1a: Ganch|0 fnt\n|-damage|p1b: Gumbo Jones|5\/100\n|faint|p1a: Ganch\n|move|p2a: Monster energy|Iron Head|p1b: Gumbo Jones\n|-damage|p1b: Gumbo Jones|0 fnt\n|faint|p1b: Gumbo Jones\n|\n|win|Jadedragon61\n|j| Pokemon_and_beer\n|c|\u2606MoronSeeds|Rock Awn\n|c|\u2606Jadedragon61|Gg\n|j| downfall18\n|l| EpicDadGrillFail\n|l| downfall18\n|l| Pokemon_and_beer\n","uploadtime":1700866741,"views":25,"p1id":"moronseeds","p2id":"jadedragon61","formatid":"gen9vgc2023regulatione","rating":0,"private":0,"password":""}