{"id":"gen9vgc2023regulatione-1995245991","p1":"Damoria","p2":"That_Leek","format":"[Gen 9] VGC 2023 Regulation E","log":"|j|\u2606Damoria\n|j|\u2606That_Leek\n|t:|1700539551\n|gametype|doubles\n|player|p1|Damoria|veteran|1365\n|player|p2|That_Leek|blue|1472\n|teamsize|p1|6\n|teamsize|p2|6\n|gen|9\n|tier|[Gen 9] VGC 2023 Regulation E\n|rated|\n|rule|Species Clause: Limit one of each Pok\u00e9mon\n|rule|Item Clause: Limit one of each item\n|clearpoke\n|poke|p1|Ogerpon-Wellspring, L50, F|\n|poke|p1|Rillaboom, L50, F|\n|poke|p1|Iron Hands, L50|\n|poke|p1|Gholdengo, L50|\n|poke|p1|Regieleki, L50|\n|poke|p1|Arcanine-Hisui, L50, M|\n|poke|p2|Gholdengo, L50|\n|poke|p2|Ogerpon-Wellspring, L50, F|\n|poke|p2|Arcanine-Hisui, L50, F|\n|poke|p2|Chien-Pao, L50|\n|poke|p2|Scream Tail, L50|\n|poke|p2|Dragonite, L50, F|\n|teampreview|4\nThat_Leek has agreed to open team sheets.\n|\n|t:|1700539606\n|start\n|switch|p1a: Regieleki|Regieleki, L50|100\/100\n|switch|p1b: Iron Hands|Iron Hands, L50|100\/100\n|switch|p2a: Scream Tail|Scream Tail, L50|100\/100\n|switch|p2b: Dragonite|Dragonite, L50, F|100\/100\n|-enditem|p2a: Scream Tail|Booster Energy\n|-activate|p2a: Scream Tail|ability: Protosynthesis|[fromitem]\n|-start|p2a: Scream Tail|protosynthesisspe\n|turn|1\n|\n|t:|1700539646\n|move|p1b: Iron Hands|Fake Out|p2a: Scream Tail\n|-damage|p2a: Scream Tail|89\/100\n|cant|p2a: Scream Tail|flinch\n|move|p1a: Regieleki|Volt Switch|p2b: Dragonite\n|-damage|p2b: Dragonite|68\/100\n|inactive|Battle timer is ON: inactive players will automatically lose when time's up. (requested by That_Leek)\n|\n|t:|1700539687\n|switch|p1a: Arcanine|Arcanine-Hisui, L50, M|100\/100|[from] Volt Switch\n|-ability|p1a: Arcanine|Intimidate|boost\n|-unboost|p2a: Scream Tail|atk|1\n|-fail|p2b: Dragonite|unboost|Attack|[from] ability: Inner Focus|[of] p2b: Dragonite\n|move|p2b: Dragonite|Stomping Tantrum|p1a: Arcanine\n|-supereffective|p1a: Arcanine\n|-crit|p1a: Arcanine\n|-damage|p1a: Arcanine|0 fnt\n|faint|p1a: Arcanine\n|\n|upkeep\n|\n|t:|1700539697\n|switch|p1a: Regieleki|Regieleki, L50|100\/100\n|turn|2\n|\n|t:|1700539713\n|move|p2a: Scream Tail|Howl|p2a: Scream Tail|[spread] p2a,p2b\n|-boost|p2a: Scream Tail|atk|1\n|-boost|p2b: Dragonite|atk|1\n|move|p1a: Regieleki|Electroweb|p2b: Dragonite|[spread] p2a\n|-miss|p1a: Regieleki|p2b: Dragonite\n|-damage|p2a: Scream Tail|65\/100\n|-unboost|p2a: Scream Tail|spe|1\n|move|p2b: Dragonite|Stomping Tantrum|p1a: Regieleki\n|-supereffective|p1a: Regieleki\n|-crit|p1a: Regieleki\n|-damage|p1a: Regieleki|0 fnt\n|faint|p1a: Regieleki\n|move|p1b: Iron Hands|Wild Charge|p2b: Dragonite\n|-damage|p2b: Dragonite|22\/100\n|-damage|p1b: Iron Hands|90\/100|[from] Recoil\n|\n|upkeep\n|\n|t:|1700539727\n|switch|p1a: Gholdengo|Gholdengo, L50|100\/100\n|turn|3\n|-message|Damoria forfeited.\n|\n|win|That_Leek\n|raw|Damoria's rating: 1365 &rarr; <strong>1351<\/strong><br \/>(-14 for losing)\n|raw|That_Leek's rating: 1472 &rarr; <strong>1486<\/strong><br \/>(+14 for winning)\n|l|\u2606Damoria\n","uploadtime":1700539744,"views":4,"p1id":"damoria","p2id":"thatleek","formatid":"gen9vgc2023regulatione","rating":1351,"private":0,"password":""}