{"id":"gen9vgc2023regulatione-1998435935","p1":"Levelup_yaman","p2":"slimejrlegit","format":"[Gen 9] VGC 2023 Regulation E","log":"|j|\u2606Levelup_yaman\n|j|\u2606slimejrlegit\n|t:|1700942072\n|gametype|doubles\n|player|p1|Levelup_yaman|picnicker|1200\n|player|p2|slimejrlegit|2|1233\n|teamsize|p1|6\n|teamsize|p2|6\n|gen|9\n|tier|[Gen 9] VGC 2023 Regulation E\n|rated|\n|rule|Species Clause: Limit one of each Pok\u00e9mon\n|rule|Item Clause: Limit one of each item\n|clearpoke\n|poke|p1|Pawmot, L50, M|\n|poke|p1|Baxcalibur, L50, F|\n|poke|p1|Skeledirge, L50, F|\n|poke|p1|Arboliva, L50, M|\n|poke|p1|Garganacl, L50, M|\n|poke|p1|Kingambit, L50, M|\n|poke|p2|Armarouge, L50, M|\n|poke|p2|Milotic, L50, M|\n|poke|p2|Regieleki, L50|\n|poke|p2|Enamorus, L50, F|\n|poke|p2|Sneasler, L50, F|\n|poke|p2|Indeedee-F, L50, F|\n|teampreview|4\n|inactive|Battle timer is ON: inactive players will automatically lose when time's up. (requested by Levelup_yaman)\n|inactive|slimejrlegit has 60 seconds left.\n|\n|t:|1700942116\n|start\n|switch|p1a: Baxcalibur|Baxcalibur, L50, F|100\/100\n|switch|p1b: Kingambit|Kingambit, L50, M|100\/100\n|switch|p2a: Regieleki|Regieleki, L50|100\/100\n|switch|p2b: Indeedee|Indeedee-F, L50, F|100\/100\n|-fieldstart|move: Psychic Terrain|[from] ability: Psychic Surge|[of] p2b: Indeedee\n|turn|1\n|\n|t:|1700942127\n|switch|p2b: Doja Cat|Enamorus, L50, F|100\/100\n|move|p2a: Regieleki|Eerie Impulse|p2b: Doja Cat\n|-boost|p2b: Doja Cat|spa|2\n|move|p1a: Baxcalibur|Icicle Spear|p2a: Regieleki\n|-damage|p2a: Regieleki|72\/100\n|-damage|p2a: Regieleki|42\/100\n|-damage|p2a: Regieleki|13\/100\n|-damage|p2a: Regieleki|0 fnt\n|faint|p2a: Regieleki\n|-hitcount|p2: Regieleki|4\n|move|p1b: Kingambit|Kowtow Cleave|p2b: Doja Cat\n|-resisted|p2b: Doja Cat\n|-crit|p2b: Doja Cat\n|-damage|p2b: Doja Cat|38\/100\n|\n|upkeep\n|inactive|slimejrlegit has 30 seconds left.\n|\n|t:|1700942159\n|switch|p2a: Agent Sneeze|Sneasler, L50, F, shiny|100\/100\n|-enditem|p2a: Agent Sneeze|Psychic Seed\n|-boost|p2a: Agent Sneeze|spd|1|[from] item: Psychic Seed\n|turn|2\n|\n|t:|1700942173\n|-terastallize|p2b: Doja Cat|Fairy\n|move|p2a: Agent Sneeze|Swords Dance|p2a: Agent Sneeze\n|-boost|p2a: Agent Sneeze|atk|2\n|move|p2b: Doja Cat|Dazzling Gleam|p1b: Kingambit|[spread] p1a,p1b\n|-supereffective|p1a: Baxcalibur\n|-crit|p1b: Kingambit\n|-damage|p1a: Baxcalibur|0 fnt\n|-damage|p1b: Kingambit|0 fnt\n|faint|p1a: Baxcalibur\n|faint|p1b: Kingambit\n|\n|upkeep\n|\n|t:|1700942194\n|switch|p1a: Garganacl|Garganacl, L50, M|100\/100\n|switch|p1b: Pawmot|Pawmot, L50, M|100\/100\n|-item|p1a: Garganacl|Air Balloon\n|turn|3\n|inactive|slimejrlegit has 30 seconds left.\n|inactive|slimejrlegit has 20 seconds left.\n|\n|t:|1700942233\n|-terastallize|p1b: Pawmot|Fairy\n|move|p2a: Agent Sneeze|Close Combat|p1a: Garganacl\n|-supereffective|p1a: Garganacl\n|-damage|p1a: Garganacl|0 fnt\n|-unboost|p2a: Agent Sneeze|def|1\n|-unboost|p2a: Agent Sneeze|spd|1\n|-enditem|p1a: Garganacl|Air Balloon\n|faint|p1a: Garganacl\n|move|p2b: Doja Cat|Dazzling Gleam|p1b: Pawmot\n|-damage|p1b: Pawmot|0 fnt\n|faint|p1b: Pawmot\n|\n|win|slimejrlegit\n|raw|Levelup_yaman's rating: 1200 &rarr; <strong>1177<\/strong><br \/>(-23 for losing)\n|raw|slimejrlegit's rating: 1233 &rarr; <strong>1256<\/strong><br \/>(+23 for winning)\n|l|\u2606Levelup_yaman\n","uploadtime":1700942307,"views":4,"p1id":"levelupyaman","p2id":"slimejrlegit","formatid":"gen9vgc2023regulatione","rating":1177,"private":0,"password":""}