{"id":"gen9vgc2023regulatione-1997036314","p1":"Piccius","p2":"iiparks","format":"[Gen 9] VGC 2023 Regulation E","log":"|j|\u2606Piccius\n|j|\u2606iiparks\n|t:|1700758064\n|gametype|doubles\n|player|p1|Piccius|2|1459\n|player|p2|iiparks|veteran|1547\n|teamsize|p1|6\n|teamsize|p2|6\n|gen|9\n|tier|[Gen 9] VGC 2023 Regulation E\n|rated|\n|rule|Species Clause: Limit one of each Pok\u00e9mon\n|rule|Item Clause: Limit one of each item\n|clearpoke\n|poke|p1|Chi-Yu, L50|\n|poke|p1|Kingambit, L50, M|\n|poke|p1|Flutter Mane, L50|\n|poke|p1|Rillaboom, L50, M|\n|poke|p1|Farigiraf, L50, F|\n|poke|p1|Urshifu-*, L50, M|\n|poke|p2|Dragonite, L50, M|\n|poke|p2|Chien-Pao, L50|\n|poke|p2|Urshifu-*, L50, M|\n|poke|p2|Kingambit, L50, F|\n|poke|p2|Ogerpon-Hearthflame, L50, F|\n|poke|p2|Amoonguss, L50, F|\n|teampreview|4\n|\n|t:|1700758112\n|start\n|switch|p1a: Flutter Mane|Flutter Mane, L50|100\/100\n|switch|p1b: Chi-Yu|Chi-Yu, L50|100\/100\n|switch|p2a: Chien-Pao|Chien-Pao, L50|100\/100\n|switch|p2b: Urshifu|Urshifu-Rapid-Strike, L50, M|100\/100\n|-ability|p2a: Chien-Pao|Sword of Ruin\n|-ability|p1b: Chi-Yu|Beads of Ruin\n|-enditem|p1a: Flutter Mane|Booster Energy\n|-activate|p1a: Flutter Mane|ability: Protosynthesis|[fromitem]\n|-start|p1a: Flutter Mane|protosynthesisspe\n|turn|1\n|\n|t:|1700758134\n|switch|p1b: Farigiraf|Farigiraf, L50, F|100\/100\n|move|p2b: Urshifu|Aqua Jet||[still]\n|cant|p1b: Farigiraf|ability: Armor Tail|Aqua Jet|[of] p2b: Urshifu\n|move|p2a: Chien-Pao|Sucker Punch||[still]\n|cant|p1b: Farigiraf|ability: Armor Tail|Sucker Punch|[of] p2a: Chien-Pao\n|move|p1a: Flutter Mane|Dazzling Gleam|p2a: Chien-Pao|[spread] p2a,p2b\n|-supereffective|p2a: Chien-Pao\n|-supereffective|p2b: Urshifu\n|-damage|p2a: Chien-Pao|11\/100\n|-damage|p2b: Urshifu|25\/100\n|\n|upkeep\n|turn|2\n|-message|iiparks forfeited.\n|\n|win|Piccius\n|raw|Piccius's rating: 1459 &rarr; <strong>1484<\/strong><br \/>(+25 for winning)\n|raw|iiparks's rating: 1547 &rarr; <strong>1522<\/strong><br \/>(-25 for losing)\n|l|\u2606iiparks\n","uploadtime":1700758158,"views":8,"p1id":"piccius","p2id":"iiparks","formatid":"gen9vgc2023regulatione","rating":1484,"private":0,"password":""}