{"id":"gen9vgc2023regulatione-1998117235","p1":"leafyarrow","p2":"LuigizHp","format":"[Gen 9] VGC 2023 Regulation E","log":"|j|\u2606leafyarrow\n|j|\u2606LuigizHp\n|n|\u2606leafyarrow|leafyarrow\n|n|\u2606LuigizHp|luigizhp\n|html|View the match progress at <a href=\"\/game-bestof3-gen9vgc2023regulatione-1998115511\">game-bestof3-gen9vgc2023regulatione-1998115511<\/a>\n|t:|1700894380\n|gametype|doubles\n|player|p1|leafyarrow|selene|\n|player|p2|LuigizHp|102|\n|teamsize|p1|6\n|teamsize|p2|6\n|gen|9\n|tier|[Gen 9] VGC 2023 Regulation E\n|rule|Species Clause: Limit one of each Pok\u00e9mon\n|rule|Item Clause: Limit one of each item\n|clearpoke\n|poke|p1|Farigiraf, L50, F|\n|poke|p1|Arcanine-Hisui, L50, F|\n|poke|p1|Landorus, L50, M|\n|poke|p1|Rillaboom, L50, M|\n|poke|p1|Urshifu-*, L50, M|\n|poke|p1|Regieleki, L50|\n|poke|p2|Landorus-Therian, L50, M|\n|poke|p2|Milotic, L50, M|\n|poke|p2|Rillaboom, L50, F|\n|poke|p2|Iron Hands, L50|\n|poke|p2|Heatran, L50, M|\n|poke|p2|Tornadus, L50, M|\n|teampreview|4\nleafyarrow has agreed to open team sheets.\n|inactive|Battle timer is ON: inactive players will automatically lose when time's up. (requested by LuigizHp)\nLuigizHp has agreed to open team sheets.\n|showteam|p1|Farigiraf||RockyHelmet|ArmorTail|HelpingHand,DazzlingGleam,TrickRoom,Psychic|||F|||50|,,,,,Fairy]Arcanine-Hisui||ChoiceBand|Intimidate|TeraBlast,ExtremeSpeed,FlareBlitz,RockSlide|||F|||50|,,,,,Fairy]Landorus||LifeOrb|SheerForce|EarthPower,SludgeBomb,SandsearStorm,Protect|||M|||50|,,,,,Poison]Rillaboom||MiracleSeed|GrassySurge|GrassyGlide,Uturn,WoodHammer,FakeOut|||M|||50|,,,,,Grass]Urshifu-Rapid-Strike||MysticWater|UnseenFist|CloseCombat,SurgingStrikes,AquaJet,Protect|||M|||50|,,,,,Water]Regieleki||Magnet|Transistor|Electroweb,Thunderbolt,TeraBlast,Protect||||||50|,,,,,Ice\n|showteam|p2|Landorus-Therian||ChoiceScarf|Intimidate|RockSlide,StompingTantrum,Uturn,TeraBlast|||M|||50|,,,,,Flying]Milotic||SitrusBerry|Competitive|IcyWind,Scald,Protect,Haze|||M|||50|,,,,,Dragon]Rillaboom||MiracleSeed|GrassySurge|Protect,GrassyGlide,WoodHammer,FakeOut|||F|||50|,,,,,Grass]Iron Hands||AssaultVest|QuarkDrive|DrainPunch,FakeOut,WildCharge,HeavySlam||||||50|,,,,,Water]Heatran||Leftovers|FlashFire|EarthPower,HeatWave,Protect,Substitute|||M|||50|,,,,,Grass]Tornadus||RockyHelmet|Prankster|Tailwind,BleakwindStorm,Taunt,Protect|||M|||50|,,,,,Steel\n|inactive|leafyarrow has 30 seconds left.\n|inactive|LuigizHp has 30 seconds left.\n|inactive|leafyarrow has 20 seconds left.\n|\n|t:|1700894420\n|start\n|switch|p1a: Rillaboom|Rillaboom, L50, M|100\/100\n|switch|p1b: Regieleki|Regieleki, L50|100\/100\n|switch|p2a: Iron Hands|Iron Hands, L50|100\/100\n|switch|p2b: Heatran|Heatran, L50, M|100\/100\n|-fieldstart|move: Grassy Terrain|[from] ability: Grassy Surge|[of] p1a: Rillaboom\n|turn|1\n|inactive|leafyarrow has 30 seconds left.\n|inactive|LuigizHp has 30 seconds left.\n|\n|t:|1700894452\n|switch|p1b: Landorus|Landorus, L50, M|100\/100\n|move|p1a: Rillaboom|Fake Out|p2b: Heatran\n|-resisted|p2b: Heatran\n|-damage|p2b: Heatran|93\/100\n|move|p2a: Iron Hands|Fake Out|p1a: Rillaboom\n|-damage|p1a: Rillaboom|85\/100\n|cant|p2b: Heatran|flinch\n|\n|-heal|p2b: Heatran|99\/100|[from] Grassy Terrain\n|-heal|p2b: Heatran|100\/100|[from] item: Leftovers\n|-heal|p1a: Rillaboom|91\/100|[from] Grassy Terrain\n|upkeep\n|turn|2\n|inactive|leafyarrow has 30 seconds left.\n|inactive|leafyarrow has 20 seconds left.\n|inactive|LuigizHp has 30 seconds left.\n|inactive|leafyarrow has 15 seconds left.\n|inactive|LuigizHp has 20 seconds left.\n|inactive|LuigizHp has 15 seconds left.\n|\n|t:|1700894503\n|move|p1b: Landorus|Sandsear Storm|p2b: Heatran|[spread] p2a,p2b\n|-supereffective|p2a: Iron Hands\n|-supereffective|p2b: Heatran\n|-damage|p2a: Iron Hands|43\/100\n|-damage|p2b: Heatran|0 fnt\n|faint|p2b: Heatran\n|move|p1a: Rillaboom|Wood Hammer|p2a: Iron Hands\n|-damage|p2a: Iron Hands|0 fnt\n|faint|p2a: Iron Hands\n|-end|p2a: Iron Hands|Quark Drive|[silent]\n|-damage|p1a: Rillaboom|74\/100|[from] Recoil\n|\n|-heal|p1a: Rillaboom|80\/100|[from] Grassy Terrain\n|upkeep\n|\n|t:|1700894516\n|switch|p2b: Rillaboom|Rillaboom, L50, F|100\/100\n|switch|p2a: Landorus|Landorus-Therian, L50, M|100\/100\n|-ability|p2a: Landorus|Intimidate|boost\n|-unboost|p1a: Rillaboom|atk|1\n|-unboost|p1b: Landorus|atk|1\n|turn|3\n|c|\u2606LuigizHp|damn didnt knew that lando move\n|c|\u2606LuigizHp|ggs lol\n|inactive|LuigizHp has 30 seconds left.\n|inactive|leafyarrow has 30 seconds left.\n|inactive|LuigizHp has 20 seconds left.\n|inactive|LuigizHp has 15 seconds left.\n|inactive|LuigizHp has 10 seconds left.\n|\n|t:|1700894561\n|-terastallize|p2b: Rillaboom|Grass\n|move|p1a: Rillaboom|Grassy Glide|p2a: Landorus\n|-damage|p2a: Landorus|65\/100\n|move|p2a: Landorus|Rock Slide|p1a: Rillaboom|[spread] p1a,p1b\n|-damage|p1a: Rillaboom|58\/100\n|-damage|p1b: Landorus|77\/100\n|cant|p1b: Landorus|flinch\n|move|p2b: Rillaboom|Wood Hammer|p1b: Landorus\n|-damage|p1b: Landorus|0 fnt\n|faint|p1b: Landorus\n|-damage|p2b: Rillaboom|79\/100|[from] Recoil\n|\n|-heal|p2b: Rillaboom|85\/100|[from] Grassy Terrain\n|-heal|p1a: Rillaboom|64\/100|[from] Grassy Terrain\n|upkeep\n|\n|t:|1700894577\n|switch|p1b: Urshifu|Urshifu-Rapid-Strike, L50, M|100\/100\n|turn|4\n|inactive|leafyarrow has 30 seconds left.\n|\n|t:|1700894604\n|move|p1b: Urshifu|Aqua Jet|p2a: Landorus\n|-supereffective|p2a: Landorus\n|-damage|p2a: Landorus|2\/100\n|move|p2b: Rillaboom|Grassy Glide|p1b: Urshifu\n|-supereffective|p1b: Urshifu\n|-damage|p1b: Urshifu|0 fnt\n|faint|p1b: Urshifu\n|move|p2a: Landorus|Rock Slide|p1a: Rillaboom\n|-damage|p1a: Rillaboom|34\/100\n|move|p1a: Rillaboom|U-turn|p2a: Landorus\n|-resisted|p2a: Landorus\n|-damage|p2a: Landorus|0 fnt\n|faint|p2a: Landorus\n|\n|t:|1700894616\n|switch|p1a: Regieleki|Regieleki, L50|100\/100|[from] U-turn\n|\n|-heal|p2b: Rillaboom|91\/100|[from] Grassy Terrain\n|upkeep\n|\n|t:|1700894621\n|switch|p1b: Rillaboom|Rillaboom, L50, M|34\/100\n|turn|5\n|\n|t:|1700894627\n|-terastallize|p1a: Regieleki|Ice\n|move|p2b: Rillaboom|Protect|p2b: Rillaboom\n|-singleturn|p2b: Rillaboom|Protect\n|move|p1b: Rillaboom|Fake Out|p2b: Rillaboom\n|-activate|p2b: Rillaboom|move: Protect\n|move|p1a: Regieleki|Tera Blast|p2b: Rillaboom|[anim] Tera Blast Ice\n|-activate|p2b: Rillaboom|move: Protect\n|\n|-heal|p2b: Rillaboom|97\/100|[from] Grassy Terrain\n|-heal|p1b: Rillaboom|39\/100|[from] Grassy Terrain\n|-fieldend|move: Grassy Terrain\n|upkeep\n|turn|6\n|\n|t:|1700894640\n|move|p1a: Regieleki|Tera Blast|p2b: Rillaboom|[anim] Tera Blast Ice\n|-supereffective|p2b: Rillaboom\n|-damage|p2b: Rillaboom|0 fnt\n|faint|p2b: Rillaboom\n|\n|win|leafyarrow\n|c|\u2606LuigizHp|ggs\n|c|\u2606leafyarrow|ggs\n|l|\u2606LuigizHp\n","uploadtime":1700894665,"views":14,"p1id":"leafyarrow","p2id":"luigizhp","formatid":"gen9vgc2023regulatione","rating":0,"private":0,"password":""}