{"id":"gen9vgc2023regulatione-1991148702","p1":"suffyrin","p2":"Sir 252","format":"[Gen 9] VGC 2023 Regulation E","log":"|j|\u2606suffyrin\n|j|\u2606Sir 252\n|t:|1700050252\n|gametype|doubles\n|player|p1|suffyrin|1|\n|player|p2|Sir 252|giovanni|\n|teamsize|p1|6\n|teamsize|p2|6\n|gen|9\n|tier|[Gen 9] VGC 2023 Regulation E\n|rated|Tournament battle\n|rule|Species Clause: Limit one of each Pok\u00e9mon\n|rule|Item Clause: Limit one of each item\n|clearpoke\n|poke|p1|Ogerpon-Wellspring, L50, F|\n|poke|p1|Heatran, L50, M|\n|poke|p1|Chien-Pao, L50|\n|poke|p1|Amoonguss, L50, M|\n|poke|p1|Landorus-Therian, L50, M|\n|poke|p1|Iron Hands, L50|\n|poke|p2|Ogerpon-Hearthflame, L50, F|\n|poke|p2|Urshifu-*, L50, F|\n|poke|p2|Tornadus, L50, M|\n|poke|p2|Landorus-Therian, L50, M|\n|poke|p2|Flutter Mane, L50|\n|poke|p2|Kingambit, L50, M|\n|teampreview|4\n|showteam|p1|Ogerpon-Wellspring||WellspringMask|WaterAbsorb|IvyCudgel,HornLeech,FollowMe,SpikyShield|||F|||50|,,,,,Water]Heatran||LifeOrb|FlashFire|HeatWave,FlashCannon,Protect,EarthPower|||M|||50|,,,,,Fairy]Chien-Pao||FocusSash|SwordofRuin|IceSpinner,LashOut,SuckerPunch,Protect||||||50|,,,,,Ghost]Amoonguss||SitrusBerry|Regenerator|Protect,RagePowder,PollenPuff,Spore|||M|||50|,,,,,Water]Landorus-Therian||ChoiceScarf|Intimidate|StompingTantrum,RockSlide,Uturn,TeraBlast|||M|||50|,,,,,Flying]Iron Hands||AssaultVest|QuarkDrive|WildCharge,FakeOut,DrainPunch,VoltSwitch||||||50|,,,,,Fire\n|showteam|p2|Ogerpon-Hearthflame||HearthflameMask|MoldBreaker|IvyCudgel,HornLeech,FollowMe,SpikyShield|||F|||50|,,,,,Fire]Urshifu-Rapid-Strike||FocusSash|UnseenFist|SurgingStrikes,AquaJet,CloseCombat,Protect|||F|||50|,,,,,Water]Tornadus||SitrusBerry|Prankster|BleakwindStorm,RainDance,Protect,Tailwind|||M|||50|,,,,,Poison]Landorus-Therian||ChoiceScarf|Intimidate|TeraBlast,RockSlide,Uturn,StompingTantrum|||M|||50|,,,,,Flying]Flutter Mane||ChoiceSpecs|Protosynthesis|Moonblast,DazzlingGleam,ShadowBall,TrickRoom||||||50|,,,,,Fairy]Kingambit||BlackGlasses|Defiant|KowtowCleave,SuckerPunch,SwordsDance,Protect|||M|||50|,,,,,Dark\n|inactive|Battle timer is ON: inactive players will automatically lose when time's up. (requested by Sir 252)\n|\n|t:|1700050318\n|start\n|switch|p1a: Iron Hands|Iron Hands, L50|100\/100\n|switch|p1b: Chien-Pao|Chien-Pao, L50|100\/100\n|switch|p2a: Tornadus|Tornadus, L50, M|100\/100\n|switch|p2b: Landorus|Landorus-Therian, L50, M|100\/100\n|-ability|p2b: Landorus|Intimidate|boost\n|-unboost|p1a: Iron Hands|atk|1\n|-unboost|p1b: Chien-Pao|atk|1\n|-ability|p1b: Chien-Pao|Sword of Ruin\n|turn|1\n|inactive|suffyrin has 30 seconds left.\n|inactive|Sir 252 has 30 seconds left.\n|\n|t:|1700050347\n|-terastallize|p2b: Landorus|Flying\n|move|p2a: Tornadus|Protect|p2a: Tornadus\n|-singleturn|p2a: Tornadus|Protect\n|move|p1a: Iron Hands|Fake Out|p2b: Landorus\n|-crit|p2b: Landorus\n|-damage|p2b: Landorus|69\/100\n|cant|p2b: Landorus|flinch\n|move|p1b: Chien-Pao|Lash Out|p2b: Landorus\n|-damage|p2b: Landorus|0 fnt\n|faint|p2b: Landorus\n|\n|upkeep\n|\n|t:|1700050359\n|switch|p2b: Ogerpon|Ogerpon-Hearthflame, L50, F|100\/100\n|-ability|p2b: Ogerpon|Mold Breaker\n|turn|2\n|\n|t:|1700050383\n|switch|p1b: Landorus|Landorus-Therian, L50, M|100\/100\n|-ability|p1b: Landorus|Intimidate|boost\n|-unboost|p2a: Tornadus|atk|1\n|-unboost|p2b: Ogerpon|atk|1\n|move|p2a: Tornadus|Bleakwind Storm|p1a: Iron Hands|[spread] p1a\n|-miss|p2a: Tornadus|p1b: Landorus\n|-damage|p1a: Iron Hands|83\/100\n|move|p2b: Ogerpon|Ivy Cudgel|p1b: Landorus|[anim] Ivy Cudgel Fire\n|-damage|p1b: Landorus|56\/100\n|move|p1a: Iron Hands|Volt Switch|p2a: Tornadus\n|-supereffective|p2a: Tornadus\n|-damage|p2a: Tornadus|71\/100\n|-message|Sir 252 forfeited.\n|\n|win|suffyrin\n|n|\u2606suffyrin|suffyrin\n|n|\u2606Sir 252|sir252\n","uploadtime":1700050397,"views":8,"p1id":"suffyrin","p2id":"sir252","formatid":"gen9vgc2023regulatione","rating":0,"private":0,"password":""}