{"id":"gen9vgc2023regulatione-1991485786","p1":"jfkWasCoolNAllBut","p2":"Vwang03","format":"[Gen 9] VGC 2023 Regulation E","log":"|j|\u2606jfkWasCoolNAllBut\n|j|\u2606Vwang03\n|t:|1700081299\n|gametype|doubles\n|player|p1|jfkWasCoolNAllBut|102|1067\n|player|p2|Vwang03|102|1093\n|teamsize|p1|6\n|teamsize|p2|6\n|gen|9\n|tier|[Gen 9] VGC 2023 Regulation E\n|rated|\n|rule|Species Clause: Limit one of each Pok\u00e9mon\n|rule|Item Clause: Limit one of each item\n|clearpoke\n|poke|p1|Azumarill, L50, M|\n|poke|p1|Snorlax, L50, F|\n|poke|p1|Ogerpon-Hearthflame, L50, F|\n|poke|p1|Flutter Mane, L50|\n|poke|p1|Sinistcha-Masterpiece, L50|\n|poke|p1|Carbink, L50|\n|poke|p2|Armarouge, L50, F|\n|poke|p2|Sinistcha-Masterpiece, L50|\n|poke|p2|Indeedee-F, L50, F|\n|poke|p2|Iron Hands, L50|\n|poke|p2|Palafin, L50, M|\n|poke|p2|Tornadus, L50, M|\n|teampreview|4\n|\n|t:|1700081324\n|start\n|switch|p1a: Azumarill|Azumarill, L50, M|100\/100\n|switch|p1b: Flutter Mane|Flutter Mane, L50|100\/100\n|switch|p2a: Armarouge|Armarouge, L50, F|100\/100\n|switch|p2b: Palafin|Palafin, L50, M|100\/100\n|-enditem|p1b: Flutter Mane|Booster Energy\n|-activate|p1b: Flutter Mane|ability: Protosynthesis|[fromitem]\n|-start|p1b: Flutter Mane|protosynthesisspa\n|turn|1\n|inactive|Battle timer is ON: inactive players will automatically lose when time's up. (requested by jfkWasCoolNAllBut)\n|\n|t:|1700081347\n|move|p2b: Palafin|Jet Punch|p2a: Armarouge\n|-supereffective|p2a: Armarouge\n|-damage|p2a: Armarouge|34\/100\n|-ability|p2a: Armarouge|Weak Armor|boost\n|-unboost|p2a: Armarouge|def|1\n|-boost|p2a: Armarouge|spe|2\n|-enditem|p2a: Armarouge|Weakness Policy\n|-boost|p2a: Armarouge|atk|2|[from] item: Weakness Policy\n|-boost|p2a: Armarouge|spa|2|[from] item: Weakness Policy\n|move|p2a: Armarouge|Expanding Force|p1b: Flutter Mane\n|-damage|p1b: Flutter Mane|6\/100\n|move|p1b: Flutter Mane|Shadow Ball|p2a: Armarouge\n|-supereffective|p2a: Armarouge\n|-damage|p2a: Armarouge|0 fnt\n|faint|p2a: Armarouge\n|move|p1a: Azumarill|Belly Drum|p1a: Azumarill\n|-damage|p1a: Azumarill|50\/100\n|-setboost|p1a: Azumarill|atk|6|[from] move: Belly Drum\n|-enditem|p1a: Azumarill|Sitrus Berry|[eat]\n|-heal|p1a: Azumarill|75\/100|[from] item: Sitrus Berry\n|\n|upkeep\n|-message|Vwang03 forfeited.\n|\n|win|jfkWasCoolNAllBut\n|raw|jfkWasCoolNAllBut's rating: 1067 &rarr; <strong>1099<\/strong><br \/>(+32 for winning)\n|raw|Vwang03's rating: 1093 &rarr; <strong>1067<\/strong><br \/>(-26 for losing)\n|l|\u2606Vwang03\n","uploadtime":1700081394,"views":11,"p1id":"jfkwascoolnallbut","p2id":"vwang03","formatid":"gen9vgc2023regulatione","rating":1067,"private":0,"password":""}