{"id":"gen9vgc2023regulatione-1998565415","p1":"fubbernuckles","p2":"grimbussy","format":"[Gen 9] VGC 2023 Regulation E","log":"|j|\u203dfubbernuckles\n|j|\u2606grimbussy\n|t:|1700957046\n|gametype|doubles\n|player|p1|fubbernuckles|marlon|1250\n|player|p2|grimbussy|170|1152\n|teamsize|p1|6\n|teamsize|p2|6\n|gen|9\n|tier|[Gen 9] VGC 2023 Regulation E\n|rated|\n|rule|Species Clause: Limit one of each Pok\u00e9mon\n|rule|Item Clause: Limit one of each item\n|clearpoke\n|poke|p1|Arcanine-Hisui, L50, M|\n|poke|p1|Gastrodon, L50, M|\n|poke|p1|Kingambit, L50, M|\n|poke|p1|Flutter Mane, L50|\n|poke|p1|Tornadus, L50, M|\n|poke|p1|Amoonguss, L50, M|\n|poke|p2|Maushold-Four, L50|\n|poke|p2|Dragonite, L50, M|\n|poke|p2|Chien-Pao, L50|\n|poke|p2|Flutter Mane, L50|\n|poke|p2|Iron Hands, L50|\n|poke|p2|Sinistcha-Masterpiece, L50|\n|teampreview|4\n|inactive|Battle timer is ON: inactive players will automatically lose when time's up. (requested by fubbernuckles)\ngrimbussy has agreed to open team sheets.\n|\n|t:|1700957086\n|start\n|switch|p1a: Arcanine|Arcanine-Hisui, L50, M, shiny|100\/100\n|switch|p1b: Flutter Mane|Flutter Mane, L50|100\/100\n|switch|p2a: Dragonite|Dragonite, L50, M|100\/100\n|switch|p2b: Chien-Pao|Chien-Pao, L50|100\/100\n|-ability|p2b: Chien-Pao|Sword of Ruin\n|turn|1\n|\n|t:|1700957102\n|-terastallize|p1a: Arcanine|Ghost\n|move|p1b: Flutter Mane|Dazzling Gleam|p2b: Chien-Pao|[spread] p2a,p2b\n|-supereffective|p2a: Dragonite\n|-supereffective|p2b: Chien-Pao\n|-damage|p2a: Dragonite|42\/100\n|-enditem|p2b: Chien-Pao|Focus Sash\n|-damage|p2b: Chien-Pao|1\/100\n|move|p2b: Chien-Pao|Crunch|p1b: Flutter Mane\n|-enditem|p1b: Flutter Mane|Focus Sash\n|-damage|p1b: Flutter Mane|1\/100\n|move|p1a: Arcanine|Flare Blitz|p2b: Chien-Pao\n|-supereffective|p2b: Chien-Pao\n|-damage|p2b: Chien-Pao|0 fnt\n|faint|p2b: Chien-Pao\n|-damage|p1a: Arcanine|90\/100|[from] item: Life Orb\n|move|p2a: Dragonite|Waterfall|p1a: Arcanine\n|-damage|p1a: Arcanine|34\/100\n|\n|upkeep\n|inactive|grimbussy has 30 seconds left.\n|\n|t:|1700957130\n|switch|p2b: Sinistcha|Sinistcha-Masterpiece, L50|100\/100\n|-heal|p2a: Dragonite|67\/100|[from] ability: Hospitality|[of] p2b: Sinistcha\n|turn|2\n|\n|t:|1700957146\n|switch|p2a: Iron Hands|Iron Hands, L50|100\/100\n|move|p1b: Flutter Mane|Shadow Ball|p2b: Sinistcha\n|-supereffective|p2b: Sinistcha\n|-damage|p2b: Sinistcha|0 fnt\n|faint|p2b: Sinistcha\n|move|p1a: Arcanine|Flare Blitz|p2a: Iron Hands\n|-damage|p2a: Iron Hands|57\/100\n|-damage|p1a: Arcanine|24\/100|[from] item: Life Orb\n|\n|-heal|p2a: Iron Hands|63\/100|[from] item: Leftovers\n|upkeep\n|\n|t:|1700957161\n|switch|p2b: Dragonite|Dragonite, L50, M|67\/100\n|turn|3\n|inactive|grimbussy has 30 seconds left.\n|\n|t:|1700957188\n|-terastallize|p2a: Iron Hands|Steel\n|move|p1b: Flutter Mane|Moonblast|p2b: Dragonite\n|-supereffective|p2b: Dragonite\n|-damage|p2b: Dragonite|0 fnt\n|faint|p2b: Dragonite\n|move|p1a: Arcanine|Flare Blitz|p2a: Iron Hands\n|-supereffective|p2a: Iron Hands\n|-damage|p2a: Iron Hands|0 fnt\n|faint|p2a: Iron Hands\n|-end|p2a: Iron Hands|Quark Drive|[silent]\n|-damage|p1a: Arcanine|14\/100|[from] item: Life Orb\n|\n|win|fubbernuckles\n|raw|fubbernuckles's rating: 1250 &rarr; <strong>1268<\/strong><br \/>(+18 for winning)\n|raw|grimbussy's rating: 1152 &rarr; <strong>1134<\/strong><br \/>(-18 for losing)\n","uploadtime":1700957199,"views":9,"p1id":"fubbernuckles","p2id":"grimbussy","formatid":"gen9vgc2023regulatione","rating":1134,"private":0,"password":""}