{"id":"gen9vgc2023regulatione-1995963744","p1":"Midnight Meow","p2":"Eltilin0959","format":"[Gen 9] VGC 2023 Regulation E","log":"|j|\u2606Midnight Meow\n|j|\u2606Eltilin0959\n|t:|1700622714\n|gametype|doubles\n|player|p1|Midnight Meow|rocketgruntf|1127\n|player|p2|Eltilin0959|red|1030\n|teamsize|p1|6\n|teamsize|p2|6\n|gen|9\n|tier|[Gen 9] VGC 2023 Regulation E\n|rated|\n|rule|Species Clause: Limit one of each Pok\u00e9mon\n|rule|Item Clause: Limit one of each item\n|clearpoke\n|poke|p1|Landorus-Therian, L50, M|\n|poke|p1|Ogerpon-Wellspring, L50, F|\n|poke|p1|Moltres-Galar, L50|\n|poke|p1|Spectrier, L50|\n|poke|p1|Iron Hands, L50|\n|poke|p1|Fezandipiti, L50, M|\n|poke|p2|Breloom, L50, M|\n|poke|p2|Milotic, L50, M|\n|poke|p2|Heatran, L50, F|\n|poke|p2|Sableye, L50, M|\n|poke|p2|Iron Hands, L50|\n|poke|p2|Salamence, L50, F|\n|teampreview|4\n|inactive|Battle timer is ON: inactive players will automatically lose when time's up. (requested by Eltilin0959)\n|inactive|Midnight Meow also wants the timer to be on.\nEltilin0959 rejected open team sheets.\n|inactive|Midnight Meow has 60 seconds left.\n|\n|t:|1700622754\n|start\n|switch|p1a: Moltres|Moltres-Galar, L50|100\/100\n|switch|p1b: Fezandipiti|Fezandipiti, L50, M|100\/100\n|switch|p2a: Milotic|Milotic, L50, M|100\/100\n|switch|p2b: Salamence|Salamence, L50, F|100\/100\n|-ability|p2b: Salamence|Intimidate|boost\n|-unboost|p1a: Moltres|atk|1\n|-unboost|p1b: Fezandipiti|atk|1\n|turn|1\n|\n|t:|1700622778\n|-terastallize|p1a: Moltres|Poison\n|move|p2b: Salamence|Draco Meteor|p1b: Fezandipiti\n|-immune|p1b: Fezandipiti\n|move|p1b: Fezandipiti|Icy Wind|p2a: Milotic|[spread] p2a,p2b\n|-resisted|p2a: Milotic\n|-supereffective|p2b: Salamence\n|-damage|p2a: Milotic|97\/100\n|-damage|p2b: Salamence|61\/100\n|-unboost|p2a: Milotic|spe|1\n|-unboost|p2b: Salamence|spe|1\n|-status|p2a: Milotic|tox|[from] ability: Toxic Chain|[of] p1b: Fezandipiti\n|-enditem|p2b: Salamence|Weakness Policy\n|-boost|p2b: Salamence|atk|2|[from] item: Weakness Policy\n|-boost|p2b: Salamence|spa|2|[from] item: Weakness Policy\n|move|p1a: Moltres|Tailwind|p1a: Moltres\n|-sidestart|p1: Midnight Meow|move: Tailwind\n|move|p2a: Milotic|Coil|p2a: Milotic\n|-boost|p2a: Milotic|atk|1\n|-boost|p2a: Milotic|def|1\n|-boost|p2a: Milotic|accuracy|1\n|\n|-damage|p2a: Milotic|91\/100 tox|[from] psn\n|upkeep\n|turn|2\n|inactive|Midnight Meow has 30 seconds left.\n|inactive|Eltilin0959 has 30 seconds left.\n|inactive|Midnight Meow has 20 seconds left.\n|\n|t:|1700622815\n|move|p1b: Fezandipiti|Acid Spray|p2a: Milotic\n|-damage|p2a: Milotic|82\/100 tox\n|-unboost|p2a: Milotic|spd|2\n|move|p1a: Moltres|Nasty Plot|p1a: Moltres\n|-boost|p1a: Moltres|spa|2\n|move|p2b: Salamence|Draco Meteor|p1a: Moltres\n|-damage|p1a: Moltres|33\/100\n|-unboost|p2b: Salamence|spa|2\n|-ability|p1a: Moltres|Berserk|boost\n|-boost|p1a: Moltres|spa|1\n|-enditem|p1a: Moltres|Sitrus Berry|[eat]\n|-heal|p1a: Moltres|58\/100|[from] item: Sitrus Berry\n|move|p2a: Milotic|Hypnosis|p1b: Fezandipiti\n|-status|p1b: Fezandipiti|slp|[from] move: Hypnosis\n|\n|-damage|p2a: Milotic|70\/100 tox|[from] psn\n|upkeep\n|turn|3\n|inactive|Eltilin0959 has 30 seconds left.\n|\n|t:|1700622847\n|move|p2b: Salamence|Helping Hand|p2a: Milotic\n|-singleturn|p2a: Milotic|Helping Hand|[of] p2b: Salamence\n|cant|p1b: Fezandipiti|slp\n|move|p1a: Moltres|Fiery Wrath|p2a: Milotic|[spread] p2a,p2b\n|-damage|p2a: Milotic|0 fnt\n|-damage|p2b: Salamence|0 fnt\n|faint|p2a: Milotic\n|faint|p2b: Salamence\n|\n|upkeep\n|-message|Eltilin0959 forfeited.\n|\n|win|Midnight Meow\n|raw|Midnight Meow's rating: 1127 &rarr; <strong>1145<\/strong><br \/>(+18 for winning)\n|raw|Eltilin0959's rating: 1030 &rarr; <strong>1019<\/strong><br \/>(-11 for losing)\n|l|\u2606Eltilin0959\n","uploadtime":1700622937,"views":16,"p1id":"midnightmeow","p2id":"eltilin0959","formatid":"gen9vgc2023regulatione","rating":1019,"private":0,"password":""}