{"id":"gen9vgc2023regulatione-1990528204","p1":"Montendoz","p2":"CaptainLatios","format":"[Gen 9] VGC 2023 Regulation E","log":"|j|\u2606Montendoz\n|j|\u2606CaptainLatios\n|t:|1699978871\n|gametype|doubles\n|player|p1|Montendoz|266|1150\n|player|p2|CaptainLatios|caitlin-masters|1108\n|teamsize|p1|6\n|teamsize|p2|6\n|gen|9\n|tier|[Gen 9] VGC 2023 Regulation E\n|rated|\n|rule|Species Clause: Limit one of each Pok\u00e9mon\n|rule|Item Clause: Limit one of each item\n|clearpoke\n|poke|p1|Tsareena, L50, F|\n|poke|p1|Torkoal, L50, F|\n|poke|p1|Sylveon, L50, M|\n|poke|p1|Oranguru, L50, M|\n|poke|p1|Annihilape, L50, M|\n|poke|p1|Pelipper, L50, F|\n|poke|p2|Ogerpon-Wellspring, L50, F|\n|poke|p2|Landorus-Therian, L50, M|\n|poke|p2|Iron Bundle, L50|\n|poke|p2|Chi-Yu, L50|\n|poke|p2|Flutter Mane, L50|\n|poke|p2|Iron Hands, L50|\n|teampreview|4\n|\n|t:|1699978933\n|start\n|switch|p1a: Annihilape|Annihilape, L50, M|100\/100\n|switch|p1b: Oranguru|Oranguru, L50, M|100\/100\n|switch|p2a: Landorus|Landorus-Therian, L50, M|100\/100\n|switch|p2b: Chi-Yu|Chi-Yu, L50|100\/100\n|-ability|p2a: Landorus|Intimidate|boost\n|-unboost|p1a: Annihilape|atk|1\n|-ability|p1a: Annihilape|Defiant|boost\n|-boost|p1a: Annihilape|atk|2\n|-fail|p1b: Oranguru|unboost|Attack|[from] ability: Inner Focus|[of] p1b: Oranguru\n|-ability|p2b: Chi-Yu|Beads of Ruin\n|turn|1\n|\n|t:|1699978969\n|move|p1a: Annihilape|Final Gambit|p2b: Chi-Yu\n|-enditem|p2b: Chi-Yu|Focus Sash\n|-damage|p2b: Chi-Yu|1\/100\n|faint|p1a: Annihilape\n|move|p2a: Landorus|U-turn|p1b: Oranguru\n|-supereffective|p1b: Oranguru\n|-damage|p1b: Oranguru|60\/100\n|\n|t:|1699978980\n|switch|p2a: Ogerpon|Ogerpon-Wellspring, L50, F|100\/100|[from] U-turn\n|move|p2b: Chi-Yu|Dark Pulse|p1b: Oranguru\n|-supereffective|p1b: Oranguru\n|-damage|p1b: Oranguru|0 fnt\n|faint|p1b: Oranguru\n|\n|upkeep\n|\n|t:|1699978988\n|switch|p1a: Pelipper|Pelipper, L50, F|100\/100\n|switch|p1b: Sylveon|Sylveon, L50, M|100\/100\n|-weather|RainDance|[from] ability: Drizzle|[of] p1a: Pelipper\n|turn|2\n|\n|t:|1699979004\n|-terastallize|p2a: Ogerpon|Water\n|detailschange|p2a: Ogerpon|Ogerpon-Wellspring-Tera, L50, F, tera:Water\n|-ability|p2a: Ogerpon|Embody Aspect (Wellspring)|boost\n|-boost|p2a: Ogerpon|spd|1\n|move|p1b: Sylveon|Quick Attack|p2b: Chi-Yu\n|-damage|p2b: Chi-Yu|0 fnt\n|faint|p2b: Chi-Yu\n|move|p2a: Ogerpon|Ivy Cudgel|p1b: Sylveon|[anim] Ivy Cudgel Water\n|-damage|p1b: Sylveon|0 fnt\n|faint|p1b: Sylveon\n|move|p1a: Pelipper|Hurricane|p2a: Ogerpon\n|-damage|p2a: Ogerpon|57\/100\n|-start|p2a: Ogerpon|confusion\n|-damage|p1a: Pelipper|91\/100|[from] item: Life Orb\n|\n|-weather|RainDance|[upkeep]\n|upkeep\n|\n|t:|1699979018\n|switch|p2b: Iron Bundle|Iron Bundle, L50|100\/100\n|-enditem|p2b: Iron Bundle|Booster Energy\n|-activate|p2b: Iron Bundle|ability: Quark Drive|[fromitem]\n|-start|p2b: Iron Bundle|quarkdrivespe\n|turn|3\n|\n|t:|1699979035\n|-terastallize|p1a: Pelipper|Water\n|move|p2b: Iron Bundle|Freeze-Dry|p1a: Pelipper\n|-supereffective|p1a: Pelipper\n|-damage|p1a: Pelipper|0 fnt\n|faint|p1a: Pelipper\n|\n|win|CaptainLatios\n|raw|Montendoz's rating: 1150 &rarr; <strong>1122<\/strong><br \/>(-28 for losing)\n|raw|CaptainLatios's rating: 1108 &rarr; <strong>1136<\/strong><br \/>(+28 for winning)\n|l|\u2606Montendoz\n","uploadtime":1699979050,"views":11,"p1id":"montendoz","p2id":"captainlatios","formatid":"gen9vgc2023regulatione","rating":1122,"private":0,"password":""}