{"id":"gen9vgc2023regulatione-1990921838","p1":"innapproppriate","p2":"Doctor Determinism","format":"[Gen 9] VGC 2023 Regulation E","log":"|j|\u2606innapproppriate\n|j|\u2606Doctor Determinism\n|t:|1700015426\n|gametype|doubles\n|player|p1|innapproppriate|2|1381\n|player|p2|Doctor Determinism|zinnia|1417\n|teamsize|p1|6\n|teamsize|p2|6\n|gen|9\n|tier|[Gen 9] VGC 2023 Regulation E\n|rated|\n|rule|Species Clause: Limit one of each Pok\u00e9mon\n|rule|Item Clause: Limit one of each item\n|clearpoke\n|poke|p1|Urshifu-*, L50, F|\n|poke|p1|Tornadus, L50, M|\n|poke|p1|Landorus-Therian, L50, M|\n|poke|p1|Amoonguss, L50, F|\n|poke|p1|Regieleki, L50|\n|poke|p1|Heatran, L50, M|\n|poke|p2|Ninetales-Alola, L50, M|\n|poke|p2|Arcanine-Hisui, L50, M|\n|poke|p2|Amoonguss, L50, F|\n|poke|p2|Annihilape, L50, M|\n|poke|p2|Azumarill, L50, F|\n|poke|p2|Farigiraf, L50, F|\n|teampreview|4\n|inactive|Battle timer is ON: inactive players will automatically lose when time's up. (requested by innapproppriate)\nDoctor Determinism has agreed to open team sheets.\n|c|\u2606Doctor Determinism|glhf\n|c|\u2606innapproppriate|u2\n|inactive|innapproppriate has 60 seconds left.\n|inactive|Doctor Determinism has 60 seconds left.\n|\n|t:|1700015475\n|start\n|switch|p1a: Amoonguss|Amoonguss, L50, F|100\/100\n|switch|p1b: Regieleki|Regieleki, L50|100\/100\n|switch|p2a: Animal|Azumarill, L50, F|100\/100\n|switch|p2b: Mutt Etna|Arcanine-Hisui, L50, M, shiny|100\/100\n|-ability|p2b: Mutt Etna|Intimidate|boost\n|-unboost|p1a: Amoonguss|atk|1\n|-unboost|p1b: Regieleki|atk|1\n|turn|1\n|\n|t:|1700015490\n|move|p2a: Animal|Protect|p2a: Animal\n|-singleturn|p2a: Animal|Protect\n|move|p1b: Regieleki|Volt Switch|p2a: Animal\n|-activate|p2a: Animal|move: Protect\n|move|p2b: Mutt Etna|Flare Blitz|p1a: Amoonguss\n|-supereffective|p1a: Amoonguss\n|-damage|p1a: Amoonguss|5\/100\n|-damage|p2b: Mutt Etna|63\/100|[from] Recoil\n|move|p1a: Amoonguss|Spore|p2b: Mutt Etna\n|-status|p2b: Mutt Etna|slp|[from] move: Spore\n|\n|upkeep\n|turn|2\n|inactive|Doctor Determinism has 30 seconds left.\n|\n|t:|1700015520\n|move|p2a: Animal|Aqua Jet|p1a: Amoonguss\n|-resisted|p1a: Amoonguss\n|-damage|p1a: Amoonguss|0 fnt\n|faint|p1a: Amoonguss\n|move|p1b: Regieleki|Volt Switch|p2a: Animal\n|-supereffective|p2a: Animal\n|-damage|p2a: Animal|19\/100\n|-enditem|p2a: Animal|Sitrus Berry|[eat]\n|-heal|p2a: Animal|44\/100|[from] item: Sitrus Berry\n|j| 5Sscreen\n|\n|t:|1700015532\n|switch|p1b: Heatran|Heatran, L50, M|100\/100|[from] Volt Switch\n|cant|p2b: Mutt Etna|slp\n|\n|upkeep\n|\n|t:|1700015538\n|switch|p1a: Regieleki|Regieleki, L50|100\/100\n|turn|3\n|\n|t:|1700015560\n|move|p1b: Heatran|Protect|p1b: Heatran\n|-singleturn|p1b: Heatran|Protect\n|move|p2a: Animal|Aqua Jet|p1b: Heatran\n|-activate|p1b: Heatran|move: Protect\n|move|p1a: Regieleki|Volt Switch|p2a: Animal\n|-supereffective|p2a: Animal\n|-damage|p2a: Animal|0 fnt\n|faint|p2a: Animal\n|\n|t:|1700015569\n|switch|p1a: Landorus|Landorus-Therian, L50, M|100\/100|[from] Volt Switch\n|-ability|p1a: Landorus|Intimidate|boost\n|-unboost|p2b: Mutt Etna|atk|1\n|cant|p2b: Mutt Etna|slp\n|\n|upkeep\n|\n|t:|1700015582\n|switch|p2a: Annihilape|Annihilape, L50, M|100\/100\n|turn|4\n|\n|t:|1700015593\n|switch|p2b: Hackerman|Farigiraf, L50, F|100\/100\n|-terastallize|p1a: Landorus|Flying\n|move|p1a: Landorus|Tera Blast|p2a: Annihilape|[anim] Tera Blast Flying\n|-supereffective|p2a: Annihilape\n|-damage|p2a: Annihilape|0 fnt\n|faint|p2a: Annihilape\n|move|p1b: Heatran|Earth Power|p2b: Hackerman\n|-crit|p2b: Hackerman\n|-damage|p2b: Hackerman|49\/100\n|-unboost|p2b: Hackerman|spd|1\n|\n|upkeep\n|-message|Doctor Determinism forfeited.\n|\n|win|innapproppriate\n|raw|innapproppriate's rating: 1381 &rarr; <strong>1403<\/strong><br \/>(+22 for winning)\n|raw|Doctor Determinism's rating: 1417 &rarr; <strong>1395<\/strong><br \/>(-22 for losing)\n|l|\u2606Doctor Determinism\n|l|\u2606innapproppriate\n","uploadtime":1700015785,"views":17,"p1id":"innapproppriate","p2id":"doctordeterminism","formatid":"gen9vgc2023regulatione","rating":1395,"private":0,"password":""}