{"id":"gen9vgc2023regulatione-1988118571","p1":"IAmAnissue","p2":"DonFuron","format":"[Gen 9] VGC 2023 Regulation E","log":"|j|\u2606IAmAnissue\n|j|\u2606DonFuron\n|n|\u2606IAmAnissue|iamanissue\n|n|\u2606DonFuron|donfuron\n|html|View the match progress at <a href=\"\/game-bestof3-gen9vgc2023regulatione-1988116423\">game-bestof3-gen9vgc2023regulatione-1988116423<\/a>\n|t:|1699671824\n|gametype|doubles\n|player|p1|IAmAnissue|101|\n|player|p2|DonFuron|101|\n|teamsize|p1|6\n|teamsize|p2|6\n|gen|9\n|tier|[Gen 9] VGC 2023 Regulation E\n|rule|Species Clause: Limit one of each Pok\u00e9mon\n|rule|Item Clause: Limit one of each item\n|clearpoke\n|poke|p1|Flutter Mane, L50|\n|poke|p1|Kingambit, L50, F|\n|poke|p1|Gothitelle, L50, F|\n|poke|p1|Arcanine-Hisui, L50, M|\n|poke|p1|Iron Hands, L50|\n|poke|p1|Ogerpon-Wellspring, L50, F|\n|poke|p2|Enamorus-Therian, L50, F|\n|poke|p2|Snorlax, L50, M|\n|poke|p2|Ursaluna-Bloodmoon, L50, M|\n|poke|p2|Armarouge, L50, M|\n|poke|p2|Indeedee-F, L50, F|\n|poke|p2|Oranguru, L50, F|\n|teampreview|4\n|inactive|Battle timer is ON: inactive players will automatically lose when time's up. (requested by IAmAnissue)\n|c|\u2606DonFuron|I love encore\nDonFuron has agreed to open team sheets.\n|c|\u2606IAmAnissue|for some reason I just missed encore on your sheet\nIAmAnissue has agreed to open team sheets.\n|showteam|p1|Flutter Mane||PixiePlate|Protosynthesis|ShadowBall,Moonblast,PerishSong,Protect||||||50|,,,,,Fairy]Kingambit||BlackGlasses|Defiant|KowtowCleave,SuckerPunch,SwordsDance,Protect|||F|||50|,,,,,Dark]Gothitelle||SitrusBerry|ShadowTag|Psychic,FakeOut,TrickRoom,Protect|||F|||50|,,,,,Water]Arcanine-Hisui||RockyHelmet|Intimidate|FlareBlitz,RockSlide,WillOWisp,Protect|||M|||50|,,,,,Grass]Iron Hands||Leftovers|QuarkDrive|DrainPunch,ThunderPunch,SwordsDance,Detect||||||50|,,,,,Fire]Ogerpon-Wellspring||WellspringMask|WaterAbsorb|IvyCudgel,HornLeech,FollowMe,SpikyShield|||F|||50|,,,,,Water\n|showteam|p2|Enamorus-Therian||CovertCloak|Overcoat|Moonblast,DazzlingGleam,EarthPower,CalmMind|||F|||50|,,,,,Water]Snorlax||CustapBerry|Gluttony|Facade,Earthquake,BellyDrum,Protect|||M|||50|,,,,,Ground]Ursaluna-Bloodmoon||ThroatSpray|MindsEye|HyperVoice,EarthPower,BloodMoon,Protect|||M|||50|,,,,,Normal]Armarouge||TwistedSpoon|FlashFire|ExpandingForce,ArmorCannon,ClearSmog,WideGuard|||M|||50|,,,,,Psychic]Indeedee-F||SafetyGoggles|PsychicSurge|FollowMe,HelpingHand,TrickRoom,DazzlingGleam|||F|||50|,,,,,Flying]Oranguru||PsychicSeed|Telepathy|Instruct,TrickRoom,FoulPlay,Encore|||F|||50|,,,,,Water\n|inactive|IAmAnissue has 30 seconds left.\n|\n|t:|1699671867\n|start\n|switch|p1a: Interceptor|Kingambit, L50, F|100\/100\n|switch|p1b: That Guy|Iron Hands, L50|100\/100\n|switch|p2a: Indeedee|Indeedee-F, L50, F|100\/100\n|switch|p2b: Snorlax|Snorlax, L50, M|100\/100\n|-fieldstart|move: Psychic Terrain|[from] ability: Psychic Surge|[of] p2a: Indeedee\n|turn|1\n|inactive|IAmAnissue has 30 seconds left.\n|inactive|IAmAnissue has 20 seconds left.\n|inactive|IAmAnissue has 15 seconds left.\n|inactive|IAmAnissue has 10 seconds left.\n|\n|t:|1699671914\n|move|p2a: Indeedee|Follow Me|p2a: Indeedee\n|-singleturn|p2a: Indeedee|move: Follow Me\n|move|p1a: Interceptor|Kowtow Cleave|p2a: Indeedee\n|-supereffective|p2a: Indeedee\n|-damage|p2a: Indeedee|0 fnt\n|faint|p2a: Indeedee\n|move|p1b: That Guy|Thunder Punch|p2b: Snorlax\n|-damage|p2b: Snorlax|70\/100\n|move|p2b: Snorlax|Belly Drum|p2b: Snorlax\n|-damage|p2b: Snorlax|20\/100\n|-setboost|p2b: Snorlax|atk|6|[from] move: Belly Drum\n|\n|upkeep\n|\n|t:|1699671926\n|switch|p2a: Oranguru|Oranguru, L50, F|100\/100\n|-enditem|p2a: Oranguru|Psychic Seed\n|-boost|p2a: Oranguru|spd|1|[from] item: Psychic Seed\n|turn|2\n|inactive|IAmAnissue has 30 seconds left.\n|c|\u2606IAmAnissue|I literalyl lost turn 1\n|inactive|IAmAnissue has 20 seconds left.\n|-message|IAmAnissue forfeited.\n|\n|win|DonFuron\n|c|\u2606IAmAnissue|custap berry on that thing is a menace\n|c|\u2606DonFuron|one more?\n|c|\u2606DonFuron|I am so proud of that\n|c|\u2606IAmAnissue|you should\n|c|\u2606DonFuron|its so hard to handle\n","uploadtime":1699671998,"views":21,"p1id":"iamanissue","p2id":"donfuron","formatid":"gen9vgc2023regulatione","rating":0,"private":0,"password":""}