{"id":"gen9vgc2023regulatione-1995724420","p1":"extrafabulous","p2":"casper6_14","format":"[Gen 9] VGC 2023 Regulation E","log":"|j|\u2606extrafabulous\n|j|\u2606casper6_14\n|t:|1700597280\n|gametype|doubles\n|player|p1|extrafabulous|266|1140\n|player|p2|casper6_14|1|1174\n|teamsize|p1|6\n|teamsize|p2|6\n|gen|9\n|tier|[Gen 9] VGC 2023 Regulation E\n|rated|\n|rule|Species Clause: Limit one of each Pok\u00e9mon\n|rule|Item Clause: Limit one of each item\n|clearpoke\n|poke|p1|Amoonguss, L50, F|\n|poke|p1|Pelipper, L50, M|\n|poke|p1|Gholdengo, L50|\n|poke|p1|Urshifu-*, L50, M|\n|poke|p1|Ogerpon-Wellspring, L50, F|\n|poke|p1|Tornadus, L50, M|\n|poke|p2|Annihilape, L50, M|\n|poke|p2|Regieleki, L50|\n|poke|p2|Oranguru, L50, M|\n|poke|p2|Torkoal, L50, F|\n|poke|p2|Ursaluna-Bloodmoon, L50, M|\n|poke|p2|Kingambit, L50, F|\n|teampreview|4\n|inactive|Battle timer is ON: inactive players will automatically lose when time's up. (requested by extrafabulous)\n|inactive|extrafabulous has 60 seconds left.\n|inactive|casper6_14 has 60 seconds left.\ncasper6_14 rejected open team sheets.\n|\n|t:|1700597339\n|start\n|switch|p1a: Tornadus|Tornadus, L50, M|100\/100\n|switch|p1b: Urshifu|Urshifu-Rapid-Strike, L50, M|100\/100\n|switch|p2a: Regieleki|Regieleki, L50|100\/100\n|switch|p2b: Oranguru|Oranguru, L50, M|100\/100\n|turn|1\n|\n|t:|1700597350\n|-terastallize|p2a: Regieleki|Normal\n|-terastallize|p1b: Urshifu|Water\n|move|p1a: Tornadus|Tailwind|p1a: Tornadus\n|-sidestart|p1: extrafabulous|move: Tailwind\n|move|p1b: Urshifu|Surging Strikes|p2b: Oranguru\n|-crit|p2b: Oranguru\n|-damage|p2b: Oranguru|72\/100\n|-crit|p2b: Oranguru\n|-damage|p2b: Oranguru|43\/100\n|-crit|p2b: Oranguru\n|-damage|p2b: Oranguru|12\/100\n|-hitcount|p2b: Oranguru|3\n|move|p2a: Regieleki|Explosion|p1b: Urshifu|[spread] p1a,p1b\n|-activate|p2b: Oranguru|ability: Telepathy\n|-enditem|p2a: Regieleki|Normal Gem|[from] gem\n|-damage|p1a: Tornadus|0 fnt\n|-damage|p1b: Urshifu|0 fnt\n|faint|p2a: Regieleki\n|faint|p1a: Tornadus\n|faint|p1b: Urshifu\n|move|p2b: Oranguru|Trick Room|p2b: Oranguru\n|-fieldstart|move: Trick Room|[of] p2b: Oranguru\n|\n|upkeep\n|\n|t:|1700597370\n|switch|p1b: Pelipper|Pelipper, L50, M|100\/100\n|switch|p1a: Amoonguss|Amoonguss, L50, F, shiny|100\/100\n|switch|p2a: Torkoal|Torkoal, L50, F|100\/100\n|-weather|SunnyDay|[from] ability: Drought|[of] p2a: Torkoal\n|-weather|RainDance|[from] ability: Drizzle|[of] p1b: Pelipper\n|turn|2\n|\n|t:|1700597384\n|move|p2a: Torkoal|Eruption|p1b: Pelipper|[spread] p1a,p1b\n|-supereffective|p1a: Amoonguss\n|-resisted|p1b: Pelipper\n|-damage|p1a: Amoonguss|51\/100\n|-damage|p1b: Pelipper|79\/100\n|move|p2b: Oranguru|Instruct|p2a: Torkoal\n|-singleturn|p2a: Torkoal|move: Instruct|[of] p2b: Oranguru\n|move|p2a: Torkoal|Eruption|p1b: Pelipper|[spread] p1a,p1b\n|-supereffective|p1a: Amoonguss\n|-resisted|p1b: Pelipper\n|-damage|p1a: Amoonguss|5\/100\n|-damage|p1b: Pelipper|58\/100\n|move|p1a: Amoonguss|Spore|p2a: Torkoal\n|-status|p2a: Torkoal|slp|[from] move: Spore\n|move|p1b: Pelipper|Hurricane|p2b: Oranguru\n|-damage|p2b: Oranguru|0 fnt\n|faint|p2b: Oranguru\n|\n|-weather|RainDance|[upkeep]\n|-heal|p1a: Amoonguss|10\/100|[from] item: Leftovers\n|upkeep\n|\n|t:|1700597395\n|switch|p2b: Ursaluna|Ursaluna-Bloodmoon, L50, M|100\/100\n|turn|3\n|\n|t:|1700597411\n|cant|p2a: Torkoal|slp\n|move|p2b: Ursaluna|Hyper Voice|p1a: Amoonguss|[spread] p1a,p1b\n|-damage|p1a: Amoonguss|0 fnt\n|-damage|p1b: Pelipper|2\/100\n|faint|p1a: Amoonguss\n|move|p1b: Pelipper|Hydro Pump|p2a: Torkoal\n|-supereffective|p2a: Torkoal\n|-damage|p2a: Torkoal|0 fnt\n|faint|p2a: Torkoal\n|\n|-weather|RainDance|[upkeep]\n|upkeep\n|turn|4\n|-message|extrafabulous forfeited.\n|\n|win|casper6_14\n|raw|extrafabulous's rating: 1140 &rarr; <strong>1117<\/strong><br \/>(-23 for losing)\n|raw|casper6_14's rating: 1174 &rarr; <strong>1197<\/strong><br \/>(+23 for winning)\n|l|\u2606extrafabulous\n","uploadtime":1700597431,"views":4,"p1id":"extrafabulous","p2id":"casper614","formatid":"gen9vgc2023regulatione","rating":1117,"private":0,"password":""}