{"id":"gen9vgc2023regulatione-1996126226","p1":"DNDStwo","p2":"Just science","format":"[Gen 9] VGC 2023 Regulation E","log":"|j|\u2606DNDStwo\n|j|\u2606Just science\n|t:|1700648140\n|gametype|doubles\n|player|p1|DNDStwo|170|1340\n|player|p2|Just science|1|1342\n|teamsize|p1|6\n|teamsize|p2|6\n|gen|9\n|tier|[Gen 9] VGC 2023 Regulation E\n|rated|\n|rule|Species Clause: Limit one of each Pok\u00e9mon\n|rule|Item Clause: Limit one of each item\n|clearpoke\n|poke|p1|Armarouge, L50, M|\n|poke|p1|Wugtrio, L50, F|\n|poke|p1|Indeedee-F, L50, F|\n|poke|p1|Iron Hands, L50|\n|poke|p1|Urshifu-*, L50, F|\n|poke|p1|Arcanine-Hisui, L50, M|\n|poke|p2|Tornadus, L50, M|\n|poke|p2|Urshifu-*, L50, M|\n|poke|p2|Amoonguss, L50, M|\n|poke|p2|Iron Hands, L50|\n|poke|p2|Arcanine-Hisui, L50, M|\n|poke|p2|Gholdengo, L50|\n|teampreview|4\nJust science has agreed to open team sheets.\n|\n|t:|1700648172\n|start\n|switch|p1a: Wugtrio|Wugtrio, L50, F|100\/100\n|switch|p1b: Armarouge|Armarouge, L50, M|100\/100\n|switch|p2a: Gholdengo|Gholdengo, L50|100\/100\n|switch|p2b: Tornadus|Tornadus, L50, M|100\/100\n|turn|1\n|inactive|Battle timer is ON: inactive players will automatically lose when time's up. (requested by Just science)\n|\n|t:|1700648196\n|-terastallize|p2a: Gholdengo|Dragon\n|move|p1b: Armarouge|Endure|p1b: Armarouge\n|-singleturn|p1b: Armarouge|move: Endure\n|move|p1a: Wugtrio|Triple Dive|p1b: Armarouge\n|-supereffective|p1b: Armarouge\n|-damage|p1b: Armarouge|81\/100\n|-ability|p1b: Armarouge|Weak Armor|boost\n|-unboost|p1b: Armarouge|def|1\n|-boost|p1b: Armarouge|spe|2\n|-enditem|p1b: Armarouge|Weakness Policy\n|-boost|p1b: Armarouge|atk|2|[from] item: Weakness Policy\n|-boost|p1b: Armarouge|spa|2|[from] item: Weakness Policy\n|-supereffective|p1b: Armarouge\n|-damage|p1b: Armarouge|59\/100\n|-ability|p1b: Armarouge|Weak Armor|boost\n|-unboost|p1b: Armarouge|def|1\n|-boost|p1b: Armarouge|spe|2\n|-supereffective|p1b: Armarouge\n|-damage|p1b: Armarouge|24\/100\n|-ability|p1b: Armarouge|Weak Armor|boost\n|-unboost|p1b: Armarouge|def|1\n|-boost|p1b: Armarouge|spe|2\n|-hitcount|p1b: Armarouge|3\n|move|p2a: Gholdengo|Nasty Plot|p2a: Gholdengo\n|-boost|p2a: Gholdengo|spa|2\n|move|p2b: Tornadus|Bleakwind Storm|p1a: Wugtrio|[spread] p1a,p1b\n|-damage|p1a: Wugtrio|52\/100\n|-activate|p1b: Armarouge|move: Endure\n|-damage|p1b: Armarouge|1\/100\n|-unboost|p1b: Armarouge|spe|1\n|\n|upkeep\n|turn|2\n|inactive|DNDStwo has 30 seconds left.\n|inactive|Just science has 30 seconds left.\n|inactive|Just science has 20 seconds left.\n|\n|t:|1700648232\n|switch|p1a: Indeedee|Indeedee-F, L50, F|100\/100\n|-fieldstart|move: Psychic Terrain|[from] ability: Psychic Surge|[of] p1a: Indeedee\n|-enditem|p1a: Indeedee|Psychic Seed\n|-boost|p1a: Indeedee|spd|1|[from] item: Psychic Seed\n|-terastallize|p1b: Armarouge|Psychic\n|move|p2b: Tornadus|Tailwind|p2b: Tornadus\n|-sidestart|p2: Just science|move: Tailwind\n|move|p1b: Armarouge|Expanding Force|p2b: Tornadus|[spread] p2a,p2b\n|-damage|p2a: Gholdengo|0 fnt\n|-damage|p2b: Tornadus|0 fnt\n|faint|p2a: Gholdengo\n|faint|p2b: Tornadus\n|\n|upkeep\n|-message|Just science forfeited.\n|\n|win|DNDStwo\n|raw|DNDStwo's rating: 1340 &rarr; <strong>1360<\/strong><br \/>(+20 for winning)\n|raw|Just science's rating: 1342 &rarr; <strong>1322<\/strong><br \/>(-20 for losing)\n|l|\u2606Just science\n","uploadtime":1700648248,"views":14,"p1id":"dndstwo","p2id":"justscience","formatid":"gen9vgc2023regulatione","rating":1322,"private":0,"password":""}