{"id":"gen9vgc2023regulatione-1994453000","p1":"gourdinhimer","p2":"E4Mence","format":"[Gen 9] VGC 2023 Regulation E","log":"|j|\u2606gourdinhimer\n|j|\u2606E4Mence\n|t:|1700445614\n|gametype|doubles\n|player|p1|gourdinhimer|169|1146\n|player|p2|E4Mence|170|1157\n|teamsize|p1|6\n|teamsize|p2|6\n|gen|9\n|tier|[Gen 9] VGC 2023 Regulation E\n|rated|\n|rule|Species Clause: Limit one of each Pok\u00e9mon\n|rule|Item Clause: Limit one of each item\n|clearpoke\n|poke|p1|Ogerpon-Cornerstone, L50, F|\n|poke|p1|Farigiraf, L50, M|\n|poke|p1|Iron Hands, L50|\n|poke|p1|Tornadus, L50, M|\n|poke|p1|Spectrier, L50|\n|poke|p1|Wo-Chien, L50|\n|poke|p2|Tauros-Paldea-Blaze, L50, M|\n|poke|p2|Ogerpon, L50, F|\n|poke|p2|Iron Bundle, L50|\n|poke|p2|Indeedee-F, L50, F|\n|poke|p2|Urshifu-*, L50, F|\n|poke|p2|Sneasler, L50, M|\n|teampreview|4\n|inactive|Battle timer is ON: inactive players will automatically lose when time's up. (requested by gourdinhimer)\n|inactive|gourdinhimer has 60 seconds left.\n|\n|t:|1700445709\n|start\n|switch|p1a: Farigiraf|Farigiraf, L50, M, shiny|100\/100\n|switch|p1b: Ogerpon|Ogerpon-Cornerstone, L50, F|100\/100\n|switch|p2a: Urshifu|Urshifu, L50, F|100\/100\n|switch|p2b: Ogerpon|Ogerpon, L50, F|100\/100\n|turn|1\n|\n|t:|1700445727\n|-terastallize|p1b: Ogerpon|Rock\n|detailschange|p1b: Ogerpon|Ogerpon-Cornerstone-Tera, L50, F, tera:Rock\n|-ability|p1b: Ogerpon|Embody Aspect (Cornerstone)|boost\n|-boost|p1b: Ogerpon|def|1\n|move|p1a: Farigiraf|Helping Hand|p1b: Ogerpon\n|-singleturn|p1b: Ogerpon|Helping Hand|[of] p1a: Farigiraf\n|move|p2b: Ogerpon|Ivy Cudgel|p1a: Farigiraf\n|-damage|p1a: Farigiraf|50\/100\n|move|p1b: Ogerpon|Ivy Cudgel|p2b: Ogerpon|[anim] Ivy Cudgel Rock\n|-damage|p2b: Ogerpon|0 fnt\n|faint|p2b: Ogerpon\n|move|p2a: Urshifu|Wicked Blow|p1a: Farigiraf\n|-supereffective|p1a: Farigiraf\n|-crit|p1a: Farigiraf\n|-damage|p1a: Farigiraf|0 fnt\n|-damage|p2a: Urshifu|84\/100|[from] item: Rocky Helmet|[of] p1a: Farigiraf\n|faint|p1a: Farigiraf\n|\n|upkeep\n|\n|t:|1700445750\n|switch|p2b: Tauros|Tauros-Paldea-Blaze, L50, M|100\/100\n|switch|p1a: Wo-Chien|Wo-Chien, L50|100\/100\n|-ability|p2b: Tauros|Intimidate|boost\n|-unboost|p1a: Wo-Chien|atk|1\n|-unboost|p1b: Ogerpon|atk|1\n|-ability|p1a: Wo-Chien|Tablets of Ruin\n|turn|2\n|\n|t:|1700445766\n|-terastallize|p2b: Tauros|Dragon\n|move|p1b: Ogerpon|Ivy Cudgel|p2a: Urshifu|[anim] Ivy Cudgel Rock\n|-resisted|p2a: Urshifu\n|-damage|p2a: Urshifu|62\/100\n|move|p2a: Urshifu|Close Combat|p1b: Ogerpon\n|-supereffective|p1b: Ogerpon\n|-damage|p1b: Ogerpon|8\/100\n|-unboost|p2a: Urshifu|def|1\n|-unboost|p2a: Urshifu|spd|1\n|move|p2b: Tauros|Rock Slide|p1a: Wo-Chien|[spread] p1a,p1b\n|-damage|p1a: Wo-Chien|92\/100\n|-damage|p1b: Ogerpon|0 fnt\n|faint|p1b: Ogerpon\n|move|p1a: Wo-Chien|Pollen Puff|p2a: Urshifu\n|-damage|p2a: Urshifu|21\/100\n|\n|-heal|p1a: Wo-Chien|98\/100|[from] item: Leftovers\n|upkeep\n|\n|t:|1700445790\n|switch|p1b: Spectrier|Spectrier, L50|100\/100\n|turn|3\n|\n|t:|1700445802\n|move|p2a: Urshifu|Sucker Punch|p1b: Spectrier\n|-supereffective|p1b: Spectrier\n|-damage|p1b: Spectrier|0 fnt\n|faint|p1b: Spectrier\n|move|p2b: Tauros|Flare Blitz|p1a: Wo-Chien\n|-supereffective|p1a: Wo-Chien\n|-damage|p1a: Wo-Chien|44\/100\n|-status|p1a: Wo-Chien|brn\n|-damage|p2b: Tauros|80\/100|[from] Recoil\n|move|p1a: Wo-Chien|Giga Drain|p2a: Urshifu\n|-damage|p2a: Urshifu|0 fnt\n|-heal|p1a: Wo-Chien|54\/100 brn|[from] drain|[of] p2a: Urshifu\n|faint|p2a: Urshifu\n|\n|-heal|p1a: Wo-Chien|60\/100 brn|[from] item: Leftovers\n|-damage|p1a: Wo-Chien|54\/100 brn|[from] brn\n|upkeep\n|\n|t:|1700445808\n|switch|p2a: Indeedee|Indeedee-F, L50, F|100\/100\n|-fieldstart|move: Psychic Terrain|[from] ability: Psychic Surge|[of] p2a: Indeedee\n|turn|4\n|-message|gourdinhimer forfeited.\n|\n|win|E4Mence\n|raw|gourdinhimer's rating: 1146 &rarr; <strong>1122<\/strong><br \/>(-24 for losing)\n|raw|E4Mence's rating: 1157 &rarr; <strong>1181<\/strong><br \/>(+24 for winning)\n|l|\u2606gourdinhimer\n","uploadtime":1700445819,"views":13,"p1id":"gourdinhimer","p2id":"e4mence","formatid":"gen9vgc2023regulatione","rating":1122,"private":0,"password":""}