{"id":"gen9vgc2023regulatione-1999073989","p1":"Trainer Oje","p2":"grafaiaionnaperc","format":"[Gen 9] VGC 2023 Regulation E","log":"|j|\u2606Trainer Oje\n|j|\u2606grafaiaionnaperc\n|t:|1701030364\n|gametype|doubles\n|player|p1|Trainer Oje|elesa|1719\n|player|p2|grafaiaionnaperc|burglar|1707\n|teamsize|p1|6\n|teamsize|p2|6\n|gen|9\n|tier|[Gen 9] VGC 2023 Regulation E\n|rated|\n|rule|Species Clause: Limit one of each Pok\u00e9mon\n|rule|Item Clause: Limit one of each item\n|clearpoke\n|poke|p1|Urshifu-*, L50, M|\n|poke|p1|Chien-Pao, L50|\n|poke|p1|Arcanine-Hisui, L50, M|\n|poke|p1|Sinistcha-Masterpiece, L50|\n|poke|p1|Scizor, L50, M|\n|poke|p1|Dragonite, L50, F|\n|poke|p2|Regidrago, L50|\n|poke|p2|Tornadus, L50, M|\n|poke|p2|Urshifu-*, L50, F|\n|poke|p2|Rillaboom, L50, F|\n|poke|p2|Gholdengo, L50|\n|poke|p2|Ogerpon-Hearthflame, L50, F|\n|teampreview|4\n|inactive|Battle timer is ON: inactive players will automatically lose when time's up. (requested by grafaiaionnaperc)\n|inactive|Trainer Oje has 60 seconds left.\n|inactive|grafaiaionnaperc has 60 seconds left.\n|\n|t:|1701030423\n|start\n|switch|p1a: Chien-Pao|Chien-Pao, L50|100\/100\n|switch|p1b: Dragonite|Dragonite, L50, F|100\/100\n|switch|p2a: Brandon Jackson|Ogerpon-Hearthflame, L50, F|100\/100\n|switch|p2b: Ben Stiller|Urshifu-Rapid-Strike, L50, F|100\/100\n|-ability|p1a: Chien-Pao|Sword of Ruin\n|-ability|p2a: Brandon Jackson|Mold Breaker\n|turn|1\n|inactive|Trainer Oje has 30 seconds left.\n|\n|t:|1701030455\n|-terastallize|p1b: Dragonite|Normal\n|move|p2a: Brandon Jackson|Follow Me|p2a: Brandon Jackson\n|-singleturn|p2a: Brandon Jackson|move: Follow Me\n|move|p1b: Dragonite|Extreme Speed|p2a: Brandon Jackson\n|-damage|p2a: Brandon Jackson|3\/100\n|move|p2b: Ben Stiller|Close Combat|p1b: Dragonite\n|-supereffective|p1b: Dragonite\n|-damage|p1b: Dragonite|0 fnt\n|-unboost|p2b: Ben Stiller|def|1\n|-unboost|p2b: Ben Stiller|spd|1\n|faint|p1b: Dragonite\n|move|p1a: Chien-Pao|Sacred Sword|p2a: Brandon Jackson\n|-damage|p2a: Brandon Jackson|0 fnt\n|faint|p2a: Brandon Jackson\n|\n|upkeep\n|\n|t:|1701030472\n|switch|p2a: Jay Baruchel|Tornadus, L50, M, shiny|100\/100\n|switch|p1b: Arcanine|Arcanine-Hisui, L50, M|100\/100\n|-ability|p1b: Arcanine|Intimidate|boost\n|-unboost|p2a: Jay Baruchel|atk|1\n|-unboost|p2b: Ben Stiller|atk|1\n|turn|2\n|inactive|grafaiaionnaperc has 30 seconds left.\n|inactive|grafaiaionnaperc has 20 seconds left.\n|\n|t:|1701030509\n|move|p1b: Arcanine|Extreme Speed|p2b: Ben Stiller\n|-damage|p2b: Ben Stiller|31\/100\n|-damage|p1b: Arcanine|91\/100|[from] item: Life Orb\n|move|p1a: Chien-Pao|Sucker Punch|p2b: Ben Stiller\n|-resisted|p2b: Ben Stiller\n|-damage|p2b: Ben Stiller|0 fnt\n|faint|p2b: Ben Stiller\n|move|p2a: Jay Baruchel|Tailwind|p2a: Jay Baruchel\n|-sidestart|p2: grafaiaionnaperc|move: Tailwind\n|\n|upkeep\n|\n|t:|1701030516\n|switch|p2b: Robert Downey Jr.|Gholdengo, L50, shiny|100\/100\n|turn|3\n|\n|t:|1701030531\n|-terastallize|p2b: Robert Downey Jr.|Steel\n|move|p1a: Chien-Pao|Sucker Punch|p2b: Robert Downey Jr.\n|-damage|p2b: Robert Downey Jr.|50\/100\n|move|p2a: Jay Baruchel|Bleakwind Storm|p1a: Chien-Pao|[spread] p1a\n|-miss|p2a: Jay Baruchel|p1b: Arcanine\n|-damage|p1a: Chien-Pao|37\/100\n|-unboost|p1a: Chien-Pao|spe|1\n|move|p2b: Robert Downey Jr.|Make It Rain|p1a: Chien-Pao|[spread] p1a,p1b\n|-supereffective|p1a: Chien-Pao\n|-damage|p1a: Chien-Pao|0 fnt\n|-damage|p1b: Arcanine|0 fnt\n|-unboost|p2b: Robert Downey Jr.|spa|1\n|faint|p1a: Chien-Pao\n|faint|p1b: Arcanine\n|\n|upkeep\n|\n|t:|1701030549\n|switch|p1b: Scizor|Scizor, L50, M|100\/100\n|turn|4\n|\n|t:|1701030552\n|move|p1b: Scizor|Bullet Punch|p2a: Jay Baruchel\n|-damage|p2a: Jay Baruchel|44\/100\n|move|p2a: Jay Baruchel|Bleakwind Storm|p1b: Scizor\n|-damage|p1b: Scizor|40\/100\n|move|p2b: Robert Downey Jr.|Make It Rain|p1b: Scizor\n|-resisted|p1b: Scizor\n|-damage|p1b: Scizor|0 fnt\n|-unboost|p2b: Robert Downey Jr.|spa|1\n|faint|p1b: Scizor\n|\n|win|grafaiaionnaperc\n|raw|Trainer Oje's rating: 1719 &rarr; <strong>1698<\/strong><br \/>(-21 for losing)\n|raw|grafaiaionnaperc's rating: 1707 &rarr; <strong>1728<\/strong><br \/>(+21 for winning)\n|l|\u2606Trainer Oje\n|c|\u2606grafaiaionnaperc|yaaaaaay\n","uploadtime":1701030567,"views":32,"p1id":"traineroje","p2id":"grafaiaionnaperc","formatid":"gen9vgc2023regulatione","rating":1698,"private":0,"password":""}