{"id":"gen9vgc2023regulatione-1996466235","p1":"Mimikyu1778","p2":"JamieOC9","format":"[Gen 9] VGC 2023 Regulation E","log":"|j|\u2606Mimikyu1778\n|j|\u2606JamieOC9\n|t:|1700684736\n|gametype|doubles\n|player|p1|Mimikyu1778|169|1187\n|player|p2|JamieOC9|101|1196\n|teamsize|p1|6\n|teamsize|p2|6\n|gen|9\n|tier|[Gen 9] VGC 2023 Regulation E\n|rated|\n|rule|Species Clause: Limit one of each Pok\u00e9mon\n|rule|Item Clause: Limit one of each item\n|clearpoke\n|poke|p1|Annihilape, L50, M|\n|poke|p1|Ninetales-Alola, L50, M|\n|poke|p1|Sinistcha, L50|\n|poke|p1|Arcanine, L50, M|\n|poke|p1|Chien-Pao, L50|\n|poke|p1|Hydreigon, L50, F|\n|poke|p2|Kommo-o, L50, F|\n|poke|p2|Golduck, L50, F|\n|poke|p2|Flamigo, L50, M|\n|poke|p2|Espeon, L50, F|\n|poke|p2|Sinistcha-Masterpiece, L50|\n|poke|p2|Dragonite, L50, M|\n|teampreview|4\n|inactive|Battle timer is ON: inactive players will automatically lose when time's up. (requested by Mimikyu1778)\n|\n|t:|1700684743\n|start\n|switch|p1a: Annihilape|Annihilape, L50, M|100\/100\n|switch|p1b: Ninetales|Ninetales-Alola, L50, M|100\/100\n|switch|p2a: Kommo-o|Kommo-o, L50, F|100\/100\n|switch|p2b: Golduck|Golduck, L50, F|100\/100\n|-weather|Snow|[from] ability: Snow Warning|[of] p1b: Ninetales\n|-ability|p2b: Golduck|Cloud Nine\n|turn|1\n|\n|t:|1700684764\n|move|p2a: Kommo-o|Protect|p2a: Kommo-o\n|-singleturn|p2a: Kommo-o|Protect\n|move|p1b: Ninetales|Freeze-Dry|p2a: Kommo-o\n|-activate|p2a: Kommo-o|move: Protect\n|move|p2b: Golduck|Taunt|p1a: Annihilape\n|-start|p1a: Annihilape|move: Taunt\n|cant|p1a: Annihilape|move: Taunt|Bulk Up\n|\n|-weather|Snow|[upkeep]\n|upkeep\n|turn|2\n|\n|t:|1700684783\n|move|p1b: Ninetales|Freeze-Dry|p2a: Kommo-o\n|-supereffective|p2a: Kommo-o\n|-damage|p2a: Kommo-o|51\/100\n|move|p1a: Annihilape|Drain Punch|p2b: Golduck\n|-damage|p2b: Golduck|65\/100\n|move|p2b: Golduck|Simple Beam|p2a: Kommo-o\n|-endability|p2a: Kommo-o|Bulletproof|[from] move: Simple Beam\n|-ability|p2a: Kommo-o|Simple|[from] move: Simple Beam\n|move|p2a: Kommo-o|Clangorous Soul|p2a: Kommo-o\n|-boost|p2a: Kommo-o|atk|2\n|-boost|p2a: Kommo-o|def|2\n|-boost|p2a: Kommo-o|spa|2\n|-boost|p2a: Kommo-o|spd|2\n|-boost|p2a: Kommo-o|spe|2\n|-damage|p2a: Kommo-o|18\/100\n|\n|-weather|Snow|[upkeep]\n|upkeep\n|turn|3\n|\n|t:|1700684804\n|switch|p2b: Flamigo|Flamigo, L50, M|100\/100\n|-copyboost|p2b: Flamigo|p2a: Kommo-o|[from] ability: Costar\n|move|p2a: Kommo-o|Drain Punch|p1b: Ninetales\n|-damage|p1b: Ninetales|33\/100\n|-heal|p2a: Kommo-o|46\/100|[from] drain|[of] p1b: Ninetales\n|move|p1b: Ninetales|Freeze-Dry|p2a: Kommo-o\n|-supereffective|p2a: Kommo-o\n|-damage|p2a: Kommo-o|18\/100\n|move|p1a: Annihilape|Drain Punch|p2a: Kommo-o\n|-damage|p2a: Kommo-o|3\/100\n|\n|-weather|Snow|[upkeep]\n|-end|p1a: Annihilape|move: Taunt\n|upkeep\n|turn|4\n|\n|t:|1700684826\n|-terastallize|p1a: Annihilape|Water\n|move|p2a: Kommo-o|Protect|p2a: Kommo-o\n|-singleturn|p2a: Kommo-o|Protect\n|move|p1b: Ninetales|Protect|p1b: Ninetales\n|-singleturn|p1b: Ninetales|Protect\n|move|p2b: Flamigo|Brave Bird|p1a: Annihilape\n|-damage|p1a: Annihilape|0 fnt\n|faint|p1a: Annihilape\n|-damage|p2b: Flamigo|62\/100|[from] Recoil\n|\n|-weather|Snow|[upkeep]\n|upkeep\n|c|\u2606Mimikyu1778|Lol\u2026.\n|c|\u2606Mimikyu1778|stupid fuckin gimmick\n|c|\u2606Mimikyu1778|get fucked\n|-message|Mimikyu1778 forfeited.\n|\n|win|JamieOC9\n|raw|Mimikyu1778's rating: 1187 &rarr; <strong>1163<\/strong><br \/>(-24 for losing)\n|raw|JamieOC9's rating: 1196 &rarr; <strong>1220<\/strong><br \/>(+24 for winning)\n","uploadtime":1700684840,"views":0,"p1id":"mimikyu1778","p2id":"jamieoc9","formatid":"gen9vgc2023regulatione","rating":1163,"private":0,"password":""}