{"id":"gen9vgc2023regulatione-1996448041","p1":"ICCR","p2":"Betor182","format":"[Gen 9] VGC 2023 Regulation E","log":"|j|\u2606ICCR\n|j|\u2606Betor182\n|t:|1700682959\n|gametype|doubles\n|player|p1|ICCR|265|1350\n|player|p2|Betor182|102|1363\n|teamsize|p1|6\n|teamsize|p2|6\n|gen|9\n|tier|[Gen 9] VGC 2023 Regulation E\n|rated|\n|rule|Species Clause: Limit one of each Pok\u00e9mon\n|rule|Item Clause: Limit one of each item\n|clearpoke\n|poke|p1|Indeedee-F, L50, F|\n|poke|p1|Armarouge, L50, F|\n|poke|p1|Ursaluna-Bloodmoon, L50, M|\n|poke|p1|Iron Hands, L50|\n|poke|p1|Milotic, L50, F|\n|poke|p1|Sinistcha, L50|\n|poke|p2|Tornadus, L50, M|\n|poke|p2|Heatran, L50, F|\n|poke|p2|Flutter Mane, L50|\n|poke|p2|Iron Hands, L50|\n|poke|p2|Urshifu-*, L50, F|\n|poke|p2|Amoonguss, L50, M|\n|teampreview|4\n|inactive|Battle timer is ON: inactive players will automatically lose when time's up. (requested by Betor182)\nBetor182 rejected open team sheets.\n|inactive|ICCR has 60 seconds left.\n|\n|t:|1700682989\n|start\n|switch|p1a: Indeedee|Indeedee-F, L50, F|100\/100\n|switch|p1b: Armarouge|Armarouge, L50, F|100\/100\n|switch|p2a: Urshifu|Urshifu-Rapid-Strike, L50, F|100\/100\n|switch|p2b: Flutter Mane|Flutter Mane, L50|100\/100\n|-fieldstart|move: Psychic Terrain|[from] ability: Psychic Surge|[of] p1a: Indeedee\n|-enditem|p1a: Indeedee|Psychic Seed\n|-boost|p1a: Indeedee|spd|1|[from] item: Psychic Seed\n|-enditem|p2b: Flutter Mane|Booster Energy\n|-activate|p2b: Flutter Mane|ability: Protosynthesis|[fromitem]\n|-start|p2b: Flutter Mane|protosynthesisspe\n|turn|1\n|\n|t:|1700683008\n|-terastallize|p1b: Armarouge|Grass\n|move|p2b: Flutter Mane|Shadow Ball|p1b: Armarouge\n|-damage|p1b: Armarouge|61\/100\n|move|p2a: Urshifu|Surging Strikes|p1b: Armarouge\n|-resisted|p1b: Armarouge\n|-crit|p1b: Armarouge\n|-damage|p1b: Armarouge|49\/100\n|-resisted|p1b: Armarouge\n|-crit|p1b: Armarouge\n|-damage|p1b: Armarouge|39\/100\n|-resisted|p1b: Armarouge\n|-crit|p1b: Armarouge\n|-damage|p1b: Armarouge|28\/100\n|-hitcount|p1b: Armarouge|3\n|move|p1b: Armarouge|Expanding Force|p2b: Flutter Mane|[spread] p2a,p2b\n|-supereffective|p2a: Urshifu\n|-damage|p2a: Urshifu|0 fnt\n|-damage|p2b: Flutter Mane|26\/100\n|faint|p2a: Urshifu\n|move|p1a: Indeedee|Trick Room|p1a: Indeedee\n|-fieldstart|move: Trick Room|[of] p1a: Indeedee\n|\n|upkeep\n|\n|t:|1700683027\n|switch|p2a: Amoonguss|Amoonguss, L50, M|100\/100\n|turn|2\n|\n|t:|1700683036\n|move|p2b: Flutter Mane|Protect|p2b: Flutter Mane\n|-singleturn|p2b: Flutter Mane|Protect\n|move|p1a: Indeedee|Follow Me|p1a: Indeedee\n|-singleturn|p1a: Indeedee|move: Follow Me\n|move|p2a: Amoonguss|Pollen Puff|p1a: Indeedee\n|-supereffective|p1a: Indeedee\n|-damage|p1a: Indeedee|78\/100\n|move|p1b: Armarouge|Expanding Force|p2a: Amoonguss|[spread] p2a\n|-activate|p2b: Flutter Mane|move: Protect\n|-supereffective|p2a: Amoonguss\n|-damage|p2a: Amoonguss|11\/100\n|\n|upkeep\n|turn|3\n|\n|t:|1700683056\n|move|p1a: Indeedee|Follow Me|p1a: Indeedee\n|-singleturn|p1a: Indeedee|move: Follow Me\n|move|p2a: Amoonguss|Pollen Puff|p1a: Indeedee\n|-supereffective|p1a: Indeedee\n|-damage|p1a: Indeedee|52\/100\n|move|p1b: Armarouge|Expanding Force|p2b: Flutter Mane|[spread] p2a,p2b\n|-supereffective|p2a: Amoonguss\n|-damage|p2a: Amoonguss|0 fnt\n|-damage|p2b: Flutter Mane|0 fnt\n|faint|p2a: Amoonguss\n|faint|p2b: Flutter Mane\n|-end|p2b: Flutter Mane|Protosynthesis|[silent]\n|\n|upkeep\n|-message|Betor182 forfeited.\n|\n|win|ICCR\n|raw|ICCR's rating: 1350 &rarr; <strong>1371<\/strong><br \/>(+21 for winning)\n|raw|Betor182's rating: 1363 &rarr; <strong>1342<\/strong><br \/>(-21 for losing)\n|l|\u2606Betor182\n","uploadtime":1700683070,"views":7,"p1id":"iccr","p2id":"betor182","formatid":"gen9vgc2023regulatione","rating":1342,"private":0,"password":""}