{"id":"gen9vgc2023regulatione-1993178726","p1":"N4N0vgc","p2":"Fancy Cucudrula","format":"[Gen 9] VGC 2023 Regulation E","log":"|j|\u2606N4N0vgc\n|j|\u2606Fancy Cucudrula\n|n|\u2606N4N0vgc|n4n0vgc\n|n|\u2606Fancy Cucudrula|fancycucudrula\n|html|View the match progress at <a href=\"\/game-bestof3-gen9vgc2023regulatione-1993176981\">game-bestof3-gen9vgc2023regulatione-1993176981<\/a>\n|t:|1700274423\n|gametype|doubles\n|player|p1|N4N0vgc|guzma|\n|player|p2|Fancy Cucudrula|valerie|\n|teamsize|p1|6\n|teamsize|p2|6\n|gen|9\n|tier|[Gen 9] VGC 2023 Regulation E\n|rule|Species Clause: Limit one of each Pok\u00e9mon\n|rule|Item Clause: Limit one of each item\n|clearpoke\n|poke|p1|Tornadus, L50, M|\n|poke|p1|Arcanine-Hisui, L50, M|\n|poke|p1|Rillaboom, L50, M|\n|poke|p1|Flutter Mane, L50|\n|poke|p1|Urshifu-*, L50, M|\n|poke|p1|Chien-Pao, L50|\n|poke|p2|Flutter Mane, L50|\n|poke|p2|Amoonguss, L50, F|\n|poke|p2|Heatran, L50, F|\n|poke|p2|Iron Hands, L50|\n|poke|p2|Landorus-Therian, L50, M|\n|poke|p2|Chien-Pao, L50|\n|teampreview|4\nFancy Cucudrula has agreed to open team sheets.\nN4N0vgc has agreed to open team sheets.\n|showteam|p1|Tornadus||RockyHelmet|Prankster|BleakwindStorm,Taunt,Tailwind,RainDance|||M|||50|,,,,,Ghost]Arcanine-Hisui||ChoiceBand|Intimidate|ExtremeSpeed,FlareBlitz,RockSlide,TeraBlast|||M|||50|,,,,,Fairy]Rillaboom||AssaultVest|GrassySurge|FakeOut,WoodHammer,GrassyGlide,Uturn|||M|||50|,,,,,Fire]Flutter Mane||BoosterEnergy|Protosynthesis|Moonblast,DazzlingGleam,ShadowBall,Protect||||||50|,,,,,Fairy]Urshifu-Rapid-Strike||MysticWater|UnseenFist|Detect,SurgingStrikes,CloseCombat,AquaJet|||M|||50|,,,,,Water]Chien-Pao||FocusSash|SwordofRuin|SuckerPunch,IcicleCrash,SacredSword,Protect||||||50|,,,,,Ghost\n|showteam|p2|Flutter Mane||ChoiceSpecs|Protosynthesis|DazzlingGleam,Moonblast,ShadowBall,PerishSong||||||50|,,,,,Fairy]Amoonguss||RockyHelmet|Regenerator|RagePowder,PollenPuff,Spore,Protect|||F|||50|,,,,,Water]Heatran||SafetyGoggles|FlashFire|HeatWave,EarthPower,FlashCannon,Protect|||F|||50|,,,,,Fairy]Iron Hands||AssaultVest|QuarkDrive|DrainPunch,WildCharge,HeavySlam,FakeOut||||||50|,,,,,Water]Landorus-Therian||ChoiceScarf|Intimidate|StompingTantrum,TeraBlast,RockSlide,Uturn|||M|||50|,,,,,Flying]Chien-Pao||FocusSash|SwordofRuin|IceSpinner,SuckerPunch,Haze,Protect||||||50|,,,,,Ghost\n|inactive|Battle timer is ON: inactive players will automatically lose when time's up. (requested by Fancy Cucudrula)\n|inactive|N4N0vgc also wants the timer to be on.\n|inactive|N4N0vgc has 60 seconds left.\n|inactive|Fancy Cucudrula has 60 seconds left.\n|inactive|N4N0vgc has 30 seconds left.\n|inactive|N4N0vgc has 20 seconds left.\n|inactive|N4N0vgc has 15 seconds left.\n|\n|t:|1700274508\n|start\n|switch|p1a: Lakitu|Tornadus, L50, M, shiny|100\/100\n|switch|p1b: Cari\u00f1OSO|Urshifu-Rapid-Strike, L50, M|100\/100\n|switch|p2a: Jessica Wild|Chien-Pao, L50|100\/100\n|switch|p2b: Mistress|Iron Hands, L50, shiny|100\/100\n|-ability|p2a: Jessica Wild|Sword of Ruin\n|turn|1\n|inactive|N4N0vgc has 30 seconds left.\n|inactive|Fancy Cucudrula has 30 seconds left.\n|\n|t:|1700274542\n|switch|p1a: Michi|Chien-Pao, L50|100\/100\n|-ability|p1a: Michi|Sword of Ruin\n|move|p2a: Jessica Wild|Ice Spinner|p1a: Michi\n|-resisted|p1a: Michi\n|-damage|p1a: Michi|73\/100\n|move|p1b: Cari\u00f1OSO|Surging Strikes|p2a: Jessica Wild\n|-crit|p2a: Jessica Wild\n|-damage|p2a: Jessica Wild|66\/100\n|-crit|p2a: Jessica Wild\n|-damage|p2a: Jessica Wild|33\/100\n|-crit|p2a: Jessica Wild\n|-damage|p2a: Jessica Wild|0 fnt\n|faint|p2a: Jessica Wild\n|-hitcount|p2: Jessica Wild|3\n|move|p2b: Mistress|Wild Charge|p1b: Cari\u00f1OSO\n|-supereffective|p1b: Cari\u00f1OSO\n|-damage|p1b: Cari\u00f1OSO|0 fnt\n|faint|p1b: Cari\u00f1OSO\n|-damage|p2b: Mistress|81\/100|[from] Recoil\n|\n|upkeep\n|\n|t:|1700274567\n|switch|p2a: Sasha Colby|Flutter Mane, L50|100\/100\n|switch|p1b: Lakitu|Tornadus, L50, M, shiny|100\/100\n|turn|2\n|inactive|N4N0vgc has 30 seconds left.\n|inactive|N4N0vgc has 20 seconds left.\n|inactive|N4N0vgc has 15 seconds left.\n|\n|t:|1700274611\n|-terastallize|p1b: Lakitu|Ghost\n|move|p1a: Michi|Protect|p1a: Michi\n|-singleturn|p1a: Michi|Protect\n|move|p1b: Lakitu|Tailwind|p1b: Lakitu\n|-sidestart|p1: N4N0vgc|move: Tailwind\n|move|p2a: Sasha Colby|Dazzling Gleam|p1a: Michi|[spread] p1b\n|-activate|p1a: Michi|move: Protect\n|-damage|p1b: Lakitu|57\/100\n|move|p2b: Mistress|Wild Charge|p1b: Lakitu\n|-damage|p1b: Lakitu|0 fnt\n|-damage|p2b: Mistress|64\/100|[from] item: Rocky Helmet|[of] p1b: Lakitu\n|faint|p1b: Lakitu\n|-damage|p2b: Mistress|53\/100|[from] Recoil\n|\n|upkeep\n|\n|t:|1700274617\n|switch|p1b: Funky Kong|Rillaboom, L50, M|100\/100\n|-fieldstart|move: Grassy Terrain|[from] ability: Grassy Surge|[of] p1b: Funky Kong\n|turn|3\n|j| Tampico11\n|inactive|N4N0vgc has 30 seconds left.\n|inactive|N4N0vgc has 20 seconds left.\n|\n|t:|1700274653\n|-end|p2b: Mistress|Quark Drive|[silent]\n|switch|p2b: Brita Filter|Amoonguss, L50, F, shiny|100\/100\n|-terastallize|p2a: Sasha Colby|Fairy\n|move|p1a: Michi|Icicle Crash|p2b: Brita Filter\n|-supereffective|p2b: Brita Filter\n|-damage|p2b: Brita Filter|1\/100\n|move|p1b: Funky Kong|Wood Hammer|p2a: Sasha Colby\n|-damage|p2a: Sasha Colby|0 fnt\n|faint|p2a: Sasha Colby\n|-end|p2a: Sasha Colby|Protosynthesis|[silent]\n|-damage|p1b: Funky Kong|79\/100|[from] Recoil\n|\n|-heal|p1a: Michi|79\/100|[from] Grassy Terrain\n|-heal|p1b: Funky Kong|84\/100|[from] Grassy Terrain\n|-heal|p2b: Brita Filter|7\/100|[from] Grassy Terrain\n|upkeep\n|\n|t:|1700274665\n|switch|p2a: Mistress|Iron Hands, L50, shiny|53\/100\n|turn|4\n|\n|t:|1700274676\n|move|p1a: Michi|Protect|p1a: Michi\n|-singleturn|p1a: Michi|Protect\n|move|p2b: Brita Filter|Protect|p2b: Brita Filter\n|-singleturn|p2b: Brita Filter|Protect\n|move|p1b: Funky Kong|Wood Hammer|p2a: Mistress\n|-crit|p2a: Mistress\n|-damage|p2a: Mistress|0 fnt\n|faint|p2a: Mistress\n|-end|p2a: Mistress|Quark Drive|[silent]\n|-damage|p1b: Funky Kong|65\/100|[from] Recoil\n|\n|-heal|p1a: Michi|85\/100|[from] Grassy Terrain\n|-heal|p1b: Funky Kong|71\/100|[from] Grassy Terrain\n|-heal|p2b: Brita Filter|13\/100|[from] Grassy Terrain\n|upkeep\n|turn|5\n|\n|t:|1700274686\n|move|p1a: Michi|Sacred Sword|p2b: Brita Filter\n|-resisted|p2b: Brita Filter\n|-damage|p2b: Brita Filter|0 fnt\n|-damage|p1a: Michi|69\/100|[from] item: Rocky Helmet|[of] p2b: Brita Filter\n|faint|p2b: Brita Filter\n|\n|win|N4N0vgc\n|c|\u2606N4N0vgc|ggs\n|l| Tampico11\n","uploadtime":1700274726,"views":16,"p1id":"n4n0vgc","p2id":"fancycucudrula","formatid":"gen9vgc2023regulatione","rating":0,"private":0,"password":""}