{"id":"gen9vgc2023regulatione-1999293213","p1":"gabtesting","p2":"bigmeatyclaws445","format":"[Gen 9] VGC 2023 Regulation E","log":"|j|\u2606gabtesting\n|j|\u2606bigmeatyclaws445\n|t:|1701056099\n|gametype|doubles\n|player|p1|gabtesting|169|1017\n|player|p2|bigmeatyclaws445|2|1117\n|teamsize|p1|6\n|teamsize|p2|6\n|gen|9\n|tier|[Gen 9] VGC 2023 Regulation E\n|rated|\n|rule|Species Clause: Limit one of each Pok\u00e9mon\n|rule|Item Clause: Limit one of each item\n|clearpoke\n|poke|p1|Ninetales-Alola, L50, M|\n|poke|p1|Cetitan, L50, F|\n|poke|p1|Baxcalibur, L50, M|\n|poke|p1|Landorus-Therian, L50, M|\n|poke|p1|Heatran, L50, F|\n|poke|p1|Zapdos, L50|\n|poke|p2|Regieleki, L50|\n|poke|p2|Roaring Moon, L50|\n|poke|p2|Rillaboom, L50, F|\n|poke|p2|Cresselia, L50, F|\n|poke|p2|Iron Moth, L50|\n|poke|p2|Gholdengo, L50|\n|teampreview|4\n|inactive|Battle timer is ON: inactive players will automatically lose when time's up. (requested by gabtesting)\ngabtesting has agreed to open team sheets.\nbigmeatyclaws445 rejected open team sheets.\n|\n|t:|1701056123\n|start\n|switch|p1a: Ninetales|Ninetales-Alola, L50, M|100\/100\n|switch|p1b: Cetitan|Cetitan, L50, F|100\/100\n|switch|p2a: Roaring Moon|Roaring Moon, L50|100\/100\n|switch|p2b: Regieleki|Regieleki, L50|100\/100\n|-weather|Snow|[from] ability: Snow Warning|[of] p1a: Ninetales\n|-enditem|p2a: Roaring Moon|Booster Energy\n|-activate|p2a: Roaring Moon|ability: Protosynthesis|[fromitem]\n|-start|p2a: Roaring Moon|protosynthesisatk\n|turn|1\n|\n|t:|1701056143\n|move|p2b: Regieleki|Electroweb|p1a: Ninetales|[spread] p1a,p1b\n|-damage|p1a: Ninetales|76\/100\n|-damage|p1b: Cetitan|84\/100\n|-unboost|p1a: Ninetales|spe|1\n|-unboost|p1b: Cetitan|spe|1\n|move|p2a: Roaring Moon|Tailwind|p2a: Roaring Moon\n|-sidestart|p2: bigmeatyclaws445|move: Tailwind\n|move|p1b: Cetitan|Icicle Crash|p2a: Roaring Moon\n|-supereffective|p2a: Roaring Moon\n|-damage|p2a: Roaring Moon|0 fnt\n|faint|p2a: Roaring Moon\n|-end|p2a: Roaring Moon|Protosynthesis|[silent]\n|move|p1a: Ninetales|Aurora Veil|p1a: Ninetales\n|-sidestart|p1: gabtesting|move: Aurora Veil\n|\n|-weather|Snow|[upkeep]\n|upkeep\n|\n|t:|1701056157\n|switch|p2a: Gholdengo|Gholdengo, L50|100\/100\n|turn|2\n|\n|t:|1701056179\n|switch|p1a: Heatran|Heatran, L50, F|100\/100\n|move|p2b: Regieleki|Thunderbolt|p1a: Heatran\n|-damage|p1a: Heatran|69\/100\n|move|p2a: Gholdengo|Make It Rain|p1b: Cetitan|[spread] p1a,p1b\n|-resisted|p1a: Heatran\n|-supereffective|p1b: Cetitan\n|-damage|p1a: Heatran|61\/100\n|-damage|p1b: Cetitan|43\/100\n|-unboost|p2a: Gholdengo|spa|1\n|move|p1b: Cetitan|Liquidation|p2a: Gholdengo\n|-damage|p2a: Gholdengo|71\/100\n|-unboost|p2a: Gholdengo|def|1\n|\n|-weather|Snow|[upkeep]\n|-heal|p2a: Gholdengo|77\/100|[from] item: Leftovers\n|upkeep\n|turn|3\n|inactive|gabtesting has 30 seconds left.\n|inactive|bigmeatyclaws445 has 30 seconds left.\n|\n|t:|1701056217\n|move|p2b: Regieleki|Thunderbolt|p1a: Heatran\n|-damage|p1a: Heatran|29\/100\n|move|p2a: Gholdengo|Shadow Ball|p1a: Heatran\n|-damage|p1a: Heatran|11\/100\n|move|p1b: Cetitan|Icicle Crash|p2b: Regieleki\n|-damage|p2b: Regieleki|20\/100\n|move|p1a: Heatran|Heat Wave|p2b: Regieleki|[spread] p2a,p2b\n|-supereffective|p2a: Gholdengo\n|-damage|p2a: Gholdengo|0 fnt\n|-damage|p2b: Regieleki|0 fnt\n|faint|p2a: Gholdengo\n|faint|p2b: Regieleki\n|-damage|p1a: Heatran|2\/100|[from] item: Life Orb\n|\n|-weather|Snow|[upkeep]\n|upkeep\n|\n|t:|1701056233\n|switch|p2b: Iron Moth|Iron Moth, L50|100\/100\n|turn|4\n|\n|t:|1701056251\n|-terastallize|p2b: Iron Moth|Ground\n|move|p2b: Iron Moth|Tera Blast|p1a: Heatran|[anim] Tera Blast Ground\n|-supereffective|p1a: Heatran\n|-damage|p1a: Heatran|0 fnt\n|faint|p1a: Heatran\n|move|p1b: Cetitan|Icicle Crash|p2b: Iron Moth\n|-supereffective|p2b: Iron Moth\n|-damage|p2b: Iron Moth|0 fnt\n|faint|p2b: Iron Moth\n|-end|p2b: Iron Moth|Quark Drive|[silent]\n|\n|win|gabtesting\n|raw|gabtesting's rating: 1017 &rarr; <strong>1065<\/strong><br \/>(+48 for winning)\n|raw|bigmeatyclaws445's rating: 1117 &rarr; <strong>1085<\/strong><br \/>(-32 for losing)\n|c|\u2606gabtesting|gg\n|l|\u2606bigmeatyclaws445\n","uploadtime":1701056262,"views":15,"p1id":"gabtesting","p2id":"bigmeatyclaws445","formatid":"gen9vgc2023regulatione","rating":1065,"private":0,"password":""}