{"id":"gen9vgc2023regulatione-1996634690","p1":"dolivo1122","p2":"DNDStwo","format":"[Gen 9] VGC 2023 Regulation E","log":"|j|\u2606dolivo1122\n|j|\u2606DNDStwo\n|t:|1700703267\n|gametype|doubles\n|player|p1|dolivo1122|170|1335\n|player|p2|DNDStwo|266|1421\n|teamsize|p1|6\n|teamsize|p2|6\n|gen|9\n|tier|[Gen 9] VGC 2023 Regulation E\n|rated|\n|rule|Species Clause: Limit one of each Pok\u00e9mon\n|rule|Item Clause: Limit one of each item\n|clearpoke\n|poke|p1|Palafin, L50, M|\n|poke|p1|Thundurus, L50, M|\n|poke|p1|Pelipper, L50, M|\n|poke|p1|Flutter Mane, L50|\n|poke|p1|Rillaboom, L50, M|\n|poke|p1|Chien-Pao, L50|\n|poke|p2|Flutter Mane, L50|\n|poke|p2|Wugtrio, L50, M|\n|poke|p2|Armarouge, L50, M|\n|poke|p2|Indeedee-F, L50, F|\n|poke|p2|Landorus-Therian, L50, M|\n|poke|p2|Tornadus, L50, M|\n|teampreview|4\n|inactive|Battle timer is ON: inactive players will automatically lose when time's up. (requested by dolivo1122)\n|\n|t:|1700703322\n|start\n|switch|p1a: Palafin|Palafin, L50, M|100\/100\n|switch|p1b: Pelipper|Pelipper, L50, M|100\/100\n|switch|p2a: Armarouge|Armarouge, L50, M|100\/100\n|switch|p2b: Wugtrio|Wugtrio, L50, M|100\/100\n|-weather|RainDance|[from] ability: Drizzle|[of] p1b: Pelipper\n|turn|1\n|inactive|dolivo1122 has 30 seconds left.\n|inactive|DNDStwo has 30 seconds left.\n|inactive|dolivo1122 has 20 seconds left.\n|inactive|dolivo1122 has 15 seconds left.\n|\n|t:|1700703367\n|detailschange|p1a: Palafin|Palafin-Hero, L50, M\n|switch|p1a: Flutter Mane|Flutter Mane, L50|100\/100\n|move|p2a: Armarouge|Endure|p2a: Armarouge\n|-singleturn|p2a: Armarouge|move: Endure\n|move|p1b: Pelipper|Wide Guard|p1b: Pelipper\n|-singleturn|p1b: Pelipper|Wide Guard\n|move|p2b: Wugtrio|Triple Dive|p2a: Armarouge\n|-supereffective|p2a: Armarouge\n|-damage|p2a: Armarouge|66\/100\n|-ability|p2a: Armarouge|Weak Armor|boost\n|-unboost|p2a: Armarouge|def|1\n|-boost|p2a: Armarouge|spe|2\n|-enditem|p2a: Armarouge|Weakness Policy\n|-boost|p2a: Armarouge|atk|2|[from] item: Weakness Policy\n|-boost|p2a: Armarouge|spa|2|[from] item: Weakness Policy\n|-supereffective|p2a: Armarouge\n|-damage|p2a: Armarouge|17\/100\n|-ability|p2a: Armarouge|Weak Armor|boost\n|-unboost|p2a: Armarouge|def|1\n|-boost|p2a: Armarouge|spe|2\n|-supereffective|p2a: Armarouge\n|-activate|p2a: Armarouge|move: Endure\n|-damage|p2a: Armarouge|1\/100\n|-ability|p2a: Armarouge|Weak Armor|boost\n|-unboost|p2a: Armarouge|def|1\n|-boost|p2a: Armarouge|spe|2\n|-hitcount|p2a: Armarouge|3\n|\n|-weather|RainDance|[upkeep]\n|upkeep\n|turn|2\n|inactive|dolivo1122 has 30 seconds left.\n|inactive|DNDStwo has 30 seconds left.\n|inactive|DNDStwo has 20 seconds left.\n|\n|t:|1700703402\n|-terastallize|p2a: Armarouge|Psychic\n|move|p1b: Pelipper|Wide Guard|p1b: Pelipper\n|-singleturn|p1b: Pelipper|Wide Guard\n|move|p2a: Armarouge|Expanding Force|p1a: Flutter Mane\n|-damage|p1a: Flutter Mane|0 fnt\n|faint|p1a: Flutter Mane\n|-end|p1a: Flutter Mane|Protosynthesis|[silent]\n|move|p2b: Wugtrio|Triple Dive|p1b: Pelipper\n|-resisted|p1b: Pelipper\n|-damage|p1b: Pelipper|92\/100\n|-resisted|p1b: Pelipper\n|-damage|p1b: Pelipper|83\/100\n|-resisted|p1b: Pelipper\n|-damage|p1b: Pelipper|75\/100\n|-hitcount|p1b: Pelipper|3\n|\n|-weather|RainDance|[upkeep]\n|upkeep\n|\n|t:|1700703415\n|switch|p1a: Rillaboom|Rillaboom, L50, M|100\/100\n|-fieldstart|move: Grassy Terrain|[from] ability: Grassy Surge|[of] p1a: Rillaboom\n|turn|3\n|\n|t:|1700703436\n|move|p2a: Armarouge|Endure|p2a: Armarouge\n|-singleturn|p2a: Armarouge|move: Endure\n|move|p1b: Pelipper|Wide Guard|p1b: Pelipper\n|-singleturn|p1b: Pelipper|Wide Guard\n|move|p1a: Rillaboom|Grassy Glide|p2a: Armarouge\n|-activate|p2a: Armarouge|move: Endure\n|-damage|p2a: Armarouge|1\/100\n|-ability|p2a: Armarouge|Weak Armor|boost\n|-unboost|p2a: Armarouge|def|1\n|move|p2b: Wugtrio|Final Gambit|p1b: Pelipper\n|-damage|p1b: Pelipper|0 fnt\n|faint|p2b: Wugtrio\n|faint|p1b: Pelipper\n|\n|-weather|RainDance|[upkeep]\n|-heal|p2a: Armarouge|7\/100|[from] Grassy Terrain\n|upkeep\n|\n|t:|1700703449\n|switch|p2b: Indeedee|Indeedee-F, L50, F|100\/100\n|switch|p1b: Palafin|Palafin-Hero, L50, M|100\/100\n|-activate|p1b: Palafin|ability: Zero to Hero\n|-fieldstart|move: Psychic Terrain|[from] ability: Psychic Surge|[of] p2b: Indeedee\n|turn|4\n|-message|dolivo1122 forfeited.\n|\n|win|DNDStwo\n|raw|dolivo1122's rating: 1335 &rarr; <strong>1320<\/strong><br \/>(-15 for losing)\n|raw|DNDStwo's rating: 1421 &rarr; <strong>1436<\/strong><br \/>(+15 for winning)\n|l|\u2606dolivo1122\n|l|\u2606DNDStwo\n|j|\u2606DNDStwo\n|player|p2|DNDStwo|266\n","uploadtime":1700703559,"views":16,"p1id":"dolivo1122","p2id":"dndstwo","formatid":"gen9vgc2023regulatione","rating":1320,"private":0,"password":""}