{"id":"gen9vgc2023regulatione-1996061234","p1":"NachoTheCheese","p2":"Dacoda Hex","format":"[Gen 9] VGC 2023 Regulation E","log":"|j|\u2606NachoTheCheese\n|j|\u2606Dacoda Hex\n|t:|1700637536\n|gametype|doubles\n|player|p1|NachoTheCheese|hilbert|1239\n|player|p2|Dacoda Hex|burglar|1320\n|teamsize|p1|6\n|teamsize|p2|6\n|gen|9\n|tier|[Gen 9] VGC 2023 Regulation E\n|rated|\n|rule|Species Clause: Limit one of each Pok\u00e9mon\n|rule|Item Clause: Limit one of each item\n|clearpoke\n|poke|p1|Urshifu-*, L50, F|\n|poke|p1|Amoonguss, L50, M|\n|poke|p1|Arcanine, L50, M|\n|poke|p1|Ogerpon-Hearthflame, L50, F|\n|poke|p1|Iron Hands, L50|\n|poke|p1|Ninetales-Alola, L50, F|\n|poke|p2|Iron Hands, L50|\n|poke|p2|Armarouge, L50, M|\n|poke|p2|Slowking-Galar, L50, M|\n|poke|p2|Politoed, L50, M|\n|poke|p2|Indeedee-F, L50, F|\n|poke|p2|Torkoal, L50, F|\n|teampreview|4\n|\n|t:|1700637581\n|start\n|switch|p1a: Ogerpon|Ogerpon-Hearthflame, L50, F|100\/100\n|switch|p1b: Urshifu|Urshifu-Rapid-Strike, L50, F|100\/100\n|switch|p2a: Armada|Armarouge, L50, M|100\/100\n|switch|p2b: Anja|Indeedee-F, L50, F|100\/100\n|-ability|p1a: Ogerpon|Mold Breaker\n|-fieldstart|move: Psychic Terrain|[from] ability: Psychic Surge|[of] p2b: Anja\n|-enditem|p2b: Anja|Psychic Seed\n|-boost|p2b: Anja|spd|1|[from] item: Psychic Seed\n|turn|1\n|\n|t:|1700637603\n|switch|p2b: Kaulia|Torkoal, L50, F|100\/100\n|-weather|SunnyDay|[from] ability: Drought|[of] p2b: Kaulia\n|-terastallize|p1a: Ogerpon|Fire\n|detailschange|p1a: Ogerpon|Ogerpon-Hearthflame-Tera, L50, F, tera:Fire\n|-ability|p1a: Ogerpon|Embody Aspect (Hearthflame)|boost\n|-boost|p1a: Ogerpon|atk|1\n|-terastallize|p2a: Armada|Grass\n|move|p1a: Ogerpon|Ivy Cudgel|p2b: Kaulia|[anim] Ivy Cudgel Fire\n|-resisted|p2b: Kaulia\n|-damage|p2b: Kaulia|37\/100\n|move|p1b: Urshifu|Surging Strikes|p2a: Armada\n|-resisted|p2a: Armada\n|-crit|p2a: Armada\n|-damage|p2a: Armada|96\/100\n|-resisted|p2a: Armada\n|-crit|p2a: Armada\n|-damage|p2a: Armada|92\/100\n|-resisted|p2a: Armada\n|-crit|p2a: Armada\n|-damage|p2a: Armada|87\/100\n|-hitcount|p2a: Armada|3\n|move|p2a: Armada|Trick Room|p2a: Armada\n|-fieldstart|move: Trick Room|[of] p2a: Armada\n|\n|-weather|SunnyDay|[upkeep]\n|upkeep\n|turn|2\n|\n|t:|1700637638\n|switch|p1b: Amoonguss|Amoonguss, L50, M|100\/100\n|switch|p1a: Iron Hands|Iron Hands, L50|100\/100\n|move|p2b: Kaulia|Eruption|p1b: Amoonguss|[spread] p1a,p1b\n|-supereffective|p1b: Amoonguss\n|-damage|p1a: Iron Hands|84\/100\n|-damage|p1b: Amoonguss|67\/100\n|move|p2a: Armada|Expanding Force|p1b: Amoonguss|[spread] p1a,p1b\n|-supereffective|p1a: Iron Hands\n|-supereffective|p1b: Amoonguss\n|-damage|p1a: Iron Hands|0 fnt\n|-damage|p1b: Amoonguss|0 fnt\n|faint|p1a: Iron Hands\n|-end|p1a: Iron Hands|Quark Drive|[silent]\n|faint|p1b: Amoonguss\n|-damage|p2a: Armada|77\/100|[from] item: Life Orb\n|\n|-weather|SunnyDay|[upkeep]\n|upkeep\n|\n|t:|1700637653\n|switch|p1b: Urshifu|Urshifu-Rapid-Strike, L50, F|100\/100\n|switch|p1a: Ogerpon|Ogerpon-Hearthflame-Tera, L50, F, tera:Fire|100\/100\n|-ability|p1a: Ogerpon|Embody Aspect (Hearthflame)|boost\n|-boost|p1a: Ogerpon|atk|1\n|turn|3\n|\n|t:|1700637664\n|move|p1b: Urshifu|Protect|p1b: Urshifu\n|-singleturn|p1b: Urshifu|Protect\n|move|p1a: Ogerpon|Spiky Shield|p1a: Ogerpon\n|-singleturn|p1a: Ogerpon|move: Protect\n|move|p2b: Kaulia|Eruption|p1b: Urshifu|[spread] \n|-activate|p1a: Ogerpon|move: Protect\n|-activate|p1b: Urshifu|move: Protect\n|move|p2a: Armada|Expanding Force|p1b: Urshifu|[spread] \n|-activate|p1a: Ogerpon|move: Protect\n|-activate|p1b: Urshifu|move: Protect\n|\n|-weather|SunnyDay|[upkeep]\n|upkeep\n|turn|4\n|\n|t:|1700637681\n|move|p2b: Kaulia|Eruption|p1a: Ogerpon|[spread] p1a,p1b\n|-resisted|p1a: Ogerpon\n|-resisted|p1b: Urshifu\n|-damage|p1a: Ogerpon|85\/100\n|-damage|p1b: Urshifu|80\/100\n|move|p2a: Armada|Expanding Force|p1b: Urshifu|[spread] p1a,p1b\n|-supereffective|p1b: Urshifu\n|-damage|p1a: Ogerpon|0 fnt\n|-damage|p1b: Urshifu|0 fnt\n|faint|p1a: Ogerpon\n|faint|p1b: Urshifu\n|-damage|p2a: Armada|67\/100|[from] item: Life Orb\n|\n|win|Dacoda Hex\n|raw|NachoTheCheese's rating: 1239 &rarr; <strong>1220<\/strong><br \/>(-19 for losing)\n|raw|Dacoda Hex's rating: 1320 &rarr; <strong>1335<\/strong><br \/>(+15 for winning)\n","uploadtime":1700637781,"views":16,"p1id":"nachothecheese","p2id":"dacodahex","formatid":"gen9vgc2023regulatione","rating":1220,"private":0,"password":""}