{"id":"gen9vgc2023regulatione-1988631925","p1":"Steve9999","p2":"Uitolo","format":"[Gen 9] VGC 2023 Regulation E","log":"|j|\u2606Steve9999\n|j|\u2606Uitolo\n|t:|1699744138\n|gametype|doubles\n|player|p1|Steve9999|170|1113\n|player|p2|Uitolo|lucas|1207\n|teamsize|p1|6\n|teamsize|p2|6\n|gen|9\n|tier|[Gen 9] VGC 2023 Regulation E\n|rated|\n|rule|Species Clause: Limit one of each Pok\u00e9mon\n|rule|Item Clause: Limit one of each item\n|clearpoke\n|poke|p1|Iron Hands, L50|\n|poke|p1|Landorus-Therian, L50, M|\n|poke|p1|Farigiraf, L50, M|\n|poke|p1|Iron Bundle, L50|\n|poke|p1|Chi-Yu, L50|\n|poke|p1|Gholdengo, L50|\n|poke|p2|Milotic, L50, M|\n|poke|p2|Rillaboom, L50, M|\n|poke|p2|Iron Hands, L50|\n|poke|p2|Landorus-Therian, L50, M|\n|poke|p2|Chi-Yu, L50|\n|poke|p2|Flutter Mane, L50|\n|teampreview|4\n|\n|t:|1699744197\n|start\n|switch|p1a: Iron Hands|Iron Hands, L50, shiny|100\/100\n|switch|p1b: Gholdengo|Gholdengo, L50|100\/100\n|switch|p2a: Milotic|Milotic, L50, M|100\/100\n|switch|p2b: Landorus|Landorus-Therian, L50, M|100\/100\n|-ability|p2b: Landorus|Intimidate|boost\n|-unboost|p1a: Iron Hands|atk|1\n|-unboost|p1b: Gholdengo|atk|1\n|turn|1\n|\n|t:|1699744223\n|-terastallize|p1b: Gholdengo|Dragon\n|move|p1a: Iron Hands|Fake Out|p2b: Landorus\n|-damage|p2b: Landorus|88\/100\n|cant|p2b: Landorus|flinch\n|move|p1b: Gholdengo|Nasty Plot|p1b: Gholdengo\n|-boost|p1b: Gholdengo|spa|2\n|move|p2a: Milotic|Coil|p2a: Milotic\n|-boost|p2a: Milotic|atk|1\n|-boost|p2a: Milotic|def|1\n|-boost|p2a: Milotic|accuracy|1\n|\n|upkeep\n|turn|2\n|\n|t:|1699744250\n|-terastallize|p2a: Milotic|Poison\n|move|p2b: Landorus|Stomping Tantrum|p1b: Gholdengo\n|-damage|p1b: Gholdengo|23\/100\n|move|p1b: Gholdengo|Make It Rain|p2a: Milotic|[spread] p2a,p2b\n|-damage|p2a: Milotic|15\/100\n|-damage|p2b: Landorus|0 fnt\n|-unboost|p1b: Gholdengo|spa|1\n|faint|p2b: Landorus\n|-damage|p1b: Gholdengo|13\/100|[from] item: Life Orb\n|move|p2a: Milotic|Icy Wind|p1b: Gholdengo|[spread] p1a,p1b\n|-supereffective|p1b: Gholdengo\n|-damage|p1a: Iron Hands|94\/100\n|-damage|p1b: Gholdengo|0 fnt\n|-unboost|p1a: Iron Hands|spe|1\n|faint|p1b: Gholdengo\n|move|p1a: Iron Hands|Wild Charge|p2a: Milotic\n|-damage|p2a: Milotic|0 fnt\n|faint|p2a: Milotic\n|-damage|p1a: Iron Hands|91\/100|[from] Recoil\n|\n|upkeep\n|\n|t:|1699744277\n|switch|p2b: Rillaboom|Rillaboom, L50, M|100\/100\n|switch|p1b: Chi-Yu|Chi-Yu, L50|100\/100\n|switch|p2a: Iron Hands|Iron Hands, L50|100\/100\n|-ability|p1b: Chi-Yu|Beads of Ruin\n|-fieldstart|move: Grassy Terrain|[from] ability: Grassy Surge|[of] p2b: Rillaboom\n|turn|3\n|\n|t:|1699744304\n|move|p2a: Iron Hands|Fake Out|p1b: Chi-Yu\n|-damage|p1b: Chi-Yu|74\/100\n|cant|p1b: Chi-Yu|flinch\n|move|p2b: Rillaboom|High Horsepower|p1b: Chi-Yu\n|-supereffective|p1b: Chi-Yu\n|-damage|p1b: Chi-Yu|0 fnt\n|faint|p1b: Chi-Yu\n|move|p1a: Iron Hands|Drain Punch|p2a: Iron Hands\n|-damage|p2a: Iron Hands|79\/100\n|-heal|p1a: Iron Hands|100\/100|[from] drain|[of] p2a: Iron Hands\n|\n|-heal|p2a: Iron Hands|85\/100|[from] Grassy Terrain\n|upkeep\n|\n|t:|1699744317\n|switch|p1b: Iron Bundle|Iron Bundle, L50, shiny|100\/100\n|-enditem|p1b: Iron Bundle|Booster Energy\n|-activate|p1b: Iron Bundle|ability: Quark Drive|[fromitem]\n|-start|p1b: Iron Bundle|quarkdrivespa\n|turn|4\n|l|\u2606Uitolo\n|player|p2|\n|inactive|Battle timer is ON: inactive players will automatically lose when time's up. (requested by Steve9999)\n|inactive|Uitolo has 30 seconds to reconnect!\n|inactive|Uitolo has 20 seconds to reconnect!\n|inactive|Uitolo has 15 seconds to reconnect!\n|inactive|Uitolo has 10 seconds to reconnect!\n|inactive|Uitolo has 5 seconds to reconnect!\n|-message|Uitolo lost due to inactivity.\n|\n|win|Steve9999\n|raw|Steve9999's rating: 1113 &rarr; <strong>1145<\/strong><br \/>(+32 for winning)\n|raw|Uitolo's rating: 1207 &rarr; <strong>1175<\/strong><br \/>(-32 for losing)\n","uploadtime":1699744441,"views":11,"p1id":"steve9999","p2id":"uitolo","formatid":"gen9vgc2023regulatione","rating":1145,"private":0,"password":""}