{"id":"gen9vgc2023regulatione-1988597846","p1":"spiderboi6969","p2":"JacopinoGenerale","format":"[Gen 9] VGC 2023 Regulation E","log":"|j|\u2606spiderboi6969\n|j|\u2606JacopinoGenerale\n|t:|1699740297\n|gametype|doubles\n|player|p1|spiderboi6969|169|1124\n|player|p2|JacopinoGenerale|benga|1224\n|teamsize|p1|6\n|teamsize|p2|6\n|gen|9\n|tier|[Gen 9] VGC 2023 Regulation E\n|rated|\n|rule|Species Clause: Limit one of each Pok\u00e9mon\n|rule|Item Clause: Limit one of each item\n|clearpoke\n|poke|p1|Tornadus, L50, M|\n|poke|p1|Iron Moth, L50|\n|poke|p1|Heatran, L50, M|\n|poke|p1|Maushold-Four, L50|\n|poke|p1|Kingambit, L50, M|\n|poke|p1|Lilligant-Hisui, L50, F|\n|poke|p2|Ogerpon, L50, F|\n|poke|p2|Farigiraf, L50, M|\n|poke|p2|Dusclops, L50, M|\n|poke|p2|Ursaluna-Bloodmoon, L50, M|\n|poke|p2|Iron Hands, L50|\n|poke|p2|Urshifu-*, L50, M|\n|teampreview|4\n|inactive|Battle timer is ON: inactive players will automatically lose when time's up. (requested by JacopinoGenerale)\nJacopinoGenerale rejected open team sheets.\n|\n|t:|1699740327\n|start\n|switch|p1a: Lilligant|Lilligant-Hisui, L50, F, shiny|100\/100\n|switch|p1b: Kingambit|Kingambit, L50, M|100\/100\n|switch|p2a: Dusclops|Dusclops, L50, M|100\/100\n|switch|p2b: Ursaluna|Ursaluna-Bloodmoon, L50, M|100\/100\n|-item|p1a: Lilligant|Focus Sash|[from] ability: Frisk|[of] p2a: Dusclops|[identify]\n|-item|p1b: Kingambit|Leftovers|[from] ability: Frisk|[of] p2a: Dusclops|[identify]\n|turn|1\n|inactive|spiderboi6969 has 30 seconds left.\n|\n|t:|1699740361\n|-terastallize|p1b: Kingambit|Fire\n|move|p2b: Ursaluna|Protect|p2b: Ursaluna\n|-singleturn|p2b: Ursaluna|Protect\n|move|p1a: Lilligant|Sleep Powder|p2b: Ursaluna\n|-activate|p2b: Ursaluna|move: Protect\n|move|p1b: Kingambit|Swords Dance|p1b: Kingambit\n|-boost|p1b: Kingambit|atk|2\n|move|p2a: Dusclops|Trick Room|p2a: Dusclops\n|-fieldstart|move: Trick Room|[of] p2a: Dusclops\n|\n|upkeep\n|turn|2\n|\n|t:|1699740382\n|-terastallize|p2b: Ursaluna|Normal\n|move|p2a: Dusclops|Taunt|p1a: Lilligant\n|-start|p1a: Lilligant|move: Taunt\n|move|p2b: Ursaluna|Earth Power|p1b: Kingambit\n|-supereffective|p1b: Kingambit\n|-damage|p1b: Kingambit|5\/100\n|move|p1b: Kingambit|Kowtow Cleave|p2a: Dusclops\n|-supereffective|p2a: Dusclops\n|-damage|p2a: Dusclops|0 fnt\n|faint|p2a: Dusclops\n|cant|p1a: Lilligant|move: Taunt|Sleep Powder\n|\n|-heal|p1b: Kingambit|11\/100|[from] item: Leftovers\n|upkeep\n|\n|t:|1699740396\n|switch|p2a: Iron Hands|Iron Hands, L50|100\/100\n|-enditem|p2a: Iron Hands|Booster Energy\n|-activate|p2a: Iron Hands|ability: Quark Drive|[fromitem]\n|-start|p2a: Iron Hands|quarkdriveatk\n|turn|3\n|\n|t:|1699740403\n|switch|p1b: Maushold|Maushold-Four, L50|100\/100\n|move|p2a: Iron Hands|Fake Out|p1a: Lilligant\n|-damage|p1a: Lilligant|66\/100\n|move|p2b: Ursaluna|Hyper Voice|p1a: Lilligant|[spread] p1a,p1b\n|-damage|p1a: Lilligant|0 fnt\n|-damage|p1b: Maushold|24\/100\n|faint|p1a: Lilligant\n|\n|upkeep\n|\n|t:|1699740412\n|switch|p1a: Kingambit|Kingambit, L50, M, tera:Fire|11\/100\n|turn|4\n|\n|t:|1699740423\n|move|p1a: Kingambit|Sucker Punch|p2b: Ursaluna\n|-damage|p2b: Ursaluna|70\/100\n|move|p2a: Iron Hands|Wild Charge|p1b: Maushold\n|-damage|p1b: Maushold|0 fnt\n|faint|p1b: Maushold\n|-damage|p2a: Iron Hands|97\/100|[from] Recoil\n|move|p2b: Ursaluna|Hyper Voice|p1a: Kingambit\n|-damage|p1a: Kingambit|0 fnt\n|faint|p1a: Kingambit\n|\n|upkeep\n|-message|spiderboi6969 forfeited.\n|\n|win|JacopinoGenerale\n|raw|spiderboi6969's rating: 1124 &rarr; <strong>1106<\/strong><br \/>(-18 for losing)\n|raw|JacopinoGenerale's rating: 1224 &rarr; <strong>1242<\/strong><br \/>(+18 for winning)\n|l|\u2606spiderboi6969\n","uploadtime":1699740438,"views":9,"p1id":"spiderboi6969","p2id":"jacopinogenerale","formatid":"gen9vgc2023regulatione","rating":1106,"private":0,"password":""}