{"id":"gen9vgc2023regulatione-1994094818","p1":"lorisaur","p2":"SicGatto","format":"[Gen 9] VGC 2023 Regulation E","log":"|j|\u2606lorisaur\n|j|\u2606SicGatto\n|n|\u2606lorisaur|lorisaur\n|n|\u2606SicGatto|sicgatto\n|html|View the match progress at <a href=\"\/game-bestof3-gen9vgc2023regulatione-1994094817\">game-bestof3-gen9vgc2023regulatione-1994094817<\/a>\n|t:|1700406154\n|gametype|doubles\n|player|p1|lorisaur|tate|\n|player|p2|SicGatto|169|\n|teamsize|p1|6\n|teamsize|p2|6\n|gen|9\n|tier|[Gen 9] VGC 2023 Regulation E\n|rule|Species Clause: Limit one of each Pok\u00e9mon\n|rule|Item Clause: Limit one of each item\n|clearpoke\n|poke|p1|Arcanine-Hisui, L50, F|\n|poke|p1|Ogerpon-Wellspring, L50, F|\n|poke|p1|Ursaluna-Bloodmoon, L50, M|\n|poke|p1|Cresselia, L50, F|\n|poke|p1|Rillaboom, L50, F|\n|poke|p1|Ninetales-Alola, L50, M|\n|poke|p2|Urshifu-*, L50, F|\n|poke|p2|Flutter Mane, L50|\n|poke|p2|Brambleghast, L50, M|\n|poke|p2|Chi-Yu, L50|\n|poke|p2|Tornadus, L50, M|\n|poke|p2|Gholdengo, L50|\n|teampreview|4\nlorisaur has agreed to open team sheets.\n|c|\u2606lorisaur|Glhf\n|c|\u2606SicGatto|glhf\nSicGatto has agreed to open team sheets.\n|showteam|p1|Arcanine-Hisui||ChoiceBand|Intimidate|RockSlide,FlareBlitz,ExtremeSpeed,HeadSmash|||F|||50|,,,,,Normal]Ogerpon-Wellspring||WellspringMask|WaterAbsorb|IvyCudgel,WoodHammer,FollowMe,SpikyShield|||F|||50|,,,,,Water]Ursaluna-Bloodmoon||Leftovers|MindsEye|BloodMoon,EarthPower,CalmMind,Protect|||M|||50|,,,,,Ghost]Cresselia||RockyHelmet|Levitate|Moonblast,LunarBlessing,TrickRoom,SkillSwap|||F|||50|,,,,,Fairy]Rillaboom||AssaultVest|GrassySurge|FakeOut,WoodHammer,GrassyGlide,Uturn|||F|||50|,,,,,Fire]Ninetales-Alola||LightClay|SnowWarning|Blizzard,Moonblast,Encore,AuroraVeil|||M|||50|,,,,,Ghost\n|showteam|p2|Urshifu-Rapid-Strike||MysticWater|UnseenFist|SurgingStrikes,CloseCombat,AquaJet,Detect|||F|||50|,,,,,Water]Flutter Mane||BoosterEnergy|Protosynthesis|Moonblast,ShadowBall,DazzlingGleam,Protect||||||50|,,,,,Fairy]Brambleghast||FocusSash|WindRider|PowerWhip,Poltergeist,ShadowSneak,StrengthSap|||M|||50|,,,,,Ghost]Chi-Yu||LifeOrb|BeadsofRuin|DarkPulse,HeatWave,Overheat,Protect||||||50|,,,,,Ghost]Tornadus||CovertCloak|Prankster|BleakwindStorm,SunnyDay,Tailwind,Taunt|||M|||50|,,,,,Steel]Gholdengo||ChoiceSpecs|GoodasGold|MakeItRain,ShadowBall,Thunderbolt,SteelBeam||||||50|,,,,,Steel\n|j| Drednaw N?\n|\n|t:|1700406289\n|start\n|switch|p1a: Lillinette|Ninetales-Alola, L50, M|100\/100\n|switch|p1b: Baudimon|Arcanine-Hisui, L50, F|100\/100\n|switch|p2a: Tornadus|Tornadus, L50, M|100\/100\n|switch|p2b: Gholdengo|Gholdengo, L50|100\/100\n|-weather|Snow|[from] ability: Snow Warning|[of] p1a: Lillinette\n|-ability|p1b: Baudimon|Intimidate|boost\n|-unboost|p2a: Tornadus|atk|1\n|-unboost|p2b: Gholdengo|atk|1\n|turn|1\n|\n|t:|1700406310\n|-terastallize|p2b: Gholdengo|Steel\n|move|p2a: Tornadus|Tailwind|p2a: Tornadus\n|-sidestart|p2: SicGatto|move: Tailwind\n|move|p2b: Gholdengo|Make It Rain|p1b: Baudimon|[spread] p1a,p1b\n|-supereffective|p1a: Lillinette\n|-damage|p1a: Lillinette|0 fnt\n|-damage|p1b: Baudimon|0 fnt\n|-unboost|p2b: Gholdengo|spa|1\n|faint|p1a: Lillinette\n|faint|p1b: Baudimon\n|\n|-weather|Snow|[upkeep]\n|upkeep\n|-message|lorisaur forfeited.\n|\n|win|SicGatto\n|c|&|\/uhtml prompt-sicgatto,SicGatto is ready for game 2!\n|c|&|\/uhtml prompt-lorisaur,lorisaur is ready for game 2!\nBoth players are ready! Starting next match!\n|j| DubiousVGC\n|j| KyuremBiancoEtero\n|l| DubiousVGC\n|j| Matrix bug\n|l| Drednaw N?\n|l| KyuremBiancoEtero\n|l|\u2606lorisaur\n|l|\u2606SicGatto\n","uploadtime":1700406332,"views":44,"p1id":"lorisaur","p2id":"sicgatto","formatid":"gen9vgc2023regulatione","rating":0,"private":0,"password":""}