{"id":"gen9vgc2023regulatione-1988599220","p1":"Red Fang X","p2":"It'sJustKen VGC","format":"[Gen 9] VGC 2023 Regulation E","log":"|j|\u2606Red Fang X\n|j|\u2606It'sJustKen VGC\n|n|\u2606Red Fang X|redfangx\n|n|\u2606It'sJustKen VGC|itsjustkenvgc\n|html|View the match progress at <a href=\"\/game-bestof3-gen9vgc2023regulatione-1988599219\">game-bestof3-gen9vgc2023regulatione-1988599219<\/a>\n|t:|1699740452\n|gametype|doubles\n|player|p1|Red Fang X|hilbert|\n|player|p2|It'sJustKen VGC|turo|\n|teamsize|p1|6\n|teamsize|p2|6\n|gen|9\n|tier|[Gen 9] VGC 2023 Regulation E\n|rated|Tournament battle\n|rule|Species Clause: Limit one of each Pok\u00e9mon\n|rule|Item Clause: Limit one of each item\n|clearpoke\n|poke|p1|Chi-Yu, L50|\n|poke|p1|Iron Hands, L50|\n|poke|p1|Landorus-Therian, L50, M|\n|poke|p1|Dusclops, L50, F|\n|poke|p1|Ogerpon-Wellspring, L50, F|\n|poke|p1|Ursaluna-Bloodmoon, L50, M|\n|poke|p2|Ting-Lu, L50|\n|poke|p2|Palafin, L50, F|\n|poke|p2|Pelipper, L50, F|\n|poke|p2|Flutter Mane, L50|\n|poke|p2|Ogerpon-Hearthflame, L50, F|\n|poke|p2|Dragonite, L50, M|\n|teampreview|4\n|showteam|p1|Chi-Yu||ChoiceSpecs|BeadsofRuin|Overheat,DarkPulse,Snarl,HeatWave||||||50|,,,,,Ghost]Iron Hands||AssaultVest|QuarkDrive|WildCharge,DrainPunch,VoltSwitch,FakeOut||||||50|,,,,,Fire]Landorus-Therian||ChoiceScarf|Intimidate|StompingTantrum,RockSlide,TeraBlast,Uturn|||M|||50|,,,,,Flying]Dusclops||Eviolite|Frisk|BrickBreak,WillOWisp,PainSplit,TrickRoom|||F|||50|,,,,,Dark]Ogerpon-Wellspring||WellspringMask|WaterAbsorb|SpikyShield,FollowMe,IvyCudgel,HornLeech|||F|||50|,,,,,Water]Ursaluna-Bloodmoon||WeaknessPolicy|MindsEye|BloodMoon,HyperVoice,EarthPower,Protect|||M|||50|,,,,,Normal\n|showteam|p2|Ting-Lu||AssaultVest|VesselofRuin|StompingTantrum,HeavySlam,Ruination,Earthquake||||||50|,,,,,Water]Palafin||ChoiceScarf|ZerotoHero|FlipTurn,JetPunch,WaveCrash,CloseCombat|||F|||50|,,,,,Water]Pelipper||RockyHelmet|Drizzle|Protect,Hurricane,WeatherBall,WideGuard|||F|||50|,,,,,Ground]Flutter Mane||FocusSash|Protosynthesis|Protect,ShadowBall,DazzlingGleam,Moonblast||||||50|,,,,,Fairy]Ogerpon-Hearthflame||HearthflameMask|MoldBreaker|SpikyShield,PowerWhip,IvyCudgel,HelpingHand|||F|||50|,,,,,Fire]Dragonite||ChoiceBand|InnerFocus|ExtremeSpeed,TeraBlast,Outrage,Waterfall|||M|||50|,,,,,Flying\n|inactive|Battle timer is ON: inactive players will automatically lose when time's up. (requested by It'sJustKen VGC)\n|inactive|Red Fang X also wants the timer to be on.\n|c|\u2606Red Fang X|Glhf\n|j| LoveforVGC TEST\n|inactive|Red Fang X has 60 seconds left.\n|inactive|It'sJustKen VGC has 60 seconds left.\n|c|\u2606It'sJustKen VGC|u2\n|l| LoveforVGC TEST\n|\n|t:|1699740499\n|start\n|switch|p1a: Dusclops|Dusclops, L50, F, shiny|100\/100\n|switch|p1b: Ursaluna|Ursaluna-Bloodmoon, L50, M|100\/100\n|switch|p2a: Palafin|Palafin, L50, F|100\/100\n|switch|p2b: Dragonite|Dragonite, L50, M|100\/100\n|-item|p2a: Palafin|Choice Scarf|[from] ability: Frisk|[of] p1a: Dusclops|[identify]\n|-item|p2b: Dragonite|Choice Band|[from] ability: Frisk|[of] p1a: Dusclops|[identify]\n|turn|1\n|inactive|It'sJustKen VGC has 30 seconds left.\n|inactive|It'sJustKen VGC has 20 seconds left.\n|inactive|It'sJustKen VGC has 15 seconds left.\n|inactive|It'sJustKen VGC has 10 seconds left.\n|inactive|It'sJustKen VGC has 5 seconds left.\n|\n|t:|1699740554\n|move|p1b: Ursaluna|Protect|p1b: Ursaluna\n|-singleturn|p1b: Ursaluna|Protect\n|move|p2b: Dragonite|Extreme Speed|p1b: Ursaluna\n|-activate|p1b: Ursaluna|move: Protect\n|move|p2a: Palafin|Flip Turn|p1a: Dusclops\n|-damage|p1a: Dusclops|86\/100\n|\n|t:|1699740561\n|detailschange|p2a: Palafin|Palafin-Hero, L50, F\n|switch|p2a: Pelipper|Pelipper, L50, F|100\/100|[from] Flip Turn\n|-weather|RainDance|[from] ability: Drizzle|[of] p2a: Pelipper\n|move|p1a: Dusclops|Trick Room|p1a: Dusclops\n|-fieldstart|move: Trick Room|[of] p1a: Dusclops\n|\n|-weather|RainDance|[upkeep]\n|upkeep\n|turn|2\n|j| christianfinity2\n|\n|t:|1699740578\n|-terastallize|p1b: Ursaluna|Normal\n|move|p2b: Dragonite|Extreme Speed|p1b: Ursaluna\n|-damage|p1b: Ursaluna|66\/100\n|move|p1a: Dusclops|Brick Break|p1b: Ursaluna\n|-supereffective|p1b: Ursaluna\n|-damage|p1b: Ursaluna|48\/100\n|-enditem|p1b: Ursaluna|Weakness Policy\n|-boost|p1b: Ursaluna|atk|2|[from] item: Weakness Policy\n|-boost|p1b: Ursaluna|spa|2|[from] item: Weakness Policy\n|move|p1b: Ursaluna|Hyper Voice|p2b: Dragonite|[spread] p2a,p2b\n|-damage|p2a: Pelipper|0 fnt\n|-damage|p2b: Dragonite|0 fnt\n|faint|p2a: Pelipper\n|faint|p2b: Dragonite\n|\n|-weather|RainDance|[upkeep]\n|upkeep\n|\n|t:|1699740582\n|switch|p2a: Palafin|Palafin-Hero, L50, F|100\/100\n|switch|p2b: Ting-Lu|Ting-Lu, L50|100\/100\n|-ability|p2b: Ting-Lu|Vessel of Ruin\n|-activate|p2a: Palafin|ability: Zero to Hero\n|turn|3\n|\n|t:|1699740600\n|-terastallize|p2a: Palafin|Water\n|move|p1b: Ursaluna|Protect|p1b: Ursaluna\n|-singleturn|p1b: Ursaluna|Protect\n|move|p2a: Palafin|Jet Punch|p1b: Ursaluna\n|-activate|p1b: Ursaluna|move: Protect\n|move|p1a: Dusclops|Will-O-Wisp|p2a: Palafin\n|-status|p2a: Palafin|brn\n|move|p2b: Ting-Lu|Ruination|p1a: Dusclops\n|-damage|p1a: Dusclops|43\/100\n|\n|-weather|RainDance|[upkeep]\n|-damage|p2a: Palafin|94\/100 brn|[from] brn\n|upkeep\n|turn|4\n|\n|t:|1699740617\n|move|p2a: Palafin|Jet Punch|p1b: Ursaluna\n|-damage|p1b: Ursaluna|19\/100\n|move|p1a: Dusclops|Will-O-Wisp|p2b: Ting-Lu\n|-status|p2b: Ting-Lu|brn\n|move|p1b: Ursaluna|Hyper Voice|p2b: Ting-Lu|[spread] p2a,p2b\n|-damage|p2a: Palafin|1\/100 brn\n|-damage|p2b: Ting-Lu|62\/100 brn\n|move|p2b: Ting-Lu|Stomping Tantrum|p1a: Dusclops\n|-damage|p1a: Dusclops|33\/100\n|\n|-weather|RainDance|[upkeep]\n|-damage|p2b: Ting-Lu|56\/100 brn|[from] brn\n|-damage|p2a: Palafin|0 fnt|[from] brn\n|faint|p2a: Palafin\n|upkeep\n|turn|5\n|-message|It'sJustKen VGC forfeited.\n|\n|win|Red Fang X\n|l|\u2606It'sJustKen VGC\n|c|&|\/uhtml prompt-itsjustkenvgc,It&apos;sJustKen VGC is ready for game 2!\n|j|\u2606It'sJustKen VGC\n|player|p2|It'sJustKen VGC|turo\n","uploadtime":1699740629,"views":10,"p1id":"redfangx","p2id":"itsjustkenvgc","formatid":"gen9vgc2023regulatione","rating":0,"private":0,"password":""}