{"id":"gen9vgc2023regulatione-1990813987","p1":"BappyMcBoop","p2":"hnefl","format":"[Gen 9] VGC 2023 Regulation E","log":"|j|\u2606BappyMcBoop\n|j|\u2606hnefl\n|t:|1700003528\n|gametype|doubles\n|player|p1|BappyMcBoop|266|1163\n|player|p2|hnefl|1|1160\n|teamsize|p1|6\n|teamsize|p2|6\n|gen|9\n|tier|[Gen 9] VGC 2023 Regulation E\n|rated|\n|rule|Species Clause: Limit one of each Pok\u00e9mon\n|rule|Item Clause: Limit one of each item\n|clearpoke\n|poke|p1|Infernape, L50, F|\n|poke|p1|Ninetales-Alola, L50, F|\n|poke|p1|Baxcalibur, L50, M|\n|poke|p1|Cetitan, L50, M|\n|poke|p1|Torterra, L50, F|\n|poke|p1|Sylveon, L50, F|\n|poke|p2|Flutter Mane, L50|\n|poke|p2|Chi-Yu, L50|\n|poke|p2|Tornadus, L50, M|\n|poke|p2|Gholdengo, L50|\n|poke|p2|Landorus-Therian, L50, M|\n|poke|p2|Ogerpon-Hearthflame, L50, F|\n|teampreview|4\n|inactive|Battle timer is ON: inactive players will automatically lose when time's up. (requested by BappyMcBoop)\n|inactive|BappyMcBoop has 60 seconds left.\n|\n|t:|1700003570\n|start\n|switch|p1a: Ninetales|Ninetales-Alola, L50, F, shiny|100\/100\n|switch|p1b: Boyababatt|Cetitan, L50, M, shiny|100\/100\n|switch|p2a: Chi-Yu|Chi-Yu, L50|100\/100\n|switch|p2b: Flutter Mane|Flutter Mane, L50|100\/100\n|-ability|p2a: Chi-Yu|Beads of Ruin\n|-weather|Snow|[from] ability: Snow Warning|[of] p1a: Ninetales\n|turn|1\n|inactive|BappyMcBoop has 30 seconds left.\n|inactive|hnefl has 30 seconds left.\n|inactive|BappyMcBoop has 20 seconds left.\n|inactive|BappyMcBoop has 15 seconds left.\n|\n|t:|1700003611\n|-terastallize|p1b: Boyababatt|Water\n|move|p1a: Ninetales|Protect|p1a: Ninetales\n|-singleturn|p1a: Ninetales|Protect\n|move|p2a: Chi-Yu|Heat Wave|p1a: Ninetales|[spread] p1b\n|-activate|p1a: Ninetales|move: Protect\n|-resisted|p1b: Boyababatt\n|-damage|p1b: Boyababatt|75\/100\n|move|p1b: Boyababatt|Belly Drum|p1b: Boyababatt\n|-damage|p1b: Boyababatt|25\/100\n|-setboost|p1b: Boyababatt|atk|6|[from] move: Belly Drum\n|-enditem|p1b: Boyababatt|Sitrus Berry|[eat]\n|-heal|p1b: Boyababatt|50\/100|[from] item: Sitrus Berry\n|move|p2b: Flutter Mane|Dazzling Gleam|p1b: Boyababatt|[spread] p1b\n|-activate|p1a: Ninetales|move: Protect\n|-damage|p1b: Boyababatt|0 fnt\n|faint|p1b: Boyababatt\n|\n|-weather|Snow|[upkeep]\n|upkeep\n|\n|t:|1700003632\n|switch|p1b: Fumpy Gorl|Torterra, L50, F|100\/100\n|turn|2\n|\n|t:|1700003642\n|move|p2a: Chi-Yu|Heat Wave|p1a: Ninetales|[spread] p1a,p1b\n|-supereffective|p1a: Ninetales\n|-supereffective|p1b: Fumpy Gorl\n|-enditem|p1a: Ninetales|Focus Sash\n|-damage|p1a: Ninetales|1\/100\n|-damage|p1b: Fumpy Gorl|0 fnt\n|faint|p1b: Fumpy Gorl\n|move|p2b: Flutter Mane|Dazzling Gleam|p1a: Ninetales\n|-damage|p1a: Ninetales|0 fnt\n|faint|p1a: Ninetales\n|\n|-weather|Snow|[upkeep]\n|upkeep\n|-message|BappyMcBoop forfeited.\n|\n|win|hnefl\n|raw|BappyMcBoop's rating: 1163 &rarr; <strong>1139<\/strong><br \/>(-24 for losing)\n|raw|hnefl's rating: 1180 &rarr; <strong>1204<\/strong><br \/>(+24 for winning)\n|l|\u2606BappyMcBoop\n","uploadtime":1700003653,"views":18,"p1id":"bappymcboop","p2id":"hnefl","formatid":"gen9vgc2023regulatione","rating":1139,"private":0,"password":""}