{"id":"gen9vgc2023regulatione-1991252598","p1":"Surgetown","p2":"UabbaLabbaDabDab","format":"[Gen 9] VGC 2023 Regulation E","log":"|j|\u2606Surgetown\n|j|\u2606UabbaLabbaDabDab\n|t:|1700061468\n|gametype|doubles\n|player|p1|Surgetown|alder|1271\n|player|p2|UabbaLabbaDabDab|silver|1354\n|teamsize|p1|6\n|teamsize|p2|6\n|gen|9\n|tier|[Gen 9] VGC 2023 Regulation E\n|rated|\n|rule|Species Clause: Limit one of each Pok\u00e9mon\n|rule|Item Clause: Limit one of each item\n|clearpoke\n|poke|p1|Charizard, L50, M|\n|poke|p1|Torkoal, L50, F|\n|poke|p1|Lilligant-Hisui, L50, F|\n|poke|p1|Armarouge, L50, F|\n|poke|p1|Indeedee-F, L50, F|\n|poke|p1|Flutter Mane, L50|\n|poke|p2|Torkoal, L50, M|\n|poke|p2|Lilligant-Hisui, L50, F|\n|poke|p2|Indeedee-F, L50, F|\n|poke|p2|Armarouge, L50, F|\n|poke|p2|Urshifu-*, L50, F|\n|poke|p2|Flutter Mane, L50|\n|teampreview|4\nUabbaLabbaDabDab has agreed to open team sheets.\n|inactive|Battle timer is ON: inactive players will automatically lose when time's up. (requested by Surgetown)\n|\n|t:|1700061585\n|start\n|switch|p1a: Indeedee|Indeedee-F, L50, F|100\/100\n|switch|p1b: Torkoal|Torkoal, L50, F, shiny|100\/100\n|switch|p2a: Urshifu|Urshifu, L50, F|100\/100\n|switch|p2b: Armarouge|Armarouge, L50, F|100\/100\n|-fieldstart|move: Psychic Terrain|[from] ability: Psychic Surge|[of] p1a: Indeedee\n|-enditem|p1a: Indeedee|Psychic Seed\n|-boost|p1a: Indeedee|spd|1|[from] item: Psychic Seed\n|-weather|SunnyDay|[from] ability: Drought|[of] p1b: Torkoal\n|turn|1\n|inactive|UabbaLabbaDabDab has 30 seconds left.\n|inactive|UabbaLabbaDabDab has 20 seconds left.\n|\n|t:|1700061624\n|-terastallize|p1b: Torkoal|Fire\n|move|p1a: Indeedee|Follow Me|p1a: Indeedee\n|-singleturn|p1a: Indeedee|move: Follow Me\n|move|p2a: Urshifu|Wicked Blow|p1a: Indeedee\n|-supereffective|p1a: Indeedee\n|-crit|p1a: Indeedee\n|-damage|p1a: Indeedee|0 fnt\n|faint|p1a: Indeedee\n|move|p2b: Armarouge|Expanding Force|p1b: Torkoal\n|-damage|p1b: Torkoal|0 fnt\n|faint|p1b: Torkoal\n|-damage|p2b: Armarouge|91\/100|[from] item: Life Orb\n|\n|-weather|SunnyDay|[upkeep]\n|upkeep\n|\n|t:|1700061639\n|switch|p1a: Armarouge|Armarouge, L50, F|100\/100\n|switch|p1b: Flutter Mane|Flutter Mane, L50, shiny|100\/100\n|-activate|p1b: Flutter Mane|ability: Protosynthesis\n|-start|p1b: Flutter Mane|protosynthesisspe\n|turn|2\n|\n|t:|1700061652\n|-terastallize|p2a: Urshifu|Poison\n|move|p1b: Flutter Mane|Shadow Ball|p2a: Urshifu\n|-damage|p2a: Urshifu|18\/100\n|-unboost|p2a: Urshifu|spd|1\n|move|p2a: Urshifu|Wicked Blow|p1a: Armarouge\n|-supereffective|p1a: Armarouge\n|-crit|p1a: Armarouge\n|-damage|p1a: Armarouge|0 fnt\n|faint|p1a: Armarouge\n|move|p2b: Armarouge|Expanding Force|p1b: Flutter Mane\n|-damage|p1b: Flutter Mane|0 fnt\n|faint|p1b: Flutter Mane\n|-end|p1b: Flutter Mane|Protosynthesis|[silent]\n|-damage|p2b: Armarouge|81\/100|[from] item: Life Orb\n|\n|win|UabbaLabbaDabDab\n|raw|Surgetown's rating: 1271 &rarr; <strong>1252<\/strong><br \/>(-19 for losing)\n|raw|UabbaLabbaDabDab's rating: 1354 &rarr; <strong>1369<\/strong><br \/>(+15 for winning)\n|l|\u2606Surgetown\n","uploadtime":1700061720,"views":22,"p1id":"surgetown","p2id":"uabbalabbadabdab","formatid":"gen9vgc2023regulatione","rating":1252,"private":0,"password":""}