{"id":"gen9vgc2023regulatione-1992240219","p1":"Zolrain","p2":"AriesOwn","format":"[Gen 9] VGC 2023 Regulation E","log":"|j|\u2606Zolrain\n|j|\u2606AriesOwn\n|t:|1700166783\n|gametype|doubles\n|player|p1|Zolrain|pokemonranger-gen4|1169\n|player|p2|AriesOwn|n-masters3|1095\n|teamsize|p1|6\n|teamsize|p2|6\n|gen|9\n|tier|[Gen 9] VGC 2023 Regulation E\n|rated|\n|rule|Species Clause: Limit one of each Pok\u00e9mon\n|rule|Item Clause: Limit one of each item\n|clearpoke\n|poke|p1|Mabosstiff, L50, F|\n|poke|p1|Gengar, L50, M|\n|poke|p1|Rillaboom, L50, F|\n|poke|p1|Chi-Yu, L50|\n|poke|p1|Iron Bundle, L50|\n|poke|p1|Landorus-Therian, L50, M|\n|poke|p2|Iron Valiant, L50|\n|poke|p2|Chien-Pao, L50|\n|poke|p2|Toxapex, L50, M|\n|poke|p2|Annihilape, L50, M|\n|poke|p2|Heatran, L50, M|\n|poke|p2|Dragapult, L50, F|\n|teampreview|4\n|\n|t:|1700166857\n|start\n|switch|p1a: Rillaboom|Rillaboom, L50, F|100\/100\n|switch|p1b: Iron Bundle|Iron Bundle, L50|100\/100\n|switch|p2a: Annihilape|Annihilape, L50, M|100\/100\n|switch|p2b: Iron Valiant|Iron Valiant, L50|100\/100\n|-fieldstart|move: Grassy Terrain|[from] ability: Grassy Surge|[of] p1a: Rillaboom\n|-enditem|p1b: Iron Bundle|Booster Energy\n|-activate|p1b: Iron Bundle|ability: Quark Drive|[fromitem]\n|-start|p1b: Iron Bundle|quarkdrivespe\n|-enditem|p2b: Iron Valiant|Booster Energy\n|-activate|p2b: Iron Valiant|ability: Quark Drive|[fromitem]\n|-start|p2b: Iron Valiant|quarkdrivespe\n|turn|1\n|\n|t:|1700166900\n|move|p1a: Rillaboom|Fake Out|p2b: Iron Valiant\n|-damage|p2b: Iron Valiant|84\/100\n|move|p1b: Iron Bundle|Hydro Pump|p2b: Iron Valiant|[miss]\n|-miss|p1b: Iron Bundle|p2b: Iron Valiant\n|cant|p2b: Iron Valiant|flinch\n|move|p2a: Annihilape|Gunk Shot|p1a: Rillaboom\n|-supereffective|p1a: Rillaboom\n|-damage|p1a: Rillaboom|17\/100\n|\n|-heal|p2b: Iron Valiant|90\/100|[from] Grassy Terrain\n|-heal|p1a: Rillaboom|23\/100|[from] Grassy Terrain\n|upkeep\n|turn|2\n|\n|t:|1700166924\n|switch|p1a: Chi-Yu|Chi-Yu, L50|100\/100\n|-ability|p1a: Chi-Yu|Beads of Ruin\n|move|p1b: Iron Bundle|Protect|p1b: Iron Bundle\n|-singleturn|p1b: Iron Bundle|Protect\n|move|p2b: Iron Valiant|Protect|p2b: Iron Valiant\n|-singleturn|p2b: Iron Valiant|Protect\n|move|p2a: Annihilape|Ice Punch|p1a: Chi-Yu\n|-resisted|p1a: Chi-Yu\n|-damage|p1a: Chi-Yu|80\/100\n|\n|-heal|p2b: Iron Valiant|96\/100|[from] Grassy Terrain\n|-heal|p1a: Chi-Yu|87\/100|[from] Grassy Terrain\n|upkeep\n|turn|3\n|\n|t:|1700166947\n|move|p1b: Iron Bundle|Hydro Pump|p2b: Iron Valiant|[miss]\n|-miss|p1b: Iron Bundle|p2b: Iron Valiant\n|move|p2b: Iron Valiant|Aura Sphere|p1a: Chi-Yu\n|-supereffective|p1a: Chi-Yu\n|-damage|p1a: Chi-Yu|0 fnt\n|faint|p1a: Chi-Yu\n|move|p2a: Annihilape|Rock Slide|p1b: Iron Bundle\n|-supereffective|p1b: Iron Bundle\n|-damage|p1b: Iron Bundle|36\/100\n|\n|-heal|p1b: Iron Bundle|42\/100|[from] Grassy Terrain\n|-heal|p2b: Iron Valiant|100\/100|[from] Grassy Terrain\n|upkeep\n|c|\u2606Zolrain|alright well game definitelyt wanetd me to lose\n|c|\u2606Zolrain|so gg\n|-message|Zolrain forfeited.\n|\n|win|AriesOwn\n|raw|Zolrain's rating: 1169 &rarr; <strong>1139<\/strong><br \/>(-30 for losing)\n|raw|AriesOwn's rating: 1095 &rarr; <strong>1126<\/strong><br \/>(+31 for winning)\n|l|\u2606Zolrain\n|c|\u2606AriesOwn|that was rooough\n","uploadtime":1700166975,"views":10,"p1id":"zolrain","p2id":"ariesown","formatid":"gen9vgc2023regulatione","rating":1126,"private":0,"password":""}