{"id":"gen9vgc2023regulatione-1989690488","p1":"DeAndreRicketts","p2":"krenitos","format":"[Gen 9] VGC 2023 Regulation E","log":"|j|\u203dDeAndreRicketts\n|j|\u2606krenitos\n|t:|1699887200\n|gametype|doubles\n|player|p1|DeAndreRicketts|2|1172\n|player|p2|krenitos|fisherman|1071\n|teamsize|p1|6\n|teamsize|p2|6\n|gen|9\n|tier|[Gen 9] VGC 2023 Regulation E\n|rated|\n|rule|Species Clause: Limit one of each Pok\u00e9mon\n|rule|Item Clause: Limit one of each item\n|clearpoke\n|poke|p1|Armarouge, L50, F|\n|poke|p1|Torkoal, L50, M|\n|poke|p1|Indeedee-F, L50, F|\n|poke|p1|Urshifu-*, L50, F|\n|poke|p1|Ursaluna, L50, M|\n|poke|p1|Hatterene, L50, F|\n|poke|p2|Flutter Mane, L50|\n|poke|p2|Glimmora, L50, F|\n|poke|p2|Dusclops, L50, F|\n|poke|p2|Ceruledge, L50, F|\n|poke|p2|Gyarados, L50, F|\n|poke|p2|Annihilape, L50, F|\n|teampreview|4\n|inactive|Battle timer is ON: inactive players will automatically lose when time's up. (requested by krenitos)\n|\n|t:|1699887229\n|start\n|switch|p1a: Indeedee|Indeedee-F, L50, F|100\/100\n|switch|p1b: Armarouge|Armarouge, L50, F|100\/100\n|switch|p2a: Dusclops|Dusclops, L50, F|100\/100\n|switch|p2b: Glimmora|Glimmora, L50, F, shiny|100\/100\n|-fieldstart|move: Psychic Terrain|[from] ability: Psychic Surge|[of] p1a: Indeedee\n|-enditem|p1a: Indeedee|Psychic Seed\n|-boost|p1a: Indeedee|spd|1|[from] item: Psychic Seed\n|-ability|p2a: Dusclops|Pressure\n|turn|1\n|inactive|DeAndreRicketts has 30 seconds left.\n|inactive|DeAndreRicketts has 20 seconds left.\n|inactive|DeAndreRicketts has 15 seconds left.\n|\n|t:|1699887271\n|-terastallize|p2b: Glimmora|Grass\n|move|p1a: Indeedee|Helping Hand|p1b: Armarouge\n|-singleturn|p1b: Armarouge|Helping Hand|[of] p1a: Indeedee\n|move|p2b: Glimmora|Power Gem|p1b: Armarouge\n|-supereffective|p1b: Armarouge\n|-damage|p1b: Armarouge|3\/100\n|move|p1b: Armarouge|Expanding Force|p2a: Dusclops|[spread] p2a,p2b\n|-damage|p2a: Dusclops|37\/100\n|-damage|p2b: Glimmora|0 fnt\n|faint|p2b: Glimmora\n|move|p2a: Dusclops|Trick Room|p2a: Dusclops\n|-fieldstart|move: Trick Room|[of] p2a: Dusclops\n|\n|upkeep\n|\n|t:|1699887284\n|switch|p2b: Annihilape|Annihilape, L50, F, shiny|100\/100\n|turn|2\n|\n|t:|1699887297\n|move|p1a: Indeedee|Follow Me|p1a: Indeedee\n|-singleturn|p1a: Indeedee|move: Follow Me\n|move|p2a: Dusclops|Night Shade|p1a: Indeedee\n|-immune|p1a: Indeedee\n|move|p1b: Armarouge|Expanding Force|p2b: Annihilape|[spread] p2a,p2b\n|-supereffective|p2b: Annihilape\n|-damage|p2a: Dusclops|0 fnt\n|-damage|p2b: Annihilape|0 fnt\n|faint|p2a: Dusclops\n|faint|p2b: Annihilape\n|\n|upkeep\n|-message|krenitos forfeited.\n|\n|win|DeAndreRicketts\n|raw|DeAndreRicketts's rating: 1172 &rarr; <strong>1190<\/strong><br \/>(+18 for winning)\n|raw|krenitos's rating: 1071 &rarr; <strong>1056<\/strong><br \/>(-15 for losing)\n|l|\u2606krenitos\n","uploadtime":1699887314,"views":27,"p1id":"deandrericketts","p2id":"krenitos","formatid":"gen9vgc2023regulatione","rating":1056,"private":0,"password":""}