{"id":"gen9vgc2023regulatione-1992100690","p1":"rmb28","p2":"AZPRIMEMINISTER","format":"[Gen 9] VGC 2023 Regulation E","log":"|j|\u2606rmb28\n|j|\u2606AZPRIMEMINISTER\n|t:|1700155137\n|gametype|doubles\n|player|p1|rmb28|caitlin|1007\n|player|p2|AZPRIMEMINISTER|102|1060\n|teamsize|p1|6\n|teamsize|p2|6\n|gen|9\n|tier|[Gen 9] VGC 2023 Regulation E\n|rated|\n|rule|Species Clause: Limit one of each Pok\u00e9mon\n|rule|Item Clause: Limit one of each item\n|clearpoke\n|poke|p1|Lilligant-Hisui, L50, F|\n|poke|p1|Torkoal, L50, M|\n|poke|p1|Ursaluna, L50, M|\n|poke|p1|Oranguru, L50, F|\n|poke|p1|Iron Hands, L50|\n|poke|p1|Urshifu-*, L50, F|\n|poke|p2|Flutter Mane, L50|\n|poke|p2|Rillaboom, L50, M|\n|poke|p2|Urshifu-*, L50, F|\n|poke|p2|Tornadus, L50, M|\n|poke|p2|Landorus-Therian, L50, M|\n|poke|p2|Chien-Pao, L50|\n|teampreview|4\n|inactive|Battle timer is ON: inactive players will automatically lose when time's up. (requested by rmb28)\n|c|\u2606rmb28|glhf\n|c|\u2606rmb28|HYPER OFFENSE RRAHHHHHH\n|inactive|rmb28 has 60 seconds left.\n|\n|t:|1700155168\n|start\n|switch|p1a: Heisenburg|Iron Hands, L50|100\/100\n|switch|p1b: Oranguru|Oranguru, L50, F|100\/100\n|switch|p2a: Tornadus|Tornadus, L50, M|100\/100\n|switch|p2b: Flutter Mane|Flutter Mane, L50|100\/100\n|turn|1\n|\n|t:|1700155182\n|move|p2a: Tornadus|Bleakwind Storm|p1b: Oranguru|[spread] p1a\n|-miss|p2a: Tornadus|p1b: Oranguru\n|-damage|p1a: Heisenburg|75\/100\n|move|p1a: Heisenburg|Heavy Slam|p2b: Flutter Mane\n|-supereffective|p2b: Flutter Mane\n|-damage|p2b: Flutter Mane|0 fnt\n|faint|p2b: Flutter Mane\n|-end|p2b: Flutter Mane|Protosynthesis|[silent]\n|move|p1b: Oranguru|Trick Room|p1b: Oranguru\n|-fieldstart|move: Trick Room|[of] p1b: Oranguru\n|\n|upkeep\n|-message|AZPRIMEMINISTER forfeited.\n|\n|win|rmb28\n|raw|rmb28's rating: 1007 &rarr; <strong>1052<\/strong><br \/>(+45 for winning)\n|raw|AZPRIMEMINISTER's rating: 1060 &rarr; <strong>1038<\/strong><br \/>(-22 for losing)\n|l|\u2606AZPRIMEMINISTER\n|c|\u2606rmb28|nice\n","uploadtime":1700155207,"views":39,"p1id":"rmb28","p2id":"azprimeminister","formatid":"gen9vgc2023regulatione","rating":1038,"private":0,"password":""}