{"id":"gen9vgc2023regulatione-1998438905","p1":"whyismynamejeff","p2":"aellaivio","format":"[Gen 9] VGC 2023 Regulation E","log":"|j|\u2606whyismynamejeff\n|j|\u2606aellaivio\n|t:|1700942402\n|gametype|doubles\n|player|p1|whyismynamejeff|musician|1121\n|player|p2|aellaivio|169|1048\n|teamsize|p1|6\n|teamsize|p2|6\n|gen|9\n|tier|[Gen 9] VGC 2023 Regulation E\n|rated|\n|rule|Species Clause: Limit one of each Pok\u00e9mon\n|rule|Item Clause: Limit one of each item\n|clearpoke\n|poke|p1|Ogerpon-Wellspring, L50, F|\n|poke|p1|Regieleki, L50|\n|poke|p1|Indeedee-F, L50, F|\n|poke|p1|Tornadus, L50, M|\n|poke|p1|Chi-Yu, L50|\n|poke|p1|Flutter Mane, L50|\n|poke|p2|Squawkabilly-Yellow, L50, M|\n|poke|p2|Muk-Alola, L50, M|\n|poke|p2|Landorus, L50, M|\n|poke|p2|Mienshao, L50, M|\n|poke|p2|Illumise, L50, F|\n|poke|p2|Thundurus, L50, M|\n|teampreview|4\n|j| OsherCohen\n|c|\u2606whyismynamejeff|howdy partne\n|c|\u2606whyismynamejeff|fuck\n|c|\u2606whyismynamejeff|illumise\n|\n|t:|1700942440\n|start\n|switch|p1a: Chi-Yu|Chi-Yu, L50|100\/100\n|switch|p1b: Regieleki|Regieleki, L50|100\/100\n|switch|p2a: Mienshao|Mienshao, L50, M, shiny|100\/100\n|switch|p2b: Illumise|Illumise, L50, F, shiny|100\/100\n|-ability|p1a: Chi-Yu|Beads of Ruin\n|turn|1\n|\n|t:|1700942465\n|-terastallize|p1b: Regieleki|Ice\n|move|p1a: Chi-Yu|Protect|p1a: Chi-Yu\n|-singleturn|p1a: Chi-Yu|Protect\n|move|p2b: Illumise|Sweet Scent|p1b: Regieleki|[spread] p1b\n|-activate|p1a: Chi-Yu|move: Protect\n|-unboost|p1b: Regieleki|evasion|2\n|move|p1b: Regieleki|Tera Blast|p2a: Mienshao|[anim] Tera Blast Ice\n|-damage|p2a: Mienshao|6\/100\n|move|p2a: Mienshao|High Jump Kick|p1b: Regieleki\n|-supereffective|p1b: Regieleki\n|-crit|p1b: Regieleki\n|-damage|p1b: Regieleki|0 fnt\n|faint|p1b: Regieleki\n|\n|upkeep\n|c|\u2606whyismynamejeff|wha\n|\n|t:|1700942481\n|switch|p1b: Flutter Mane|Flutter Mane, L50|100\/100\n|turn|2\n|\n|t:|1700942498\n|switch|p2a: Muk|Muk-Alola, L50, M|100\/100\n|move|p2b: Illumise|Encore|p1a: Chi-Yu\n|-hint|Since gen 7, Dark is immune to Prankster moves.\n|-immune|p1a: Chi-Yu\n|move|p1b: Flutter Mane|Dazzling Gleam|p2a: Muk|[spread] p2a,p2b\n|-damage|p2a: Muk|76\/100\n|-damage|p2b: Illumise|53\/100\n|move|p1a: Chi-Yu|Heat Wave|p2b: Illumise|[spread] p2a,p2b\n|-supereffective|p2b: Illumise\n|-crit|p2b: Illumise\n|-damage|p2a: Muk|37\/100\n|-damage|p2b: Illumise|0 fnt\n|-status|p2a: Muk|brn\n|faint|p2b: Illumise\n|-ability|p2a: Muk|Prankster|[from] ability: Power of Alchemy|[of] p2b: Illumise\n|-damage|p1a: Chi-Yu|91\/100|[from] item: Life Orb\n|\n|-damage|p2a: Muk|31\/100 brn|[from] brn\n|upkeep\n|-message|aellaivio forfeited.\n|\n|win|whyismynamejeff\n|raw|whyismynamejeff's rating: 1121 &rarr; <strong>1141<\/strong><br \/>(+20 for winning)\n|raw|aellaivio's rating: 1048 &rarr; <strong>1034<\/strong><br \/>(-14 for losing)\n|l|\u2606aellaivio\n","uploadtime":1700942518,"views":11,"p1id":"whyismynamejeff","p2id":"aellaivio","formatid":"gen9vgc2023regulatione","rating":1034,"private":0,"password":""}