{"id":"gen9vgc2023regulatione-1995838748","p1":"pixirin\u2665","p2":"wizmoonard","format":"[Gen 9] VGC 2023 Regulation E","log":"|j|\u2606pixirin\u2665\n|j|\u2606wizmoonard\n|t:|1700608274\n|gametype|doubles\n|player|p1|pixirin\u2665|pokemonbreederf-gen4|1098\n|player|p2|wizmoonard|265|1000\n|teamsize|p1|6\n|teamsize|p2|6\n|gen|9\n|tier|[Gen 9] VGC 2023 Regulation E\n|rated|\n|rule|Species Clause: Limit one of each Pok\u00e9mon\n|rule|Item Clause: Limit one of each item\n|clearpoke\n|poke|p1|Iron Hands, L50|\n|poke|p1|Ogerpon-Wellspring, L50, F|\n|poke|p1|Arcanine-Hisui, L50, M|\n|poke|p1|Chi-Yu, L50|\n|poke|p1|Flutter Mane, L50|\n|poke|p1|Iron Bundle, L50|\n|poke|p2|Roaring Moon, L50|\n|poke|p2|Weezing, L50, F|\n|poke|p2|Flutter Mane, L50|\n|poke|p2|Iron Hands, L50|\n|poke|p2|Landorus-Therian, L50, M|\n|poke|p2|Ogerpon-Hearthflame, L50, F|\n|teampreview|4\n|inactive|Battle timer is ON: inactive players will automatically lose when time's up. (requested by wizmoonard)\npixirin\u2665 has agreed to open team sheets.\n|inactive|pixirin\u2665 has 60 seconds left.\n|inactive|wizmoonard has 60 seconds left.\n|\n|t:|1700608313\n|start\n|switch|p1a: Chi-Yu|Chi-Yu, L50|100\/100\n|switch|p1b: Iron Bundle|Iron Bundle, L50|100\/100\n|switch|p2a: Roaring Moon|Roaring Moon, L50|100\/100\n|switch|p2b: Iron Hands|Iron Hands, L50|100\/100\n|-ability|p1a: Chi-Yu|Beads of Ruin\n|-enditem|p2a: Roaring Moon|Booster Energy\n|-activate|p2a: Roaring Moon|ability: Protosynthesis|[fromitem]\n|-start|p2a: Roaring Moon|protosynthesisspe\n|turn|1\n|inactive|pixirin\u2665 has 30 seconds left.\n|\n|t:|1700608339\n|move|p1b: Iron Bundle|Protect|p1b: Iron Bundle\n|-singleturn|p1b: Iron Bundle|Protect\n|move|p2b: Iron Hands|Fake Out|p1b: Iron Bundle\n|-activate|p1b: Iron Bundle|move: Protect\n|move|p2a: Roaring Moon|Tailwind|p2a: Roaring Moon\n|-sidestart|p2: wizmoonard|move: Tailwind\n|move|p1a: Chi-Yu|Heat Wave|p2b: Iron Hands|[spread] p2a,p2b\n|-resisted|p2a: Roaring Moon\n|-damage|p2a: Roaring Moon|75\/100\n|-damage|p2b: Iron Hands|72\/100\n|\n|upkeep\n|turn|2\n|inactive|pixirin\u2665 has 30 seconds left.\n|\n|t:|1700608368\n|move|p2a: Roaring Moon|Knock Off|p1b: Iron Bundle\n|-damage|p1b: Iron Bundle|39\/100\n|-enditem|p1b: Iron Bundle|Focus Sash|[from] move: Knock Off|[of] p2a: Roaring Moon\n|move|p1b: Iron Bundle|Encore|p2b: Iron Hands\n|-start|p2b: Iron Hands|Encore\n|move|p2b: Iron Hands|Fake Out||[still]\n|-hint|Fake Out only works on your first turn out.\n|-fail|p2b: Iron Hands\n|move|p1a: Chi-Yu|Nasty Plot|p1a: Chi-Yu\n|-boost|p1a: Chi-Yu|spa|2\n|\n|upkeep\n|turn|3\n|\n|t:|1700608388\n|-end|p2b: Iron Hands|Quark Drive|[silent]\n|switch|p2b: Ogerpon|Ogerpon-Hearthflame, L50, F|100\/100\n|-ability|p2b: Ogerpon|Mold Breaker\n|-terastallize|p2a: Roaring Moon|Flying\n|move|p2a: Roaring Moon|Acrobatics|p1a: Chi-Yu\n|-damage|p1a: Chi-Yu|3\/100\n|move|p1b: Iron Bundle|Freeze-Dry|p2a: Roaring Moon\n|-supereffective|p2a: Roaring Moon\n|-damage|p2a: Roaring Moon|0 fnt\n|faint|p2a: Roaring Moon\n|-end|p2a: Roaring Moon|Protosynthesis|[silent]\n|move|p1a: Chi-Yu|Heat Wave|p2b: Ogerpon\n|-damage|p2b: Ogerpon|0 fnt\n|faint|p2b: Ogerpon\n|\n|upkeep\n|-message|wizmoonard forfeited.\n|\n|win|pixirin\u2665\n|raw|pixirin\u2665's rating: 1098 &rarr; <strong>1116<\/strong><br \/>(+18 for winning)\n|raw|wizmoonard's rating: 1000 &rarr; <strong>1000<\/strong><br \/>(+0 for losing)\n|l|\u2606wizmoonard\n","uploadtime":1700608404,"views":5,"p1id":"pixirin","p2id":"wizmoonard","formatid":"gen9vgc2023regulatione","rating":1000,"private":0,"password":""}