{"id":"gen9vgc2023regulatione-2000007890","p1":"HeffNastyy","p2":"Assasinderella","format":"[Gen 9] VGC 2023 Regulation E","log":"|j|\u2606HeffNastyy\n|j|\u2606Assasinderella\n|t:|1701140507\n|gametype|doubles\n|player|p1|HeffNastyy|lance|1526\n|player|p2|Assasinderella|1|1598\n|teamsize|p1|6\n|teamsize|p2|6\n|gen|9\n|tier|[Gen 9] VGC 2023 Regulation E\n|rated|\n|rule|Species Clause: Limit one of each Pok\u00e9mon\n|rule|Item Clause: Limit one of each item\n|clearpoke\n|poke|p1|Tornadus, L50, M|\n|poke|p1|Arcanine-Hisui, L50, M|\n|poke|p1|Gholdengo, L50|\n|poke|p1|Urshifu-*, L50, F|\n|poke|p1|Rillaboom, L50, M|\n|poke|p1|Zapdos, L50|\n|poke|p2|Dragonite, L50, F|\n|poke|p2|Chien-Pao, L50|\n|poke|p2|Scizor, L50, M|\n|poke|p2|Talonflame, L50, M|\n|poke|p2|Thundurus, L50, M|\n|poke|p2|Urshifu-*, L50, F|\n|teampreview|4\nHeffNastyy has agreed to open team sheets.\n|inactive|Battle timer is ON: inactive players will automatically lose when time's up. (requested by Assasinderella)\n|\n|t:|1701140561\n|start\n|switch|p1a: Tornadus|Tornadus, L50, M|100\/100\n|switch|p1b: Arcanine|Arcanine-Hisui, L50, M|100\/100\n|switch|p2a: Talonflame|Talonflame, L50, M|100\/100\n|switch|p2b: Urshifu|Urshifu-Rapid-Strike, L50, F|100\/100\n|-ability|p1b: Arcanine|Intimidate|boost\n|-unboost|p2a: Talonflame|atk|1\n|-unboost|p2b: Urshifu|atk|1\n|turn|1\n|inactive|HeffNastyy has 30 seconds left.\n|\n|t:|1701140590\n|-terastallize|p1b: Arcanine|Fairy\n|-terastallize|p2b: Urshifu|Water\n|move|p2a: Talonflame|Tailwind|p2a: Talonflame\n|-sidestart|p2: Assasinderella|move: Tailwind\n|move|p1a: Tornadus|Tailwind|p1a: Tornadus\n|-sidestart|p1: HeffNastyy|move: Tailwind\n|move|p1b: Arcanine|Rock Slide|p2a: Talonflame|[spread] p2a,p2b\n|-supereffective|p2a: Talonflame\n|-damage|p2a: Talonflame|0 fnt\n|-damage|p2b: Urshifu|56\/100\n|faint|p2a: Talonflame\n|cant|p2b: Urshifu|flinch\n|\n|upkeep\n|\n|t:|1701140612\n|switch|p2a: Chien-Pao|Chien-Pao, L50|100\/100\n|-ability|p2a: Chien-Pao|Sword of Ruin\n|turn|2\n|\n|t:|1701140620\n|move|p2a: Chien-Pao|Ice Spinner|p1a: Tornadus\n|-supereffective|p1a: Tornadus\n|-damage|p1a: Tornadus|0 fnt\n|faint|p1a: Tornadus\n|move|p1b: Arcanine|Rock Slide|p2b: Urshifu|[spread] p2b\n|-miss|p1b: Arcanine|p2a: Chien-Pao\n|-damage|p2b: Urshifu|0 fnt\n|faint|p2b: Urshifu\n|\n|upkeep\n|\n|t:|1701140632\n|switch|p2b: Dragonite|Dragonite, L50, F|100\/100\n|switch|p1a: Urshifu|Urshifu-Rapid-Strike, L50, F|100\/100\n|turn|3\n|j| Captain Hegemon\n|inactive|Assasinderella has 30 seconds left.\n|inactive|Assasinderella has 20 seconds left.\n|inactive|Assasinderella has 15 seconds left.\n|\n|t:|1701140673\n|move|p1a: Urshifu|Surging Strikes|p2a: Chien-Pao\n|-crit|p2a: Chien-Pao\n|-damage|p2a: Chien-Pao|68\/100\n|-crit|p2a: Chien-Pao\n|-damage|p2a: Chien-Pao|37\/100\n|-crit|p2a: Chien-Pao\n|-damage|p2a: Chien-Pao|4\/100\n|-hitcount|p2a: Chien-Pao|3\n|move|p2a: Chien-Pao|Ice Spinner|p1b: Arcanine\n|-crit|p1b: Arcanine\n|-damage|p1b: Arcanine|0 fnt\n|faint|p1b: Arcanine\n|move|p2b: Dragonite|Outrage|p1a: Urshifu\n|-damage|p1a: Urshifu|0 fnt\n|faint|p1a: Urshifu\n|\n|upkeep\n|\n|t:|1701140687\n|switch|p1b: Zapdos|Zapdos, L50|100\/100\n|turn|4\n|\n|t:|1701140695\n|move|p2a: Chien-Pao|Ice Spinner|p1b: Zapdos\n|-supereffective|p1b: Zapdos\n|-damage|p1b: Zapdos|0 fnt\n|-status|p2a: Chien-Pao|par|[from] ability: Static|[of] p1b: Zapdos\n|faint|p1b: Zapdos\n|\n|win|Assasinderella\n|raw|HeffNastyy's rating: 1526 &rarr; <strong>1510<\/strong><br \/>(-16 for losing)\n|raw|Assasinderella's rating: 1598 &rarr; <strong>1614<\/strong><br \/>(+16 for winning)\n","uploadtime":1701140707,"views":3,"p1id":"heffnastyy","p2id":"assasinderella","formatid":"gen9vgc2023regulatione","rating":1510,"private":0,"password":""}