{"id":"gen9vgc2023regulatione-1995949184","p1":"hash brown enjoyer","p2":"cjl78","format":"[Gen 9] VGC 2023 Regulation E","log":"|j|\u2606hash brown enjoyer\n|j|\u2606cjl78\n|t:|1700620927\n|gametype|doubles\n|player|p1|hash brown enjoyer|ingo|\n|player|p2|cjl78|170|\n|teamsize|p1|6\n|teamsize|p2|6\n|gen|9\n|tier|[Gen 9] VGC 2023 Regulation E\n|rule|Species Clause: Limit one of each Pok\u00e9mon\n|rule|Item Clause: Limit one of each item\n|clearpoke\n|poke|p1|Tornadus, L50, M|\n|poke|p1|Urshifu-*, L50, M|\n|poke|p1|Flutter Mane, L50|\n|poke|p1|Chi-Yu, L50|\n|poke|p1|Brambleghast, L50, F|\n|poke|p1|Gholdengo, L50|\n|poke|p2|Amoonguss, L50, F|\n|poke|p2|Iron Hands, L50|\n|poke|p2|Arcanine-Hisui, L50, F|\n|poke|p2|Roaring Moon, L50|\n|poke|p2|Urshifu-*, L50, M|\n|poke|p2|Gholdengo, L50|\n|teampreview|4\ncjl78 has agreed to open team sheets.\n|j| muzikal\n|c|\u2606cjl78|OTS?\nhash brown enjoyer has agreed to open team sheets.\n|showteam|p1|Tornadus||CovertCloak|Prankster|BleakwindStorm,Tailwind,ScaryFace,Taunt|||M|||50|,,,,,Steel]Urshifu-Rapid-Strike||MysticWater|UnseenFist|SurgingStrikes,CloseCombat,AquaJet,Detect|||M|||50|,,,,,Water]Flutter Mane||BoosterEnergy|Protosynthesis|DazzlingGleam,ShadowBall,Moonblast,Protect||||||50|,,,,,Fairy]Chi-Yu||LifeOrb|BeadsofRuin|HeatWave,DarkPulse,Overheat,Protect||||||50|,,,,,Ghost]Brambleghast||FocusSash|WindRider|Poltergeist,PowerWhip,ShadowSneak,StrengthSap|||F|||50|,,,,,Ghost]Gholdengo||ChoiceSpecs|GoodasGold|MakeItRain,ShadowBall,Thunderbolt,SteelBeam||||||50|,,,,,Steel\n|showteam|p2|Amoonguss||SitrusBerry|Regenerator|Spore,RagePowder,PollenPuff,Protect|||F|||50|,,,,,Water]Iron Hands||AssaultVest|QuarkDrive|FakeOut,WildCharge,DrainPunch,HeavySlam||||||50|,,,,,Water]Arcanine-Hisui||ChoiceBand|Intimidate|FlareBlitz,RockSlide,ExtremeSpeed,TeraBlast|||F|||50|,,,,,Fairy]Roaring Moon||BoosterEnergy|Protosynthesis|Acrobatics,KnockOff,Tailwind,Protect||||||50|,,,,,Flying]Urshifu-Rapid-Strike||MysticWater|UnseenFist|SurgingStrikes,AquaJet,Protect,CloseCombat|||M|||50|,,,,,Water]Gholdengo||Leftovers|GoodasGold|MakeItRain,ShadowBall,NastyPlot,Protect||||||50|,,,,,Dragon\n|c|\u2606hash brown enjoyer|my b\n|c|\u2606hash brown enjoyer|glhf\n|c|\u2606cjl78|no worries. glhf\n|\n|t:|1700621016\n|start\n|switch|p1a: Tornadus|Tornadus, L50, M|100\/100\n|switch|p1b: Flutter Mane|Flutter Mane, L50|100\/100\n|switch|p2a: Iron Hands|Iron Hands, L50|100\/100\n|switch|p2b: Roaring Moon|Roaring Moon, L50|100\/100\n|-enditem|p2b: Roaring Moon|Booster Energy\n|-activate|p2b: Roaring Moon|ability: Protosynthesis|[fromitem]\n|-start|p2b: Roaring Moon|protosynthesisspe\n|-enditem|p1b: Flutter Mane|Booster Energy\n|-activate|p1b: Flutter Mane|ability: Protosynthesis|[fromitem]\n|-start|p1b: Flutter Mane|protosynthesisspa\n|turn|1\n|j| Bauerdad\n|\n|t:|1700621043\n|-terastallize|p2b: Roaring Moon|Flying\n|move|p1b: Flutter Mane|Protect|p1b: Flutter Mane\n|-singleturn|p1b: Flutter Mane|Protect\n|move|p1a: Tornadus|Taunt|p2b: Roaring Moon\n|-start|p2b: Roaring Moon|move: Taunt\n|move|p2b: Roaring Moon|Acrobatics|p1b: Flutter Mane\n|-activate|p1b: Flutter Mane|move: Protect\n|move|p2a: Iron Hands|Wild Charge|p1a: Tornadus\n|-supereffective|p1a: Tornadus\n|-damage|p1a: Tornadus|0 fnt\n|faint|p1a: Tornadus\n|-damage|p2a: Iron Hands|83\/100|[from] Recoil\n|\n|upkeep\n|\n|t:|1700621066\n|switch|p1a: Brambleghast|Brambleghast, L50, F, shiny|100\/100\n|turn|2\n|\n|t:|1700621079\n|-terastallize|p1b: Flutter Mane|Fairy\n|move|p2b: Roaring Moon|Acrobatics|p1b: Flutter Mane\n|-damage|p1b: Flutter Mane|0 fnt\n|faint|p1b: Flutter Mane\n|-end|p1b: Flutter Mane|Protosynthesis|[silent]\n|move|p1a: Brambleghast|Strength Sap|p2a: Iron Hands\n|-unboost|p2a: Iron Hands|atk|1\n|move|p2a: Iron Hands|Heavy Slam|p1a: Brambleghast\n|-crit|p1a: Brambleghast\n|-enditem|p1a: Brambleghast|Focus Sash\n|-damage|p1a: Brambleghast|1\/100\n|\n|upkeep\n|\n|t:|1700621092\n|switch|p1b: Urshifu|Urshifu-Rapid-Strike, L50, M|100\/100\n|turn|3\n|\n|t:|1700621108\n|move|p1b: Urshifu|Aqua Jet|p2b: Roaring Moon\n|-damage|p2b: Roaring Moon|67\/100\n|move|p1a: Brambleghast|Shadow Sneak|p2b: Roaring Moon\n|-damage|p2b: Roaring Moon|42\/100\n|move|p2b: Roaring Moon|Acrobatics|p1a: Brambleghast\n|-supereffective|p1a: Brambleghast\n|-damage|p1a: Brambleghast|0 fnt\n|faint|p1a: Brambleghast\n|move|p2a: Iron Hands|Wild Charge|p1b: Urshifu\n|-supereffective|p1b: Urshifu\n|-damage|p1b: Urshifu|22\/100\n|-damage|p2a: Iron Hands|68\/100|[from] Recoil\n|\n|-end|p2b: Roaring Moon|move: Taunt\n|upkeep\n|turn|4\n|c|\u2606hash brown enjoyer|ggwp\n|\n|t:|1700621118\n|move|p2b: Roaring Moon|Acrobatics|p1b: Urshifu\n|-supereffective|p1b: Urshifu\n|-damage|p1b: Urshifu|0 fnt\n|faint|p1b: Urshifu\n|\n|win|cjl78\n|c|\u2606cjl78|ggs you too\n|l| muzikal\n|l|\u2606cjl78\n","uploadtime":1700622096,"views":6,"p1id":"hashbrownenjoyer","p2id":"cjl78","formatid":"gen9vgc2023regulatione","rating":0,"private":0,"password":""}