{"id":"gen9vgc2023regulatione-1999382096","p1":"Nobodi_Nowan","p2":"slimejrlegit","format":"[Gen 9] VGC 2023 Regulation E","log":"|j|\u2606Nobodi_Nowan\n|j|\u2606slimejrlegit\n|t:|1701070772\n|gametype|doubles\n|player|p1|Nobodi_Nowan|akari|1437\n|player|p2|slimejrlegit|169|1511\n|teamsize|p1|6\n|teamsize|p2|6\n|gen|9\n|tier|[Gen 9] VGC 2023 Regulation E\n|rated|\n|rule|Species Clause: Limit one of each Pok\u00e9mon\n|rule|Item Clause: Limit one of each item\n|clearpoke\n|poke|p1|Sinistcha, L50|\n|poke|p1|Flutter Mane, L50|\n|poke|p1|Iron Hands, L50|\n|poke|p1|Urshifu-*, L50, M|\n|poke|p1|Ursaluna, L50, M|\n|poke|p1|Tornadus, L50, M|\n|poke|p2|Armarouge, L50, F|\n|poke|p2|Milotic, L50, F|\n|poke|p2|Regieleki, L50|\n|poke|p2|Enamorus, L50, F|\n|poke|p2|Sneasler, L50, F|\n|poke|p2|Indeedee-F, L50, F|\n|teampreview|4\n|inactive|Battle timer is ON: inactive players will automatically lose when time's up. (requested by Nobodi_Nowan)\n|inactive|slimejrlegit has 60 seconds left.\n|\n|t:|1701070819\n|start\n|switch|p1a: Flutter Mane|Flutter Mane, L50|100\/100\n|switch|p1b: Iron Hands|Iron Hands, L50|100\/100\n|switch|p2a: Armarouge|Armarouge, L50, F|100\/100\n|switch|p2b: Indeedee|Indeedee-F, L50, F|100\/100\n|-fieldstart|move: Psychic Terrain|[from] ability: Psychic Surge|[of] p2b: Indeedee\n|turn|1\n|inactive|slimejrlegit has 30 seconds left.\n|\n|t:|1701070850\n|-terastallize|p2a: Armarouge|Psychic\n|move|p2b: Indeedee|Follow Me|p2b: Indeedee\n|-singleturn|p2b: Indeedee|move: Follow Me\n|move|p2a: Armarouge|Expanding Force|p1a: Flutter Mane|[spread] p1a,p1b\n|-crit|p1a: Flutter Mane\n|-supereffective|p1b: Iron Hands\n|-enditem|p1a: Flutter Mane|Focus Sash\n|-damage|p1a: Flutter Mane|1\/100\n|-damage|p1b: Iron Hands|0 fnt\n|faint|p1b: Iron Hands\n|-end|p1b: Iron Hands|Quark Drive|[silent]\n|-damage|p2a: Armarouge|91\/100|[from] item: Life Orb\n|move|p1a: Flutter Mane|Trick Room|p1a: Flutter Mane\n|-fieldstart|move: Trick Room|[of] p1a: Flutter Mane\n|\n|upkeep\n|\n|t:|1701070860\n|switch|p1b: Ursaluna|Ursaluna, L50, M|100\/100\n|turn|2\n|\n|t:|1701070884\n|move|p2b: Indeedee|Follow Me|p2b: Indeedee\n|-singleturn|p2b: Indeedee|move: Follow Me\n|move|p1b: Ursaluna|Swords Dance|p1b: Ursaluna\n|-boost|p1b: Ursaluna|atk|2\n|move|p2a: Armarouge|Expanding Force|p1b: Ursaluna|[spread] p1a,p1b\n|-damage|p1a: Flutter Mane|0 fnt\n|-damage|p1b: Ursaluna|0 fnt\n|faint|p1a: Flutter Mane\n|-end|p1a: Flutter Mane|Protosynthesis|[silent]\n|faint|p1b: Ursaluna\n|-damage|p2a: Armarouge|81\/100|[from] item: Life Orb\n|\n|upkeep\n|-message|Nobodi_Nowan forfeited.\n|\n|win|slimejrlegit\n|raw|Nobodi_Nowan's rating: 1437 &rarr; <strong>1421<\/strong><br \/>(-16 for losing)\n|raw|slimejrlegit's rating: 1511 &rarr; <strong>1527<\/strong><br \/>(+16 for winning)\n|l|\u2606Nobodi_Nowan\n","uploadtime":1701071230,"views":1,"p1id":"nobodinowan","p2id":"slimejrlegit","formatid":"gen9vgc2023regulatione","rating":1421,"private":0,"password":""}