{"id":"gen9vgc2023regulatione-1998128926","p1":"luis.hrivera","p2":"Spicy Cigar","format":"[Gen 9] VGC 2023 Regulation E","log":"|j|\u2606luis.hrivera\n|j|\u2606Spicy Cigar\n|t:|1700896663\n|gametype|doubles\n|player|p1|luis.hrivera|169|1334\n|player|p2|Spicy Cigar|skier|1458\n|teamsize|p1|6\n|teamsize|p2|6\n|gen|9\n|tier|[Gen 9] VGC 2023 Regulation E\n|rated|\n|rule|Species Clause: Limit one of each Pok\u00e9mon\n|rule|Item Clause: Limit one of each item\n|clearpoke\n|poke|p1|Urshifu-*, L50, M|\n|poke|p1|Clefable, L50, F|\n|poke|p1|Talonflame, L50, F|\n|poke|p1|Cresselia, L50, F|\n|poke|p1|Iron Hands, L50|\n|poke|p1|Flutter Mane, L50|\n|poke|p2|Zapdos-Galar, L50|\n|poke|p2|Chien-Pao, L50|\n|poke|p2|Farigiraf, L50, F|\n|poke|p2|Heatran, L50, F|\n|poke|p2|Rillaboom, L50, F|\n|poke|p2|Dragapult, L50, F|\n|teampreview|4\n|\n|t:|1700896680\n|start\n|switch|p1a: Iron Hands|Iron Hands, L50|100\/100\n|switch|p1b: Urshifu|Urshifu-Rapid-Strike, L50, M|100\/100\n|switch|p2a: Farigiraf|Farigiraf, L50, F|100\/100\n|switch|p2b: Rillaboom|Rillaboom, L50, F|100\/100\n|-fieldstart|move: Grassy Terrain|[from] ability: Grassy Surge|[of] p2b: Rillaboom\n|turn|1\n|inactive|Battle timer is ON: inactive players will automatically lose when time's up. (requested by Spicy Cigar)\n|\n|t:|1700896695\n|-terastallize|p2b: Rillaboom|Grass\n|-terastallize|p1a: Iron Hands|Ghost\n|move|p2a: Farigiraf|Helping Hand|p2b: Rillaboom\n|-singleturn|p2b: Rillaboom|Helping Hand|[of] p2a: Farigiraf\n|move|p2b: Rillaboom|Grassy Glide|p1b: Urshifu\n|-supereffective|p1b: Urshifu\n|-damage|p1b: Urshifu|0 fnt\n|faint|p1b: Urshifu\n|move|p1a: Iron Hands|Belly Drum|p1a: Iron Hands\n|-damage|p1a: Iron Hands|51\/100\n|-setboost|p1a: Iron Hands|atk|6|[from] move: Belly Drum\n|\n|-heal|p1a: Iron Hands|57\/100|[from] Grassy Terrain\n|upkeep\n|\n|t:|1700896710\n|switch|p1b: Cresselia|Cresselia, L50, F, shiny|100\/100\n|turn|2\n|\n|t:|1700896733\n|move|p2b: Rillaboom|Wood Hammer|p1a: Iron Hands\n|-damage|p1a: Iron Hands|0 fnt\n|faint|p1a: Iron Hands\n|-end|p1a: Iron Hands|Quark Drive|[silent]\n|-damage|p2b: Rillaboom|78\/100|[from] Recoil\n|move|p2a: Farigiraf|Trick Room|p2a: Farigiraf\n|-fieldstart|move: Trick Room|[of] p2a: Farigiraf\n|move|p1b: Cresselia|Trick Room|p1b: Cresselia\n|-fieldend|move: Trick Room\n|\n|-heal|p2b: Rillaboom|84\/100|[from] Grassy Terrain\n|upkeep\n|-message|luis.hrivera forfeited.\n|\n|win|Spicy Cigar\n|raw|luis.hrivera's rating: 1334 &rarr; <strong>1321<\/strong><br \/>(-13 for losing)\n|raw|Spicy Cigar's rating: 1458 &rarr; <strong>1471<\/strong><br \/>(+13 for winning)\n|l|\u2606luis.hrivera\n","uploadtime":1700896744,"views":28,"p1id":"luishrivera","p2id":"spicycigar","formatid":"gen9vgc2023regulatione","rating":1321,"private":0,"password":""}