{"id":"gen9vgc2023regulatione-1989282494","p1":"Its TunaF1sh0","p2":"J4ce","format":"[Gen 9] VGC 2023 Regulation E","log":"|j|\u2606Its TunaF1sh0\n|j|\u2606J4ce\n|t:|1699831580\n|gametype|doubles\n|player|p1|Its TunaF1sh0|1|1034\n|player|p2|J4ce|sordward|1062\n|teamsize|p1|6\n|teamsize|p2|4\n|gen|9\n|tier|[Gen 9] VGC 2023 Regulation E\n|rated|\n|rule|Species Clause: Limit one of each Pok\u00e9mon\n|rule|Item Clause: Limit one of each item\n|clearpoke\n|poke|p1|Sableye, L50, F|\n|poke|p1|Dugtrio, L50, M|\n|poke|p1|Gothitelle, L50, M|\n|poke|p1|Ceruledge, L50, F|\n|poke|p1|Iron Valiant, L50|\n|poke|p1|Baxcalibur, L50, F|\n|poke|p2|Weezing-Galar, L50, F|\n|poke|p2|Delphox, L50, F|\n|poke|p2|Roaring Moon, L50|\n|poke|p2|Iron Hands, L50|\n|teampreview|4\n|inactive|Battle timer is ON: inactive players will automatically lose when time's up. (requested by Its TunaF1sh0)\n|\n|t:|1699831594\n|start\n|switch|p1a: Sableye|Sableye, L50, F|100\/100\n|switch|p1b: Dugtrio|Dugtrio, L50, M|100\/100\n|switch|p2a: Weezing|Weezing-Galar, L50, F|100\/100\n|switch|p2b: Delphox|Delphox, L50, F|100\/100\n|-fieldstart|move: Misty Terrain|[from] ability: Misty Surge|[of] p2a: Weezing\n|-enditem|p2b: Delphox|Misty Seed\n|-boost|p2b: Delphox|spd|1|[from] item: Misty Seed\n|turn|1\n|\n|t:|1699831610\n|-terastallize|p2b: Delphox|Ghost\n|move|p1a: Sableye|Detect|p1a: Sableye\n|-singleturn|p1a: Sableye|Protect\n|move|p1b: Dugtrio|Protect|p1b: Dugtrio\n|-singleturn|p1b: Dugtrio|Protect\n|move|p2b: Delphox|Heat Wave|p1a: Sableye|[spread] \n|-activate|p1a: Sableye|move: Protect\n|-activate|p1b: Dugtrio|move: Protect\n|move|p2a: Weezing|Strange Steam|p1a: Sableye\n|-activate|p1a: Sableye|move: Protect\n|\n|upkeep\n|turn|2\n|\n|t:|1699831626\n|move|p1a: Sableye|Disable|p2a: Weezing\n|-start|p2a: Weezing|Disable|Strange Steam\n|move|p1b: Dugtrio|Rock Slide|p2b: Delphox|[spread] p2a,p2b\n|-damage|p2a: Weezing|87\/100\n|-damage|p2b: Delphox|74\/100\n|cant|p2b: Delphox|flinch\n|cant|p2a: Weezing|flinch\n|\n|upkeep\n|turn|3\n|\n|t:|1699831646\n|move|p1a: Sableye|Encore|p2a: Weezing\n|-start|p2a: Weezing|Encore\n|move|p1b: Dugtrio|Rock Slide|p2a: Weezing|[spread] p2b\n|-miss|p1b: Dugtrio|p2a: Weezing\n|-damage|p2b: Delphox|51\/100\n|move|p2b: Delphox|Heat Wave|p1b: Dugtrio|[spread] p1a,p1b\n|-damage|p1a: Sableye|43\/100\n|-damage|p1b: Dugtrio|34\/100\n|-enditem|p1a: Sableye|Sitrus Berry|[eat]\n|-heal|p1a: Sableye|68\/100|[from] item: Sitrus Berry\n|-item|p2b: Delphox|Focus Sash|[from] ability: Magician|[of] p1b: Dugtrio\n|cant|p2a: Weezing|Disable|Strange Steam\n|\n|upkeep\n|turn|4\n|-message|J4ce forfeited.\n|\n|win|Its TunaF1sh0\n|raw|Its TunaF1sh0's rating: 1034 &rarr; <strong>1072<\/strong><br \/>(+38 for winning)\n|raw|J4ce's rating: 1062 &rarr; <strong>1041<\/strong><br \/>(-21 for losing)\n|l|\u2606J4ce\n|l|\u2606Its TunaF1sh0\n|j|\u2606J4ce\n|player|p2|J4ce|sordward\n","uploadtime":1699831670,"views":14,"p1id":"itstunaf1sh0","p2id":"j4ce","formatid":"gen9vgc2023regulatione","rating":1041,"private":0,"password":""}