{"id":"gen9vgc2023regulatione-2000635194","p1":"fortnitecheese79","p2":"hope_it_wrks","format":"[Gen 9] VGC 2023 Regulation E","log":"|j|\u2606fortnitecheese79\n|j|\u2606hope_it_wrks\n|t:|1701212887\n|gametype|doubles\n|player|p1|fortnitecheese79|ghetsis|1387\n|player|p2|hope_it_wrks|n|1332\n|teamsize|p1|6\n|teamsize|p2|6\n|gen|9\n|tier|[Gen 9] VGC 2023 Regulation E\n|rated|\n|rule|Species Clause: Limit one of each Pok\u00e9mon\n|rule|Item Clause: Limit one of each item\n|clearpoke\n|poke|p1|Regidrago, L50|\n|poke|p1|Farigiraf, L50, F|\n|poke|p1|Tornadus, L50, M|\n|poke|p1|Flutter Mane, L50|\n|poke|p1|Iron Hands, L50|\n|poke|p1|Rillaboom, L50, M|\n|poke|p2|Amoonguss, L50, M|\n|poke|p2|Tornadus, L50, M|\n|poke|p2|Iron Hands, L50|\n|poke|p2|Arcanine-Hisui, L50, M|\n|poke|p2|Gholdengo, L50|\n|poke|p2|Urshifu-*, L50, F|\n|teampreview|4\n|\n|t:|1701212926\n|start\n|switch|p1a: Tornadus|Tornadus, L50, M|100\/100\n|switch|p1b: Rillaboom|Rillaboom, L50, M|100\/100\n|switch|p2a: Tornadus|Tornadus, L50, M|100\/100\n|switch|p2b: Arcanine|Arcanine-Hisui, L50, M|100\/100\n|-ability|p2b: Arcanine|Intimidate|boost\n|-unboost|p1a: Tornadus|atk|1\n|-unboost|p1b: Rillaboom|atk|1\n|-fieldstart|move: Grassy Terrain|[from] ability: Grassy Surge|[of] p1b: Rillaboom\n|turn|1\n|\n|t:|1701212942\n|move|p1b: Rillaboom|Fake Out|p2b: Arcanine\n|-resisted|p2b: Arcanine\n|-crit|p2b: Arcanine\n|-damage|p2b: Arcanine|89\/100\n|move|p2a: Tornadus|Tailwind|p2a: Tornadus\n|-sidestart|p2: hope_it_wrks|move: Tailwind\n|cant|p2b: Arcanine|flinch\n|move|p1a: Tornadus|Bleakwind Storm|p2a: Tornadus|[spread] p2a,p2b\n|-resisted|p2b: Arcanine\n|-damage|p2a: Tornadus|69\/100\n|-damage|p2b: Arcanine|66\/100\n|\n|-heal|p2b: Arcanine|72\/100|[from] Grassy Terrain\n|upkeep\n|turn|2\n|\n|t:|1701212961\n|-terastallize|p1b: Rillaboom|Ground\n|move|p1a: Tornadus|Tailwind|p1a: Tornadus\n|-sidestart|p1: fortnitecheese79|move: Tailwind\n|move|p2a: Tornadus|Bleakwind Storm|p1a: Tornadus|[spread] p1a,p1b\n|-crit|p1a: Tornadus\n|-damage|p1a: Tornadus|30\/100\n|-damage|p1b: Rillaboom|68\/100\n|move|p2b: Arcanine|Rock Slide|p1b: Rillaboom|[spread] p1b\n|-miss|p2b: Arcanine|p1a: Tornadus\n|-resisted|p1b: Rillaboom\n|-damage|p1b: Rillaboom|49\/100\n|-enditem|p1b: Rillaboom|Sitrus Berry|[eat]\n|-heal|p1b: Rillaboom|74\/100|[from] item: Sitrus Berry\n|cant|p1b: Rillaboom|flinch\n|\n|-heal|p2b: Arcanine|78\/100|[from] Grassy Terrain\n|-heal|p1b: Rillaboom|80\/100|[from] Grassy Terrain\n|upkeep\n|turn|3\n|c|\u2606fortnitecheese79|dude\n|n|!fortnitecheese79|fortnitecheese79\n|-message|fortnitecheese79 forfeited.\n|\n|win|hope_it_wrks\n|raw|fortnitecheese79's rating: 1387 &rarr; <strong>1364<\/strong><br \/>(-23 for losing)\n|raw|hope_it_wrks's rating: 1332 &rarr; <strong>1355<\/strong><br \/>(+23 for winning)\n|l|!fortnitecheese79\n","uploadtime":1701212974,"views":10,"p1id":"fortnitecheese79","p2id":"hopeitwrks","formatid":"gen9vgc2023regulatione","rating":1355,"private":0,"password":""}