{"id":"gen9vgc2023regulatione-1989299602","p1":"LavaDieDry","p2":"ThetaB","format":"[Gen 9] VGC 2023 Regulation E","log":"|j|\u2606LavaDieDry\n|j|\u2606ThetaB\n|n|\u2606LavaDieDry|lavadiedry\n|n|\u2606ThetaB|thetab\n|html|View the match progress at <a href=\"\/game-bestof3-gen9vgc2023regulatione-1989299601\">game-bestof3-gen9vgc2023regulatione-1989299601<\/a>\n|t:|1699833566\n|gametype|doubles\n|player|p1|LavaDieDry|colress-gen7|\n|player|p2|ThetaB|palmer|\n|teamsize|p1|6\n|teamsize|p2|6\n|gen|9\n|tier|[Gen 9] VGC 2023 Regulation E\n|rule|Species Clause: Limit one of each Pok\u00e9mon\n|rule|Item Clause: Limit one of each item\n|clearpoke\n|poke|p1|Tornadus, L50, M|\n|poke|p1|Flutter Mane, L50|\n|poke|p1|Urshifu-*, L50, F|\n|poke|p1|Ogerpon-Wellspring, L50, F|\n|poke|p1|Heatran, L50, M|\n|poke|p1|Farigiraf, L50, F|\n|poke|p2|Flutter Mane, L50|\n|poke|p2|Ogerpon-Wellspring, L50, F|\n|poke|p2|Iron Hands, L50|\n|poke|p2|Kingambit, L50, F|\n|poke|p2|Clefairy, L50, M|\n|poke|p2|Landorus-Therian, L50, M|\n|teampreview|4\nThetaB has agreed to open team sheets.\n|c|\u2606ThetaB|game 1\n|c|\u2606LavaDieDry|g1\nLavaDieDry has agreed to open team sheets.\n|showteam|p1|Tornadus||CovertCloak|Prankster|BleakwindStorm,IcyWind,Taunt,Tailwind|||M|||50|,,,,,Steel]Flutter Mane||BoosterEnergy|Protosynthesis|Moonblast,DazzlingGleam,ShadowBall,Protect||||||50|,,,,,Fairy]Urshifu||LifeOrb|UnseenFist|WickedBlow,SuckerPunch,CloseCombat,Detect|||F|||50|,,,,,Poison]Ogerpon-Wellspring||WellspringMask|WaterAbsorb|IvyCudgel,HornLeech,FollowMe,SpikyShield|||F|||50|,,,,,Water]Heatran||Leftovers|FlashFire|Flamethrower,EarthPower,FlashCannon,Protect|||M|||50|,,,,,Grass]Farigiraf||SitrusBerry|ArmorTail|Psyshock,DazzlingGleam,HelpingHand,TrickRoom|||F|||50|,,,,,Fairy\n|showteam|p2|Flutter Mane||ChoiceSpecs|Protosynthesis|Moonblast,DazzlingGleam,ShadowBall,PerishSong||||||50|,,,,,Fairy]Ogerpon-Wellspring||WellspringMask|WaterAbsorb|IvyCudgel,HornLeech,FollowMe,SpikyShield|||F|||50|,,,,,Water]Iron Hands||AssaultVest|QuarkDrive|WildCharge,DrainPunch,HeavySlam,FakeOut||||||50|,,,,,Electric]Kingambit||BlackGlasses|Defiant|KowtowCleave,SuckerPunch,SwordsDance,Protect|||F|||50|,,,,,Dark]Clefairy||Eviolite|FriendGuard|LifeDew,HelpingHand,FollowMe,Protect|||M|||50|,,,,,Grass]Landorus-Therian||ChoiceScarf|Intimidate|StompingTantrum,TeraBlast,RockSlide,Uturn|||M|||50|,,,,,Flying\n|inactive|Battle timer is ON: inactive players will automatically lose when time's up. (requested by LavaDieDry)\n|j| 25 to 6 or 4\n|inactive|LavaDieDry has 60 seconds left.\n|inactive|LavaDieDry has 30 seconds left.\n|j| Byxbyxbian\n|inactive|LavaDieDry has 20 seconds left.\n|inactive|LavaDieDry has 15 seconds left.\n|inactive|LavaDieDry has 10 seconds left.\n|inactive|LavaDieDry has 5 seconds left.\n|\n|t:|1699833716\n|start\n|switch|p1a: Tornadus|Tornadus, L50, M|100\/100\n|switch|p1b: Urshifu|Urshifu, L50, F|100\/100\n|switch|p2a: Kingambit|Kingambit, L50, F|100\/100\n|switch|p2b: Iron Hands|Iron Hands, L50|100\/100\n|turn|1\n|inactive|LavaDieDry has 30 seconds left.\n|\n|t:|1699833749\n|-terastallize|p2a: Kingambit|Dark\n|move|p1b: Urshifu|Detect|p1b: Urshifu\n|-singleturn|p1b: Urshifu|Protect\n|move|p2b: Iron Hands|Fake Out|p1b: Urshifu\n|-activate|p1b: Urshifu|move: Protect\n|move|p1a: Tornadus|Bleakwind Storm|p2a: Kingambit|[spread] p2a\n|-miss|p1a: Tornadus|p2b: Iron Hands\n|-damage|p2a: Kingambit|68\/100\n|move|p2a: Kingambit|Kowtow Cleave|p1a: Tornadus\n|-damage|p1a: Tornadus|4\/100\n|\n|upkeep\n|turn|2\n|inactive|LavaDieDry has 30 seconds left.\n|\n|t:|1699833781\n|switch|p2a: Clefairy|Clefairy, L50, M|100\/100\n|-terastallize|p1b: Urshifu|Poison\n|move|p1a: Tornadus|Tailwind|p1a: Tornadus\n|-sidestart|p1: LavaDieDry|move: Tailwind\n|move|p1b: Urshifu|Close Combat|p2a: Clefairy\n|-resisted|p2a: Clefairy\n|-damage|p2a: Clefairy|65\/100\n|-unboost|p1b: Urshifu|def|1\n|-unboost|p1b: Urshifu|spd|1\n|-damage|p1b: Urshifu|91\/100|[from] item: Life Orb\n|move|p2b: Iron Hands|Drain Punch|p1b: Urshifu\n|-resisted|p1b: Urshifu\n|-crit|p1b: Urshifu\n|-damage|p1b: Urshifu|46\/100\n|\n|upkeep\n|turn|3\n|\n|t:|1699833805\n|switch|p1b: Flutter Mane|Flutter Mane, L50|100\/100\n|-enditem|p1b: Flutter Mane|Booster Energy\n|-activate|p1b: Flutter Mane|ability: Protosynthesis|[fromitem]\n|-start|p1b: Flutter Mane|protosynthesisspa\n|move|p2a: Clefairy|Protect|p2a: Clefairy\n|-singleturn|p2a: Clefairy|Protect\n|move|p1a: Tornadus|Taunt|p2a: Clefairy\n|-activate|p2a: Clefairy|move: Protect\n|move|p2b: Iron Hands|Heavy Slam|p1a: Tornadus\n|-damage|p1a: Tornadus|0 fnt\n|faint|p1a: Tornadus\n|\n|upkeep\n|inactive|LavaDieDry has 30 seconds left.\n|\n|t:|1699833840\n|switch|p1a: Urshifu|Urshifu, L50, F, tera:Poison|46\/100\n|turn|4\n|inactive|LavaDieDry has 30 seconds left.\n|\n|t:|1699833867\n|move|p1b: Flutter Mane|Protect|p1b: Flutter Mane\n|-singleturn|p1b: Flutter Mane|Protect\n|move|p2a: Clefairy|Follow Me|p2a: Clefairy\n|-singleturn|p2a: Clefairy|move: Follow Me\n|move|p1a: Urshifu|Wicked Blow|p2a: Clefairy\n|-resisted|p2a: Clefairy\n|-crit|p2a: Clefairy\n|-damage|p2a: Clefairy|33\/100\n|-damage|p1a: Urshifu|36\/100|[from] item: Life Orb\n|move|p2b: Iron Hands|Wild Charge|p1a: Urshifu\n|-damage|p1a: Urshifu|0 fnt\n|faint|p1a: Urshifu\n|-damage|p2b: Iron Hands|94\/100|[from] Recoil\n|\n|upkeep\n|\n|t:|1699833878\n|switch|p1a: Heatran|Heatran, L50, M|100\/100\n|turn|5\n|\n|t:|1699833893\n|move|p2a: Clefairy|Follow Me|p2a: Clefairy\n|-singleturn|p2a: Clefairy|move: Follow Me\n|move|p1b: Flutter Mane|Moonblast|p2a: Clefairy\n|-damage|p2a: Clefairy|0 fnt\n|faint|p2a: Clefairy\n|move|p1a: Heatran|Earth Power|p2b: Iron Hands\n|-supereffective|p2b: Iron Hands\n|-damage|p2b: Iron Hands|61\/100\n|move|p2b: Iron Hands|Heavy Slam|p1b: Flutter Mane\n|-supereffective|p1b: Flutter Mane\n|-damage|p1b: Flutter Mane|0 fnt\n|faint|p1b: Flutter Mane\n|-end|p1b: Flutter Mane|Protosynthesis|[silent]\n|\n|-sideend|p1: LavaDieDry|move: Tailwind\n|upkeep\n|\n|t:|1699833904\n|switch|p2a: Ogerpon|Ogerpon-Wellspring, L50, F|100\/100\n|turn|6\n|-message|LavaDieDry forfeited.\n|\n|win|ThetaB\n|c|&|\/uhtml prompt-lavadiedry,LavaDieDry is ready for game 2!\n|c|&|\/uhtml prompt-thetab,ThetaB is ready for game 2!\nBoth players are ready! Starting next match!\n|l|\u2606LavaDieDry\n","uploadtime":1699834752,"views":48,"p1id":"lavadiedry","p2id":"thetab","formatid":"gen9vgc2023regulatione","rating":0,"private":0,"password":""}