{"id":"gen9vgc2023regulatione-1993679148","p1":"ChoccyMilkMafia","p2":"Sinfonia Sonia.","format":"[Gen 9] VGC 2023 Regulation E","log":"|j|\u2606ChoccyMilkMafia\n|j|\u2606Sinfonia Sonia.\n|t:|1700344708\n|gametype|doubles\n|player|p1|ChoccyMilkMafia|kieran|1084\n|player|p2|Sinfonia Sonia.|170|1015\n|teamsize|p1|6\n|teamsize|p2|6\n|gen|9\n|tier|[Gen 9] VGC 2023 Regulation E\n|rated|\n|rule|Species Clause: Limit one of each Pok\u00e9mon\n|rule|Item Clause: Limit one of each item\n|clearpoke\n|poke|p1|Chi-Yu, L50|\n|poke|p1|Sinistcha, L50|\n|poke|p1|Murkrow, L50, M|\n|poke|p1|Regieleki, L50|\n|poke|p1|Indeedee-F, L50, F|\n|poke|p1|Crawdaunt, L50, F|\n|poke|p2|Arcanine-Hisui, L50, M|\n|poke|p2|Scream Tail, L50|\n|poke|p2|Roaring Moon, L50|\n|poke|p2|Chesnaught, L50, M|\n|poke|p2|Corviknight, L50, F|\n|poke|p2|Regieleki, L50|\n|teampreview|4\n|\n|t:|1700344743\n|start\n|switch|p1a: RAAAAAAAAAHHHHH|Regieleki, L50|100\/100\n|switch|p1b: large boke|Sinistcha, L50|100\/100\n|switch|p2a: Corviknight|Corviknight, L50, F|100\/100\n|switch|p2b: Scream Tail|Scream Tail, L50|100\/100\n|turn|1\n|\n|t:|1700344759\n|move|p2a: Corviknight|Protect|p2a: Corviknight\n|-singleturn|p2a: Corviknight|Protect\n|move|p1a: RAAAAAAAAAHHHHH|Reflect|p1a: RAAAAAAAAAHHHHH\n|-sidestart|p1: ChoccyMilkMafia|Reflect\n|move|p2b: Scream Tail|Light Screen|p2b: Scream Tail\n|-sidestart|p2: Sinfonia Sonia.|move: Light Screen\n|move|p1b: large boke|Trick Room|p1b: large boke\n|-fieldstart|move: Trick Room|[of] p1b: large boke\n|\n|upkeep\n|turn|2\n|\n|t:|1700344777\n|switch|p2a: Arcanine|Arcanine-Hisui, L50, M|100\/100\n|-ability|p2a: Arcanine|Intimidate|boost\n|-unboost|p1a: RAAAAAAAAAHHHHH|atk|1\n|-unboost|p1b: large boke|atk|1\n|move|p1b: large boke|Matcha Gotcha|p2b: Scream Tail|[spread] p2a,p2b\n|-damage|p2a: Arcanine|89\/100\n|-damage|p2b: Scream Tail|87\/100\n|move|p2b: Scream Tail|Reflect|p2b: Scream Tail\n|-sidestart|p2: Sinfonia Sonia.|Reflect\n|move|p1a: RAAAAAAAAAHHHHH|Volt Switch|p2a: Arcanine\n|-damage|p2a: Arcanine|69\/100\n|\n|t:|1700344799\n|switch|p1a: FISH BLAST|Chi-Yu, L50|100\/100|[from] Volt Switch\n|-ability|p1a: FISH BLAST|Beads of Ruin\n|-enditem|p1a: FISH BLAST|Room Service\n|-unboost|p1a: FISH BLAST|spe|1|[from] item: Room Service\n|\n|upkeep\n|turn|3\n|\n|t:|1700344811\n|-terastallize|p1b: large boke|Water\n|move|p1a: FISH BLAST|Lava Plume|p2b: Scream Tail|[spread] p1b,p2a,p2b\n|-resisted|p1b: large boke\n|-resisted|p2a: Arcanine\n|-crit|p2b: Scream Tail\n|-damage|p1b: large boke|91\/100\n|-damage|p2a: Arcanine|64\/100\n|-damage|p2b: Scream Tail|42\/100\n|-status|p2b: Scream Tail|brn\n|move|p1b: large boke|Scald|p2a: Arcanine\n|-supereffective|p2a: Arcanine\n|-damage|p2a: Arcanine|0 fnt\n|faint|p2a: Arcanine\n|move|p2b: Scream Tail|Dazzling Gleam|p1a: FISH BLAST|[spread] p1a,p1b\n|-damage|p1a: FISH BLAST|87\/100\n|-damage|p1b: large boke|74\/100\n|\n|-damage|p2b: Scream Tail|37\/100 brn|[from] brn\n|upkeep\n|\n|t:|1700344829\n|switch|p2a: Roaring Moon|Roaring Moon, L50|100\/100\n|turn|4\n|\n|t:|1700344837\n|-terastallize|p2a: Roaring Moon|Ground\n|move|p1a: FISH BLAST|Lava Plume|p2b: Scream Tail|[spread] p1b,p2a,p2b\n|-resisted|p1b: large boke\n|-crit|p2a: Roaring Moon\n|-damage|p1b: large boke|66\/100\n|-damage|p2a: Roaring Moon|64\/100\n|-damage|p2b: Scream Tail|15\/100 brn\n|-status|p2a: Roaring Moon|brn\n|move|p1b: large boke|Matcha Gotcha|p2b: Scream Tail|[spread] p2a,p2b\n|-supereffective|p2a: Roaring Moon\n|-damage|p2a: Roaring Moon|37\/100 brn\n|-heal|p1b: large boke|81\/100|[from] drain|[of] p2a: Roaring Moon\n|-damage|p2b: Scream Tail|0 fnt\n|-heal|p1b: large boke|90\/100|[from] drain|[of] p2b: Scream Tail\n|faint|p2b: Scream Tail\n|-end|p2b: Scream Tail|Protosynthesis|[silent]\n|move|p2a: Roaring Moon|Earthquake|p1a: FISH BLAST|[spread] p1a,p1b\n|-supereffective|p1a: FISH BLAST\n|-damage|p1a: FISH BLAST|47\/100\n|-damage|p1b: large boke|76\/100\n|\n|-damage|p2a: Roaring Moon|31\/100 brn|[from] brn\n|upkeep\n|-message|Sinfonia Sonia. forfeited.\n|\n|win|ChoccyMilkMafia\n|raw|ChoccyMilkMafia's rating: 1084 &rarr; <strong>1106<\/strong><br \/>(+22 for winning)\n|raw|Sinfonia Sonia.'s rating: 1015 &rarr; <strong>1005<\/strong><br \/>(-10 for losing)\n|l|\u2606Sinfonia Sonia.\n","uploadtime":1700344947,"views":9,"p1id":"choccymilkmafia","p2id":"sinfoniasonia","formatid":"gen9vgc2023regulatione","rating":1005,"private":0,"password":""}