{"id":"gen9vgc2023regulatione-1992208280","p1":"B10X","p2":"AndrewsWho","format":"[Gen 9] VGC 2023 Regulation E","log":"|j|\u2606B10X\n|j|\u2606AndrewsWho\n|n|\u2606B10X|b10x\n|n|\u2606AndrewsWho|andrewswho\n|html|View the match progress at <a href=\"\/game-bestof3-gen9vgc2023regulatione-1992203822\">game-bestof3-gen9vgc2023regulatione-1992203822<\/a>\n|t:|1700163984\n|gametype|doubles\n|player|p1|B10X|marlon|\n|player|p2|AndrewsWho|lucas|\n|teamsize|p1|6\n|teamsize|p2|6\n|gen|9\n|tier|[Gen 9] VGC 2023 Regulation E\n|rule|Species Clause: Limit one of each Pok\u00e9mon\n|rule|Item Clause: Limit one of each item\n|clearpoke\n|poke|p1|Landorus-Therian, L50, M|\n|poke|p1|Iron Hands, L50|\n|poke|p1|Chien-Pao, L50|\n|poke|p1|Flutter Mane, L50|\n|poke|p1|Ogerpon-Wellspring, L50, F|\n|poke|p1|Arcanine-Hisui, L50, M|\n|poke|p2|Rillaboom, L50, M|\n|poke|p2|Urshifu-*, L50, M|\n|poke|p2|Arcanine-Hisui, L50, M|\n|poke|p2|Kingambit, L50, M|\n|poke|p2|Roaring Moon, L50|\n|poke|p2|Flutter Mane, L50|\n|teampreview|4\nAndrewsWho has agreed to open team sheets.\nB10X has agreed to open team sheets.\n|showteam|p1|Landorus-Therian||ChoiceScarf|Intimidate|StompingTantrum,RockSlide,Uturn,TeraBlast|||M|||50|,,,,,Flying]Iron Hands||AssaultVest|QuarkDrive|DrainPunch,WildCharge,HeavySlam,FakeOut||||||50|,,,,,Fire]Chien-Pao||FocusSash|SwordofRuin|IceSpinner,SacredSword,SuckerPunch,Protect||||||50|,,,,,Ghost]Flutter Mane||ChoiceSpecs|Protosynthesis|Moonblast,ShadowBall,DazzlingGleam,IcyWind||||||50|,,,,,Fairy]Ogerpon-Wellspring||WellspringMask|WaterAbsorb|IvyCudgel,HornLeech,SwordsDance,SpikyShield|||F|||50|,,,,,Water]Arcanine-Hisui||ChoiceBand|Intimidate|FlareBlitz,RockSlide,ExtremeSpeed,HeadSmash|||M|||50|,,,,,Normal\n|showteam|p2|Rillaboom||AssaultVest|GrassySurge|GrassyGlide,FakeOut,WoodHammer,HighHorsepower|||M|||50|,,,,,Fire]Urshifu-Rapid-Strike||MysticWater|UnseenFist|SurgingStrikes,AquaJet,CloseCombat,Protect|||M|||50|,,,,,Water]Arcanine-Hisui||ChoiceBand|Intimidate|RockSlide,FlareBlitz,ExtremeSpeed,TeraBlast|||M|||50|,,,,,Fairy]Kingambit||BlackGlasses|Defiant|Protect,KowtowCleave,SuckerPunch,SwordsDance|||M|||50|,,,,,Dark]Roaring Moon||BoosterEnergy|Protosynthesis|Protect,Tailwind,KnockOff,Acrobatics||||||50|,,,,,Flying]Flutter Mane||ChoiceSpecs|Protosynthesis|Moonblast,DazzlingGleam,ShadowBall,PowerGem||||||50|,,,,,Fairy\n|\n|t:|1700164023\n|start\n|switch|p1a: Arcanine|Arcanine-Hisui, L50, M|100\/100\n|switch|p1b: Chien-Pao|Chien-Pao, L50|100\/100\n|switch|p2a: Rillaboom|Rillaboom, L50, M|100\/100\n|switch|p2b: Kingambit|Kingambit, L50, M|100\/100\n|-ability|p1b: Chien-Pao|Sword of Ruin\n|-ability|p1a: Arcanine|Intimidate|boost\n|-unboost|p2a: Rillaboom|atk|1\n|-unboost|p2b: Kingambit|atk|1\n|-ability|p2b: Kingambit|Defiant|boost\n|-boost|p2b: Kingambit|atk|2\n|-fieldstart|move: Grassy Terrain|[from] ability: Grassy Surge|[of] p2a: Rillaboom\n|turn|1\n|\n|t:|1700164049\n|move|p2b: Kingambit|Protect|p2b: Kingambit\n|-singleturn|p2b: Kingambit|Protect\n|move|p2a: Rillaboom|Grassy Glide|p1b: Chien-Pao\n|-damage|p1b: Chien-Pao|66\/100\n|move|p1b: Chien-Pao|Sacred Sword|p2a: Rillaboom\n|-damage|p2a: Rillaboom|62\/100\n|move|p1a: Arcanine|Rock Slide|p2b: Kingambit|[spread] p2a\n|-activate|p2b: Kingambit|move: Protect\n|-damage|p2a: Rillaboom|3\/100\n|\n|-heal|p1b: Chien-Pao|71\/100|[from] Grassy Terrain\n|-heal|p2a: Rillaboom|9\/100|[from] Grassy Terrain\n|upkeep\n|turn|2\n|\n|t:|1700164082\n|switch|p2a: Flutter Mane|Flutter Mane, L50|100\/100\n|-terastallize|p2b: Kingambit|Dark\n|move|p2b: Kingambit|Sucker Punch|p1a: Arcanine\n|-damage|p1a: Arcanine|0 fnt\n|faint|p1a: Arcanine\n|move|p1b: Chien-Pao|Sacred Sword|p2b: Kingambit\n|-supereffective|p2b: Kingambit\n|-damage|p2b: Kingambit|43\/100\n|\n|-heal|p1b: Chien-Pao|77\/100|[from] Grassy Terrain\n|-heal|p2b: Kingambit|49\/100|[from] Grassy Terrain\n|upkeep\n|\n|t:|1700164091\n|switch|p1a: Iron Hands|Iron Hands, L50|100\/100\n|turn|3\n|\n|t:|1700164112\n|-terastallize|p1a: Iron Hands|Fire\n|move|p2b: Kingambit|Sucker Punch|p1a: Iron Hands\n|-damage|p1a: Iron Hands|12\/100\n|move|p1b: Chien-Pao|Sacred Sword|p2b: Kingambit\n|-supereffective|p2b: Kingambit\n|-damage|p2b: Kingambit|0 fnt\n|faint|p2b: Kingambit\n|move|p2a: Flutter Mane|Dazzling Gleam|p1b: Chien-Pao|[spread] p1a,p1b\n|-resisted|p1a: Iron Hands\n|-supereffective|p1b: Chien-Pao\n|-damage|p1a: Iron Hands|0 fnt\n|-damage|p1b: Chien-Pao|0 fnt\n|faint|p1a: Iron Hands\n|-end|p1a: Iron Hands|Quark Drive|[silent]\n|faint|p1b: Chien-Pao\n|\n|upkeep\n|\n|t:|1700164121\n|switch|p1b: Flutter Mane|Flutter Mane, L50|100\/100\n|switch|p2b: Rillaboom|Rillaboom, L50, M|9\/100\n|turn|4\n|\n|t:|1700164139\n|move|p2b: Rillaboom|Grassy Glide|p1b: Flutter Mane\n|-damage|p1b: Flutter Mane|33\/100\n|move|p1b: Flutter Mane|Dazzling Gleam|p2b: Rillaboom|[spread] p2a,p2b\n|-damage|p2a: Flutter Mane|57\/100\n|-damage|p2b: Rillaboom|0 fnt\n|faint|p2b: Rillaboom\n|move|p2a: Flutter Mane|Dazzling Gleam|p1b: Flutter Mane\n|-damage|p1b: Flutter Mane|0 fnt\n|faint|p1b: Flutter Mane\n|-end|p1b: Flutter Mane|Protosynthesis|[silent]\n|\n|win|AndrewsWho\n|c|\u2606B10X|gg\n|c|\u2606AndrewsWho|gg\n|l|\u2606AndrewsWho\n","uploadtime":1700164193,"views":13,"p1id":"b10x","p2id":"andrewswho","formatid":"gen9vgc2023regulatione","rating":0,"private":0,"password":""}