{"id":"gen9vgc2023regulatione-1994122495","p1":"Jmmochko","p2":"elmassa45","format":"[Gen 9] VGC 2023 Regulation E","log":"|j|\u2606Jmmochko\n|j|\u2606elmassa45\n|t:|1700409535\n|gametype|doubles\n|player|p1|Jmmochko|102|\n|player|p2|elmassa45|266|\n|teamsize|p1|6\n|teamsize|p2|6\n|gen|9\n|tier|[Gen 9] VGC 2023 Regulation E\n|rated|Tournament battle\n|rule|Species Clause: Limit one of each Pok\u00e9mon\n|rule|Item Clause: Limit one of each item\n|clearpoke\n|poke|p1|Ogerpon-Hearthflame, L50, F|\n|poke|p1|Chien-Pao, L50|\n|poke|p1|Urshifu-*, L50, M|\n|poke|p1|Gholdengo, L50|\n|poke|p1|Rillaboom, L50, M|\n|poke|p1|Roaring Moon, L50|\n|poke|p2|Regieleki, L50|\n|poke|p2|Tornadus, L50, M|\n|poke|p2|Flutter Mane, L50|\n|poke|p2|Chi-Yu, L50|\n|poke|p2|Indeedee-F, L50, F|\n|poke|p2|Ogerpon-Wellspring, L50, F|\n|teampreview|4\n|showteam|p1|Ogerpon-Hearthflame||HearthflameMask|MoldBreaker|GrassyGlide,IvyCudgel,FollowMe,SpikyShield|||F|||50|,,,,,Fire]Chien-Pao||FocusSash|SwordofRuin|IcicleCrash,SuckerPunch,SacredSword,Protect||||||50|,,,,,Ghost]Urshifu-Rapid-Strike||MysticWater|UnseenFist|SurgingStrikes,CloseCombat,AquaJet,Protect|||M|||50|,,,,,Water]Gholdengo||ChoiceSpecs|GoodasGold|MakeItRain,ShadowBall,Trick,Thunderbolt||||||50|,,,,,Steel]Rillaboom||AssaultVest|GrassySurge|WoodHammer,HighHorsepower,FakeOut,Uturn|||M|||50|,,,,,Fire]Roaring Moon||BoosterEnergy|Protosynthesis|KnockOff,Acrobatics,Tailwind,Protect||||||50|,,,,,Flying\n|showteam|p2|Regieleki||Magnet|Transistor|Thunderbolt,Electroweb,Protect,TeraBlast||||||50|,,,,,Ice]Tornadus||SafetyGoggles|Prankster|BleakwindStorm,Tailwind,RainDance,Protect|||M|||50|,,,,,Dark]Flutter Mane||FocusSash|Protosynthesis|DazzlingGleam,Moonblast,ShadowBall,Protect||||||50|,,,,,Fairy]Chi-Yu||LifeOrb|BeadsofRuin|HeatWave,Overheat,Snarl,Protect||||||50|,,,,,Fire]Indeedee-F||PsychicSeed|PsychicSurge|FollowMe,HelpingHand,Protect,Psychic|||F|||50|,,,,,Dragon]Ogerpon-Wellspring||WellspringMask|WaterAbsorb|SwordsDance,IvyCudgel,HornLeech,SpikyShield|||F|||50|,,,,,Water\n|inactive|Battle timer is ON: inactive players will automatically lose when time's up. (requested by elmassa45)\n|c|\u2606Jmmochko|glhf\n|j| Oompaboompa\n|inactive|Jmmochko has 60 seconds left.\n|inactive|elmassa45 has 60 seconds left.\n|j| MattC (Banned)\n|inactive|elmassa45 has 30 seconds left.\n|inactive|elmassa45 has 20 seconds left.\n|c| MattC (Banned)|Wait\n|inactive|elmassa45 has 15 seconds left.\n|inactive|elmassa45 has 10 seconds left.\n|c| MattC (Banned)|Is that a recreation of Thiago's team?\n|inactive|elmassa45 has 5 seconds left.\n|\n|t:|1700409621\n|start\n|switch|p1a: Ogerpon|Ogerpon-Hearthflame, L50, F|100\/100\n|switch|p1b: Rillaboom|Rillaboom, L50, M|100\/100\n|switch|p2a: Regieleki|Regieleki, L50|100\/100\n|switch|p2b: Flutter Mane|Flutter Mane, L50|100\/100\n|-ability|p1a: Ogerpon|Mold Breaker\n|-fieldstart|move: Grassy Terrain|[from] ability: Grassy Surge|[of] p1b: Rillaboom\n|turn|1\n|c| MattC (Banned)|Ain't no way\n|c|\u2606elmassa45|yes haha\n|inactive|Jmmochko has 30 seconds left.\n|inactive|elmassa45 has 30 seconds left.\n|c|\u2606elmassa45|gl\n|inactive|elmassa45 has 20 seconds left.\n|l| MattC (Banned)\n|inactive|elmassa45 has 15 seconds left.\n|j| FrostKartana\n|inactive|elmassa45 has 10 seconds left.\n|\n|t:|1700409669\n|-end|p2b: Flutter Mane|Protosynthesis|[silent]\n|switch|p2b: Indeedee|Indeedee-F, L50, F|100\/100\n|-fieldstart|move: Psychic Terrain|[from] ability: Psychic Surge|[of] p2b: Indeedee\n|-enditem|p2b: Indeedee|Psychic Seed\n|-boost|p2b: Indeedee|spd|1|[from] item: Psychic Seed\n|move|p1b: Rillaboom|Fake Out|p2a: Regieleki\n|-activate|p2a: Regieleki|move: Psychic Terrain\n|move|p2a: Regieleki|Electroweb|p1b: Rillaboom|[spread] p1a,p1b\n|-resisted|p1a: Ogerpon\n|-resisted|p1b: Rillaboom\n|-damage|p1a: Ogerpon|88\/100\n|-damage|p1b: Rillaboom|91\/100\n|-unboost|p1a: Ogerpon|spe|1\n|-unboost|p1b: Rillaboom|spe|1\n|move|p1a: Ogerpon|Ivy Cudgel|p2b: Indeedee|[anim] Ivy Cudgel Fire\n|-damage|p2b: Indeedee|41\/100\n|\n|upkeep\n|turn|2\n|inactive|elmassa45 has 30 seconds left.\n|inactive|elmassa45 has 20 seconds left.\n|inactive|elmassa45 has 15 seconds left.\n|inactive|elmassa45 has 10 seconds left.\n|inactive|elmassa45 has 5 seconds left.\n|\n|t:|1700409723\n|move|p2a: Regieleki|Thunderbolt|p1a: Ogerpon\n|-resisted|p1a: Ogerpon\n|-crit|p1a: Ogerpon\n|-damage|p1a: Ogerpon|46\/100\n|move|p2b: Indeedee|Psychic|p1a: Ogerpon\n|-damage|p1a: Ogerpon|9\/100\n|-unboost|p1a: Ogerpon|spd|1\n|move|p1a: Ogerpon|Ivy Cudgel|p2a: Regieleki|[anim] Ivy Cudgel Fire\n|-crit|p2a: Regieleki\n|-damage|p2a: Regieleki|0 fnt\n|faint|p2a: Regieleki\n|move|p1b: Rillaboom|U-turn|p2b: Indeedee\n|-supereffective|p2b: Indeedee\n|-damage|p2b: Indeedee|0 fnt\n|faint|p2b: Indeedee\n|\n|t:|1700409732\n|switch|p1b: Roaring Moon|Roaring Moon, L50|100\/100|[from] U-turn\n|-enditem|p1b: Roaring Moon|Booster Energy\n|-activate|p1b: Roaring Moon|ability: Protosynthesis|[fromitem]\n|-start|p1b: Roaring Moon|protosynthesisspe\n|\n|upkeep\n|\n|t:|1700409736\n|switch|p2a: Flutter Mane|Flutter Mane, L50|100\/100\n|switch|p2b: Chi-Yu|Chi-Yu, L50|100\/100\n|-ability|p2b: Chi-Yu|Beads of Ruin\n|turn|3\n|\n|t:|1700409757\n|move|p2a: Flutter Mane|Protect|p2a: Flutter Mane\n|-singleturn|p2a: Flutter Mane|Protect\n|move|p1b: Roaring Moon|Tailwind|p1b: Roaring Moon\n|-sidestart|p1: Jmmochko|move: Tailwind\n|move|p1a: Ogerpon|Ivy Cudgel|p2a: Flutter Mane|[anim] Ivy Cudgel Fire\n|-activate|p2a: Flutter Mane|move: Protect\n|move|p2b: Chi-Yu|Heat Wave|p1a: Ogerpon|[spread] p1a,p1b\n|-resisted|p1b: Roaring Moon\n|-damage|p1a: Ogerpon|0 fnt\n|-damage|p1b: Roaring Moon|71\/100\n|faint|p1a: Ogerpon\n|-damage|p2b: Chi-Yu|91\/100|[from] item: Life Orb\n|\n|upkeep\n|\n|t:|1700409763\n|switch|p1a: Rillaboom|Rillaboom, L50, M|91\/100\n|-fieldstart|move: Grassy Terrain|[from] ability: Grassy Surge|[of] p1a: Rillaboom\n|turn|4\n|inactive|elmassa45 has 30 seconds left.\n|inactive|elmassa45 has 20 seconds left.\n|inactive|elmassa45 has 15 seconds left.\n|inactive|elmassa45 has 10 seconds left.\n|\n|t:|1700409810\n|-terastallize|p1b: Roaring Moon|Flying\n|-terastallize|p2a: Flutter Mane|Fairy\n|move|p1b: Roaring Moon|Acrobatics|p2a: Flutter Mane\n|-enditem|p2a: Flutter Mane|Focus Sash\n|-damage|p2a: Flutter Mane|1\/100\n|move|p1a: Rillaboom|High Horsepower|p2b: Chi-Yu\n|-supereffective|p2b: Chi-Yu\n|-damage|p2b: Chi-Yu|0 fnt\n|faint|p2b: Chi-Yu\n|move|p2a: Flutter Mane|Dazzling Gleam|p1a: Rillaboom|[spread] p1a,p1b\n|-damage|p1a: Rillaboom|50\/100\n|-damage|p1b: Roaring Moon|28\/100\n|\n|-heal|p1a: Rillaboom|56\/100|[from] Grassy Terrain\n|-heal|p2a: Flutter Mane|7\/100|[from] Grassy Terrain\n|upkeep\n|turn|5\n|c|\u2606Jmmochko|gg\n|c|\u2606Jmmochko|wp\n|c|\u2606elmassa45|gg\n|\n|t:|1700409828\n|move|p1b: Roaring Moon|Acrobatics|p2a: Flutter Mane\n|-damage|p2a: Flutter Mane|0 fnt\n|faint|p2a: Flutter Mane\n|-end|p2a: Flutter Mane|Protosynthesis|[silent]\n|\n|win|Jmmochko\n|n|\u2606Jmmochko|jmmochko\n|n|\u2606elmassa45|elmassa45\n|n| Oompaboompa|oompaboompa\n|n| FrostKartana|frostkartana\n","uploadtime":1700409829,"views":6,"p1id":"jmmochko","p2id":"elmassa45","formatid":"gen9vgc2023regulatione","rating":0,"private":0,"password":""}