{"id":"gen9vgc2023regulatione-1999041651","p1":"ribombeeforubers","p2":"P0keknight","format":"[Gen 9] VGC 2023 Regulation E","log":"|j|\u2606ribombeeforubers\n|j|\u2606P0keknight\n|t:|1701026903\n|gametype|doubles\n|player|p1|ribombeeforubers|1|\n|player|p2|P0keknight|bea|\n|teamsize|p1|6\n|teamsize|p2|6\n|gen|9\n|tier|[Gen 9] VGC 2023 Regulation E\n|rated|Tournament battle\n|rule|Species Clause: Limit one of each Pok\u00e9mon\n|rule|Item Clause: Limit one of each item\n|clearpoke\n|poke|p1|Ogerpon-Hearthflame, L50, F|\n|poke|p1|Heatran, L50, M|\n|poke|p1|Iron Bundle, L50|\n|poke|p1|Iron Hands, L50|\n|poke|p1|Dragonite, L50, M|\n|poke|p1|Grimmsnarl, L50, M|\n|poke|p2|Regidrago, L50|\n|poke|p2|Gholdengo, L50|\n|poke|p2|Tornadus, L50, M|\n|poke|p2|Urshifu-*, L50, F|\n|poke|p2|Brambleghast, L50, F|\n|poke|p2|Landorus, L50, M|\n|teampreview|4\n|showteam|p1|Ogerpon-Hearthflame||HearthflameMask|MoldBreaker|IvyCudgel,HornLeech,SpikyShield,StompingTantrum|||F|||50|,,,,,Fire]Heatran||SitrusBerry|FlashFire|HeatWave,FlashCannon,EarthPower,Protect|||M|||50|,,,,,Grass]Iron Bundle||BoosterEnergy|QuarkDrive|FreezeDry,IcyWind,HydroPump,Protect||||||50|,,,,,Ghost]Iron Hands||LumBerry|QuarkDrive|DrainPunch,ThunderPunch,SwordsDance,FakeOut||||||50|,,,,,Electric]Dragonite||AssaultVest|InnerFocus|ExtremeSpeed,DragonClaw,Bulldoze,RockTomb|||M|||50|,,,,,Normal]Grimmsnarl||LightClay|Prankster|Reflect,LightScreen,PartingShot,ThunderWave|||M|||50|,,,,,Steel\n|showteam|p2|Regidrago||DragonFang|DragonsMaw|DragonEnergy,DracoMeteor,EarthPower,Protect||||||50|,,,,,Poison]Gholdengo||ChoiceSpecs|GoodasGold|MakeItRain,ShadowBall,Thunderbolt,Trick||||||50|,,,,,Steel]Tornadus||MentalHerb|Prankster|BleakwindStorm,Tailwind,RainDance,ScaryFace|||M|||50|,,,,,Ghost]Urshifu-Rapid-Strike||ChoiceScarf|UnseenFist|SurgingStrikes,CloseCombat,AquaJet,Uturn|||F|||50|,,,,,Water]Brambleghast||FocusSash|WindRider|Poltergeist,ShadowSneak,StrengthSap,PowerWhip|||F|||50|,,,,,Ghost]Landorus||LifeOrb|SheerForce|SandsearStorm,SludgeBomb,EarthPower,Protect|||M|||50|,,,,,Poison\n|inactive|Battle timer is ON: inactive players will automatically lose when time's up. (requested by P0keknight)\n|j| Satoshi Tatsugiri\n|j| prankster is bs\n|j| WilfredVGC\n|j| EmperorIcy\n|inactive|ribombeeforubers has 60 seconds left.\n|inactive|P0keknight has 60 seconds left.\n|\n|t:|1701026952\n|start\n|switch|p1a: Iron Bundle|Iron Bundle, L50|100\/100\n|switch|p1b: Ogerpon|Ogerpon-Hearthflame, L50, F|100\/100\n|switch|p2a: Gholdengo|Gholdengo, L50|100\/100\n|switch|p2b: Tornadus|Tornadus, L50, M|100\/100\n|-ability|p1b: Ogerpon|Mold Breaker\n|-enditem|p1a: Iron Bundle|Booster Energy\n|-activate|p1a: Iron Bundle|ability: Quark Drive|[fromitem]\n|-start|p1a: Iron Bundle|quarkdrivespe\n|turn|1\n|inactive|ribombeeforubers has 30 seconds left.\n|inactive|P0keknight has 30 seconds left.\n|inactive|P0keknight has 20 seconds left.\n|j|%Radio Free C-Side\n|inactive|P0keknight has 15 seconds left.\n|\n|t:|1701026992\n|-terastallize|p1b: Ogerpon|Fire\n|detailschange|p1b: Ogerpon|Ogerpon-Hearthflame-Tera, L50, F, tera:Fire\n|-ability|p1b: Ogerpon|Embody Aspect (Hearthflame)|boost\n|-boost|p1b: Ogerpon|atk|1\n|move|p2b: Tornadus|Rain Dance|p2b: Tornadus\n|-weather|RainDance\n|move|p1a: Iron Bundle|Icy Wind|p2a: Gholdengo|[spread] p2a,p2b\n|-resisted|p2a: Gholdengo\n|-crit|p2a: Gholdengo\n|-supereffective|p2b: Tornadus\n|-damage|p2a: Gholdengo|88\/100\n|-damage|p2b: Tornadus|52\/100\n|-unboost|p2a: Gholdengo|spe|1\n|-unboost|p2b: Tornadus|spe|1\n|move|p1b: Ogerpon|Ivy Cudgel|p2b: Tornadus|[anim] Ivy Cudgel Fire\n|-damage|p2b: Tornadus|0 fnt\n|faint|p2b: Tornadus\n|move|p2a: Gholdengo|Shadow Ball|p1b: Ogerpon\n|-damage|p1b: Ogerpon|32\/100\n|\n|-weather|RainDance|[upkeep]\n|upkeep\n|\n|t:|1701027010\n|switch|p2b: Landorus|Landorus, L50, M|100\/100\n|turn|2\n|\n|t:|1701027027\n|-terastallize|p2b: Landorus|Poison\n|move|p1b: Ogerpon|Spiky Shield|p1b: Ogerpon\n|-singleturn|p1b: Ogerpon|move: Protect\n|move|p1a: Iron Bundle|Freeze-Dry|p2b: Landorus\n|-damage|p2b: Landorus|51\/100\n|move|p2b: Landorus|Sandsear Storm|p1b: Ogerpon|[spread] p1a\n|-activate|p1b: Ogerpon|move: Protect\n|-crit|p1a: Iron Bundle\n|-damage|p1a: Iron Bundle|0 fnt\n|faint|p1a: Iron Bundle\n|-end|p1a: Iron Bundle|Quark Drive|[silent]\n|move|p2a: Gholdengo|Shadow Ball|p1b: Ogerpon\n|-activate|p1b: Ogerpon|move: Protect\n|\n|-weather|RainDance|[upkeep]\n|upkeep\n|\n|t:|1701027045\n|switch|p1a: Heatran|Heatran, L50, M|100\/100\n|turn|3\n|\n|t:|1701027061\n|switch|p2b: Brambleghast|Brambleghast, L50, F, shiny|100\/100\n|move|p1b: Ogerpon|Stomping Tantrum|p2b: Brambleghast\n|-resisted|p2b: Brambleghast\n|-damage|p2b: Brambleghast|59\/100\n|move|p1a: Heatran|Heat Wave|p2b: Brambleghast|[spread] p2a\n|-ability|p2b: Brambleghast|Wind Rider|boost\n|-boost|p2b: Brambleghast|atk|1\n|-supereffective|p2a: Gholdengo\n|-damage|p2a: Gholdengo|56\/100\n|move|p2a: Gholdengo|Shadow Ball|p1b: Ogerpon\n|-damage|p1b: Ogerpon|0 fnt\n|faint|p1b: Ogerpon\n|\n|-weather|RainDance|[upkeep]\n|upkeep\n|\n|t:|1701027065\n|switch|p1b: Dragonite|Dragonite, L50, M|100\/100\n|turn|4\n|j| tiaguitovgc\n|\n|t:|1701027090\n|move|p2b: Brambleghast|Poltergeist|p1b: Dragonite\n|-activate|p1b: Dragonite|move: Poltergeist|Assault Vest\n|-damage|p1b: Dragonite|25\/100\n|move|p1b: Dragonite|Rock Tomb|p2b: Brambleghast\n|-damage|p2b: Brambleghast|16\/100\n|-unboost|p2b: Brambleghast|spe|1\n|move|p1a: Heatran|Earth Power|p2a: Gholdengo\n|-supereffective|p2a: Gholdengo\n|-crit|p2a: Gholdengo\n|-damage|p2a: Gholdengo|0 fnt\n|faint|p2a: Gholdengo\n|\n|-weather|RainDance|[upkeep]\n|upkeep\n|\n|t:|1701027096\n|switch|p2a: Landorus|Landorus, L50, M, tera:Poison|51\/100\n|turn|5\n|j| ppyyy\n|inactive|ribombeeforubers has 30 seconds left.\n|inactive|ribombeeforubers has 20 seconds left.\n|inactive|ribombeeforubers has 15 seconds left.\n|\n|t:|1701027141\n|move|p2a: Landorus|Protect|p2a: Landorus\n|-singleturn|p2a: Landorus|Protect\n|move|p2b: Brambleghast|Shadow Sneak|p1b: Dragonite\n|-damage|p1b: Dragonite|0 fnt\n|faint|p1b: Dragonite\n|move|p1a: Heatran|Earth Power|p2a: Landorus\n|-activate|p2a: Landorus|move: Protect\n|\n|-weather|none\n|upkeep\n|turn|6\n|\n|t:|1701027151\n|move|p2a: Landorus|Earth Power|p1a: Heatran\n|-supereffective|p1a: Heatran\n|-damage|p1a: Heatran|0 fnt\n|faint|p1a: Heatran\n|\n|win|P0keknight\n|n|\u2606ribombeeforubers|ribombeeforubers\n|n|\u2606P0keknight|p0keknight\n|n| Satoshi Tatsugiri|satoshitatsugiri\n|n| prankster is bs|pranksterisbs\n|n| WilfredVGC|wilfredvgc\n|n| EmperorIcy|emperoricy\n|n| Radio Free C-Side|radiofreecside\n|n| tiaguitovgc|tiaguitovgc\n|n| ppyyy|ppyyy\n","uploadtime":1701027152,"views":3,"p1id":"ribombeeforubers","p2id":"p0keknight","formatid":"gen9vgc2023regulatione","rating":0,"private":0,"password":""}