{"id":"gen9vgc2023regulatione-1993394731","p1":"GroundNecton","p2":"Illuminosity","format":"[Gen 9] VGC 2023 Regulation E","log":"|j|\u2606GroundNecton\n|j|\u2606Illuminosity\n|t:|1700311745\n|gametype|doubles\n|player|p1|GroundNecton|aaron|1319\n|player|p2|Illuminosity|roxie|1228\n|teamsize|p1|6\n|teamsize|p2|6\n|gen|9\n|tier|[Gen 9] VGC 2023 Regulation E\n|rated|\n|rule|Species Clause: Limit one of each Pok\u00e9mon\n|rule|Item Clause: Limit one of each item\n|clearpoke\n|poke|p1|Chien-Pao, L50|\n|poke|p1|Urshifu-*, L50, M|\n|poke|p1|Chi-Yu, L50|\n|poke|p1|Flutter Mane, L50|\n|poke|p1|Dragonite, L50, M|\n|poke|p1|Rillaboom, L50, F|\n|poke|p2|Flutter Mane, L50|\n|poke|p2|Ogerpon-Wellspring, L50, F|\n|poke|p2|Chien-Pao, L50|\n|poke|p2|Rillaboom, L50, M|\n|poke|p2|Tornadus, L50, M|\n|poke|p2|Urshifu-*, L50, F|\n|teampreview|4\nIlluminosity rejected open team sheets.\n|\n|t:|1700311787\n|start\n|switch|p1a: \ud30c\uc624\uc820|Chien-Pao, L50|100\/100\n|switch|p1b: \ub9dd\ub098\ub1fd|Dragonite, L50, M|100\/100\n|switch|p2a: Tornadus|Tornadus, L50, M|100\/100\n|switch|p2b: Ogerpon|Ogerpon-Wellspring, L50, F|100\/100\n|-ability|p1a: \ud30c\uc624\uc820|Sword of Ruin\n|turn|1\n|inactive|Battle timer is ON: inactive players will automatically lose when time's up. (requested by Illuminosity)\n|\n|t:|1700311807\n|-terastallize|p1b: \ub9dd\ub098\ub1fd|Normal\n|move|p2b: Ogerpon|Follow Me|p2b: Ogerpon\n|-singleturn|p2b: Ogerpon|move: Follow Me\n|move|p1b: \ub9dd\ub098\ub1fd|Extreme Speed|p2b: Ogerpon\n|-damage|p2b: Ogerpon|0 fnt\n|faint|p2b: Ogerpon\n|move|p2a: Tornadus|Tailwind|p2a: Tornadus\n|-sidestart|p2: Illuminosity|move: Tailwind\n|move|p1a: \ud30c\uc624\uc820|Icicle Crash|p2a: Tornadus\n|-supereffective|p2a: Tornadus\n|-damage|p2a: Tornadus|0 fnt\n|faint|p2a: Tornadus\n|\n|upkeep\n|\n|t:|1700311818\n|switch|p2b: Urshifu|Urshifu-Rapid-Strike, L50, F|100\/100\n|switch|p2a: Flutter Mane|Flutter Mane, L50|100\/100\n|turn|2\n|\n|t:|1700311838\n|-terastallize|p2b: Urshifu|Water\n|move|p1b: \ub9dd\ub098\ub1fd|Extreme Speed|p2b: Urshifu\n|-damage|p2b: Urshifu|0 fnt\n|faint|p2b: Urshifu\n|move|p2a: Flutter Mane|Dazzling Gleam|p1b: \ub9dd\ub098\ub1fd|[spread] p1a,p1b\n|-supereffective|p1a: \ud30c\uc624\uc820\n|-enditem|p1a: \ud30c\uc624\uc820|Focus Sash\n|-damage|p1a: \ud30c\uc624\uc820|1\/100\n|-damage|p1b: \ub9dd\ub098\ub1fd|65\/100\n|move|p1a: \ud30c\uc624\uc820|Crunch|p2a: Flutter Mane\n|-damage|p2a: Flutter Mane|0 fnt\n|faint|p2a: Flutter Mane\n|-end|p2a: Flutter Mane|Protosynthesis|[silent]\n|\n|win|GroundNecton\n|raw|GroundNecton's rating: 1319 &rarr; <strong>1334<\/strong><br \/>(+15 for winning)\n|raw|Illuminosity's rating: 1228 &rarr; <strong>1209<\/strong><br \/>(-19 for losing)\n|l|\u2606Illuminosity\n","uploadtime":1700311851,"views":7,"p1id":"groundnecton","p2id":"illuminosity","formatid":"gen9vgc2023regulatione","rating":1209,"private":0,"password":""}