{"id":"gen9vgc2023regulatione-1993671828","p1":"Digital Pickle","p2":"Knzhzkz","format":"[Gen 9] VGC 2023 Regulation E","log":"|j|\u2606Digital Pickle\n|j|\u2606Knzhzkz\n|t:|1700343910\n|gametype|doubles\n|player|p1|Digital Pickle|swimmer|1128\n|player|p2|Knzhzkz|lance|1045\n|teamsize|p1|6\n|teamsize|p2|6\n|gen|9\n|tier|[Gen 9] VGC 2023 Regulation E\n|rated|\n|rule|Species Clause: Limit one of each Pok\u00e9mon\n|rule|Item Clause: Limit one of each item\n|clearpoke\n|poke|p1|Grimmsnarl, L50, M|\n|poke|p1|Iron Bundle, L50|\n|poke|p1|Chi-Yu, L50|\n|poke|p1|Rillaboom, L50, M|\n|poke|p1|Landorus-Therian, L50, M|\n|poke|p1|Gholdengo, L50|\n|poke|p2|Flutter Mane, L50|\n|poke|p2|Tornadus, L50, M|\n|poke|p2|Rillaboom, L50, F|\n|poke|p2|Garganacl, L50, F|\n|poke|p2|Arcanine-Hisui, L50, M|\n|poke|p2|Chien-Pao, L50|\n|teampreview|4\n|inactive|Battle timer is ON: inactive players will automatically lose when time's up. (requested by Digital Pickle)\n|inactive|Digital Pickle has 60 seconds left.\n|\n|t:|1700343946\n|start\n|switch|p1a: Grimmsnarl|Grimmsnarl, L50, M|100\/100\n|switch|p1b: Rillaboom|Rillaboom, L50, M|100\/100\n|switch|p2a: Tornadus|Tornadus, L50, M|100\/100\n|switch|p2b: Garganacl|Garganacl, L50, F|100\/100\n|-fieldstart|move: Grassy Terrain|[from] ability: Grassy Surge|[of] p1b: Rillaboom\n|turn|1\n|\n|t:|1700343965\n|-terastallize|p2b: Garganacl|Ghost\n|move|p1b: Rillaboom|Fake Out|p2b: Garganacl\n|-immune|p2b: Garganacl\n|move|p1a: Grimmsnarl|Reflect|p1a: Grimmsnarl\n|-sidestart|p1: Digital Pickle|Reflect\n|move|p2a: Tornadus|Bleakwind Storm|p1b: Rillaboom|[spread] p1a\n|-miss|p2a: Tornadus|p1b: Rillaboom\n|-damage|p1a: Grimmsnarl|66\/100\n|-unboost|p1a: Grimmsnarl|spe|1\n|move|p2b: Garganacl|Iron Defense|p2b: Garganacl\n|-boost|p2b: Garganacl|def|2\n|\n|-heal|p1a: Grimmsnarl|72\/100|[from] Grassy Terrain\n|upkeep\n|turn|2\n|\n|t:|1700343989\n|move|p2a: Tornadus|Tailwind|p2a: Tornadus\n|-sidestart|p2: Knzhzkz|move: Tailwind\n|move|p2b: Garganacl|Iron Defense|p2b: Garganacl\n|-boost|p2b: Garganacl|def|2\n|move|p1b: Rillaboom|U-turn|p2b: Garganacl\n|-resisted|p2b: Garganacl\n|-damage|p2b: Garganacl|98\/100\n|\n|t:|1700343996\n|switch|p1b: Gholdengo|Gholdengo, L50|100\/100|[from] U-turn\n|move|p1a: Grimmsnarl|Spirit Break|p2b: Garganacl\n|-damage|p2b: Garganacl|90\/100\n|-unboost|p2b: Garganacl|spa|1\n|\n|-heal|p2b: Garganacl|96\/100|[from] Grassy Terrain\n|-heal|p1a: Grimmsnarl|78\/100|[from] Grassy Terrain\n|upkeep\n|turn|3\n|\n|t:|1700344017\n|move|p1a: Grimmsnarl|Light Screen|p1a: Grimmsnarl\n|-sidestart|p1: Digital Pickle|move: Light Screen\n|move|p2a: Tornadus|Bleakwind Storm|p1a: Grimmsnarl|[spread] p1a\n|-miss|p2a: Tornadus|p1b: Gholdengo\n|-damage|p1a: Grimmsnarl|56\/100\n|move|p1b: Gholdengo|Nasty Plot|p1b: Gholdengo\n|-boost|p1b: Gholdengo|spa|2\n|move|p2b: Garganacl|Salt Cure|p1b: Gholdengo\n|-resisted|p1b: Gholdengo\n|-damage|p1b: Gholdengo|95\/100\n|-start|p1b: Gholdengo|Salt Cure\n|\n|-heal|p1b: Gholdengo|100\/100|[from] Grassy Terrain\n|-heal|p2b: Garganacl|100\/100|[from] Grassy Terrain\n|-heal|p1a: Grimmsnarl|62\/100|[from] Grassy Terrain\n|-damage|p1b: Gholdengo|76\/100|[from] Salt Cure\n|upkeep\n|turn|4\n|-message|Digital Pickle forfeited.\n|\n|win|Knzhzkz\n|raw|Digital Pickle's rating: 1128 &rarr; <strong>1097<\/strong><br \/>(-31 for losing)\n|raw|Knzhzkz's rating: 1045 &rarr; <strong>1086<\/strong><br \/>(+41 for winning)\n|l|\u2606Digital Pickle\n","uploadtime":1700344039,"views":7,"p1id":"digitalpickle","p2id":"knzhzkz","formatid":"gen9vgc2023regulatione","rating":1086,"private":0,"password":""}