{"id":"gen9vgc2023regulatione-1992757941","p1":"KimiTheWeeb","p2":"TestJay","format":"[Gen 9] VGC 2023 Regulation E","log":"|j|\u2606KimiTheWeeb\n|j|\u2606TestJay\n|t:|1700232767\n|gametype|doubles\n|player|p1|KimiTheWeeb|maid|1286\n|player|p2|TestJay|pokemonranger-gen4|1413\n|teamsize|p1|6\n|teamsize|p2|6\n|gen|9\n|tier|[Gen 9] VGC 2023 Regulation E\n|rated|\n|rule|Species Clause: Limit one of each Pok\u00e9mon\n|rule|Item Clause: Limit one of each item\n|clearpoke\n|poke|p1|Kommo-o, L50, F|\n|poke|p1|Clefairy, L50, M|\n|poke|p1|Arcanine-Hisui, L50, F|\n|poke|p1|Rillaboom, L50, M|\n|poke|p1|Milotic, L50, F|\n|poke|p1|Cresselia, L50, F|\n|poke|p2|Dusclops, L50, M|\n|poke|p2|Ursaluna-Bloodmoon, L50, M|\n|poke|p2|Kommo-o, L50, F|\n|poke|p2|Landorus-Therian, L50, M|\n|poke|p2|Iron Hands, L50|\n|poke|p2|Sinistcha-Masterpiece, L50|\n|teampreview|4\n|c|\u2606TestJay|gl hf\n|inactive|Battle timer is ON: inactive players will automatically lose when time's up. (requested by TestJay)\n|\n|t:|1700232803\n|start\n|switch|p1a: Kommo-o|Kommo-o, L50, F|100\/100\n|switch|p1b: Rillaboom|Rillaboom, L50, M|100\/100\n|switch|p2a: Dusclops|Dusclops, L50, M, shiny|100\/100\n|switch|p2b: Iron Hands|Iron Hands, L50|100\/100\n|-fieldstart|move: Grassy Terrain|[from] ability: Grassy Surge|[of] p1b: Rillaboom\n|-ability|p2a: Dusclops|Pressure\n|turn|1\n|\n|t:|1700232819\n|-end|p2b: Iron Hands|Quark Drive|[silent]\n|switch|p2b: Ursaluna|Ursaluna-Bloodmoon, L50, M|100\/100\n|move|p1b: Rillaboom|Fake Out|p2b: Ursaluna\n|-damage|p2b: Ursaluna|90\/100\n|move|p1a: Kommo-o|Clangorous Soul|p1a: Kommo-o\n|-boost|p1a: Kommo-o|atk|1\n|-boost|p1a: Kommo-o|def|1\n|-boost|p1a: Kommo-o|spa|1\n|-boost|p1a: Kommo-o|spd|1\n|-boost|p1a: Kommo-o|spe|1\n|-damage|p1a: Kommo-o|68\/100\n|move|p2a: Dusclops|Trick Room|p2a: Dusclops\n|-fieldstart|move: Trick Room|[of] p2a: Dusclops\n|\n|-heal|p2b: Ursaluna|96\/100|[from] Grassy Terrain\n|-heal|p1a: Kommo-o|74\/100|[from] Grassy Terrain\n|-heal|p1a: Kommo-o|80\/100|[from] item: Leftovers\n|upkeep\n|turn|2\n|\n|t:|1700232843\n|-terastallize|p2b: Ursaluna|Normal\n|move|p2a: Dusclops|Brick Break|p2b: Ursaluna\n|-supereffective|p2b: Ursaluna\n|-damage|p2b: Ursaluna|76\/100\n|-enditem|p2b: Ursaluna|Weakness Policy\n|-boost|p2b: Ursaluna|atk|2|[from] item: Weakness Policy\n|-boost|p2b: Ursaluna|spa|2|[from] item: Weakness Policy\n|move|p2b: Ursaluna|Blood Moon|p1a: Kommo-o\n|-damage|p1a: Kommo-o|0 fnt\n|faint|p1a: Kommo-o\n|move|p1b: Rillaboom|Wood Hammer|p2b: Ursaluna\n|-damage|p2b: Ursaluna|20\/100\n|-damage|p1b: Rillaboom|80\/100|[from] Recoil\n|\n|-heal|p2b: Ursaluna|26\/100|[from] Grassy Terrain\n|-heal|p1b: Rillaboom|86\/100|[from] Grassy Terrain\n|upkeep\n|-message|KimiTheWeeb forfeited.\n|\n|win|TestJay\n|raw|KimiTheWeeb's rating: 1286 &rarr; <strong>1270<\/strong><br \/>(-16 for losing)\n|raw|TestJay's rating: 1413 &rarr; <strong>1426<\/strong><br \/>(+13 for winning)\n|l|\u2606KimiTheWeeb\n","uploadtime":1700232859,"views":20,"p1id":"kimitheweeb","p2id":"testjay","formatid":"gen9vgc2023regulatione","rating":1270,"private":0,"password":""}