{"id":"gen9vgc2023regulatione-1995908481","p1":"Fancy Cucudrula","p2":"Kedrigz","format":"[Gen 9] VGC 2023 Regulation E","log":"|j|\u2606Fancy Cucudrula\n|j|\u2606Kedrigz\n|n|\u2606Fancy Cucudrula|fancycucudrula\n|n|\u2606Kedrigz|kedrigz\n|html|View the match progress at <a href=\"\/game-bestof3-gen9vgc2023regulatione-1995905414\">game-bestof3-gen9vgc2023regulatione-1995905414<\/a>\n|t:|1700616186\n|gametype|doubles\n|player|p1|Fancy Cucudrula|valerie|\n|player|p2|Kedrigz|steven|\n|teamsize|p1|6\n|teamsize|p2|6\n|gen|9\n|tier|[Gen 9] VGC 2023 Regulation E\n|rule|Species Clause: Limit one of each Pok\u00e9mon\n|rule|Item Clause: Limit one of each item\n|clearpoke\n|poke|p1|Flutter Mane, L50|\n|poke|p1|Amoonguss, L50, F|\n|poke|p1|Heatran, L50, F|\n|poke|p1|Iron Hands, L50|\n|poke|p1|Landorus-Therian, L50, M|\n|poke|p1|Chien-Pao, L50|\n|poke|p2|Kommo-o, L50, F|\n|poke|p2|Tyranitar, L50, M|\n|poke|p2|Rillaboom, L50, M|\n|poke|p2|Iron Bundle, L50|\n|poke|p2|Flutter Mane, L50|\n|poke|p2|Arcanine-Hisui, L50, F|\n|teampreview|4\nFancy Cucudrula has agreed to open team sheets.\n|c|\u2606Fancy Cucudrula|acepta OTS\nKedrigz has agreed to open team sheets.\n|showteam|p1|Flutter Mane||ChoiceSpecs|Protosynthesis|DazzlingGleam,Moonblast,ShadowBall,PerishSong||||||50|,,,,,Fairy]Amoonguss||RockyHelmet|Regenerator|RagePowder,PollenPuff,Spore,Protect|||F|||50|,,,,,Water]Heatran||SafetyGoggles|FlashFire|HeatWave,EarthPower,FlashCannon,Protect|||F|||50|,,,,,Fairy]Iron Hands||AssaultVest|QuarkDrive|DrainPunch,WildCharge,HeavySlam,FakeOut||||||50|,,,,,Water]Landorus-Therian||ChoiceScarf|Intimidate|StompingTantrum,TeraBlast,RockSlide,Uturn|||M|||50|,,,,,Flying]Chien-Pao||FocusSash|SwordofRuin|IceSpinner,SuckerPunch,Haze,Protect||||||50|,,,,,Ghost\n|showteam|p2|Kommo-o||Leftovers|Bulletproof|IronDefense,BodyPress,Protect,IronHead|||F|||50|,,,,,Steel]Tyranitar||AssaultVest|SandStream|KnockOff,RockSlide,TeraBlast,LowKick|||M|||50|,,,,,Psychic]Rillaboom||MiracleSeed|GrassySurge|FakeOut,GrassyGlide,Taunt,WoodHammer|||M|||50|,,,,,Grass]Iron Bundle||BoosterEnergy|QuarkDrive|IcyWind,FreezeDry,Protect,HydroPump||||||50|,,,,,Ghost]Flutter Mane||FocusSash|Protosynthesis|Moonblast,DazzlingGleam,ShadowBall,Psyshock||||||50|,,,,,Fairy]Arcanine-Hisui||SitrusBerry|Intimidate|FlareBlitz,WillOWisp,Howl,RockSlide|||F|||50|,,,,,Water\n|c|\u2606Kedrigz|Listo\n|inactive|Battle timer is ON: inactive players will automatically lose when time's up. (requested by Fancy Cucudrula)\n|c|\u2606Fancy Cucudrula|vamos vamos!\n|\n|t:|1700616279\n|start\n|switch|p1a: Sasha Colby|Flutter Mane, L50|100\/100\n|switch|p1b: Luquisha|Landorus-Therian, L50, M|100\/100\n|switch|p2a: Kommo-o|Kommo-o, L50, F|100\/100\n|switch|p2b: Arcanine|Arcanine-Hisui, L50, F|100\/100\n|-ability|p1b: Luquisha|Intimidate|boost\n|-unboost|p2a: Kommo-o|atk|1\n|-unboost|p2b: Arcanine|atk|1\n|-ability|p2b: Arcanine|Intimidate|boost\n|-unboost|p1a: Sasha Colby|atk|1\n|-unboost|p1b: Luquisha|atk|1\n|turn|1\n|inactive|Kedrigz has 30 seconds left.\n|\n|t:|1700616310\n|-end|p1a: Sasha Colby|Protosynthesis|[silent]\n|switch|p1a: Mistress|Iron Hands, L50, shiny|100\/100\n|switch|p2a: Rillaboom|Rillaboom, L50, M|100\/100\n|-fieldstart|move: Grassy Terrain|[from] ability: Grassy Surge|[of] p2a: Rillaboom\n|move|p1b: Luquisha|Stomping Tantrum|p2b: Arcanine\n|-supereffective|p2b: Arcanine\n|-damage|p2b: Arcanine|0 fnt\n|faint|p2b: Arcanine\n|\n|upkeep\n|\n|t:|1700616320\n|switch|p2b: Flutter Mane|Flutter Mane, L50|100\/100\n|turn|2\n|\n|t:|1700616342\n|switch|p1b: Lawrence|Heatran, L50, F, shiny|100\/100\n|move|p2b: Flutter Mane|Moonblast|p1a: Mistress\n|-supereffective|p1a: Mistress\n|-damage|p1a: Mistress|45\/100\n|-unboost|p1a: Mistress|spa|1\n|move|p2a: Rillaboom|Wood Hammer|p1a: Mistress\n|-damage|p1a: Mistress|0 fnt\n|faint|p1a: Mistress\n|-end|p1a: Mistress|Quark Drive|[silent]\n|-damage|p2a: Rillaboom|84\/100|[from] Recoil\n|\n|-heal|p2a: Rillaboom|90\/100|[from] Grassy Terrain\n|upkeep\n|\n|t:|1700616350\n|switch|p1a: Luquisha|Landorus-Therian, L50, M|100\/100\n|-ability|p1a: Luquisha|Intimidate|boost\n|-unboost|p2a: Rillaboom|atk|1\n|-unboost|p2b: Flutter Mane|atk|1\n|turn|3\n|inactive|Kedrigz has 30 seconds left.\n|inactive|Kedrigz has 20 seconds left.\n|\n|t:|1700616390\n|move|p1a: Luquisha|U-turn|p2a: Rillaboom\n|-supereffective|p2a: Rillaboom\n|-damage|p2a: Rillaboom|41\/100\n|\n|t:|1700616394\n|switch|p1a: Sasha Colby|Flutter Mane, L50|100\/100|[from] U-turn\n|move|p2b: Flutter Mane|Moonblast|p1b: Lawrence\n|-resisted|p1b: Lawrence\n|-damage|p1b: Lawrence|89\/100\n|move|p1b: Lawrence|Heat Wave|p2b: Flutter Mane|[spread] p2a,p2b\n|-supereffective|p2a: Rillaboom\n|-damage|p2a: Rillaboom|0 fnt\n|-damage|p2b: Flutter Mane|64\/100\n|faint|p2a: Rillaboom\n|\n|-heal|p2b: Flutter Mane|70\/100|[from] Grassy Terrain\n|-heal|p1b: Lawrence|95\/100|[from] Grassy Terrain\n|upkeep\n|\n|t:|1700616406\n|switch|p2a: Kommo-o|Kommo-o, L50, F|100\/100\n|turn|4\n|\n|t:|1700616416\n|move|p2a: Kommo-o|Protect|p2a: Kommo-o\n|-singleturn|p2a: Kommo-o|Protect\n|move|p2b: Flutter Mane|Shadow Ball|p1a: Sasha Colby\n|-supereffective|p1a: Sasha Colby\n|-damage|p1a: Sasha Colby|11\/100\n|move|p1a: Sasha Colby|Dazzling Gleam|p2a: Kommo-o|[spread] p2b\n|-activate|p2a: Kommo-o|move: Protect\n|-damage|p2b: Flutter Mane|23\/100\n|move|p1b: Lawrence|Heat Wave|p2a: Kommo-o|[spread] p2b\n|-activate|p2a: Kommo-o|move: Protect\n|-damage|p2b: Flutter Mane|0 fnt\n|faint|p2b: Flutter Mane\n|-end|p2b: Flutter Mane|Protosynthesis|[silent]\n|\n|-heal|p1a: Sasha Colby|17\/100|[from] Grassy Terrain\n|-heal|p1b: Lawrence|100\/100|[from] Grassy Terrain\n|upkeep\n|turn|5\n|\n|t:|1700616438\n|move|p1a: Sasha Colby|Dazzling Gleam|p2a: Kommo-o\n|-supereffective|p2a: Kommo-o\n|-damage|p2a: Kommo-o|0 fnt\n|faint|p2a: Kommo-o\n|\n|win|Fancy Cucudrula\n|c|\u2606Fancy Cucudrula|gg\n|l|\u2606Kedrigz\n","uploadtime":1700616691,"views":17,"p1id":"fancycucudrula","p2id":"kedrigz","formatid":"gen9vgc2023regulatione","rating":0,"private":0,"password":""}