{"id":"gen9vgc2023regulatione-1992035022","p1":"AvianRoseline","p2":"outofcalamari","format":"[Gen 9] VGC 2023 Regulation E","log":"|j|\u2606AvianRoseline\n|j|\u2606outofcalamari\n|t:|1700149594\n|gametype|doubles\n|player|p1|AvianRoseline|cynthia-gen4|1120\n|player|p2|outofcalamari|pokemaniac|1022\n|teamsize|p1|6\n|teamsize|p2|6\n|gen|9\n|tier|[Gen 9] VGC 2023 Regulation E\n|rated|\n|rule|Species Clause: Limit one of each Pok\u00e9mon\n|rule|Item Clause: Limit one of each item\n|clearpoke\n|poke|p1|Ditto, L50|\n|poke|p1|Snorlax, L50, F|\n|poke|p1|Ogerpon-Hearthflame, L50, F|\n|poke|p1|Cresselia, L50, F|\n|poke|p1|Baxcalibur, L50, F|\n|poke|p1|Glastrier, L50|\n|poke|p2|Ogerpon-Wellspring, L50, F|\n|poke|p2|Indeedee-F, L50, F|\n|poke|p2|Kommo-o, L50, F|\n|poke|p2|Arcanine-Hisui, L50, M|\n|poke|p2|Overqwil, L50, M|\n|poke|p2|Oranguru, L50, M|\n|teampreview|4\n|inactive|Battle timer is ON: inactive players will automatically lose when time's up. (requested by outofcalamari)\n|inactive|AvianRoseline has 60 seconds left.\n|\n|t:|1700149625\n|start\n|switch|p1a: Bing Chilling|Baxcalibur, L50, F, shiny|100\/100\n|switch|p1b: Covid burner|Ogerpon-Hearthflame, L50, F|100\/100\n|switch|p2a: Oranguru|Oranguru, L50, M|100\/100\n|switch|p2b: Kommo-o|Kommo-o, L50, F|100\/100\n|-ability|p1b: Covid burner|Mold Breaker\n|turn|1\n|inactive|AvianRoseline has 30 seconds left.\n|\n|t:|1700149653\n|-terastallize|p1a: Bing Chilling|Ice\n|move|p1b: Covid burner|Ivy Cudgel|p2a: Oranguru|[anim] Ivy Cudgel Fire\n|-damage|p2a: Oranguru|58\/100\n|move|p1a: Bing Chilling|Icicle Spear|p2b: Kommo-o\n|-supereffective|p2b: Kommo-o\n|-damage|p2b: Kommo-o|60\/100\n|-supereffective|p2b: Kommo-o\n|-damage|p2b: Kommo-o|20\/100\n|-supereffective|p2b: Kommo-o\n|-damage|p2b: Kommo-o|0 fnt\n|faint|p2b: Kommo-o\n|-hitcount|p2: Kommo-o|3\n|move|p2a: Oranguru|Instruct|p2: Kommo-o|[notarget]\n|-fail|p2a: Oranguru\n|\n|upkeep\n|\n|t:|1700149671\n|switch|p2b: Overqwil|Overqwil, L50, M|100\/100\n|-ability|p2b: Overqwil|Intimidate|boost\n|-unboost|p1a: Bing Chilling|atk|1\n|-unboost|p1b: Covid burner|atk|1\n|turn|2\n|\n|t:|1700149695\n|-terastallize|p2b: Overqwil|Fairy\n|move|p1b: Covid burner|Taunt|p2a: Oranguru\n|-start|p2a: Oranguru|move: Taunt\n|move|p1a: Bing Chilling|Icicle Spear|p2b: Overqwil\n|-damage|p2b: Overqwil|86\/100\n|-crit|p2b: Overqwil\n|-damage|p2b: Overqwil|51\/100\n|-damage|p2b: Overqwil|36\/100\n|-damage|p2b: Overqwil|22\/100\n|-hitcount|p2b: Overqwil|4\n|move|p2b: Overqwil|Barb Barrage|p1a: Bing Chilling\n|-damage|p1a: Bing Chilling|70\/100\n|-status|p1a: Bing Chilling|psn\n|move|p2a: Oranguru|Knock Off|p1a: Bing Chilling\n|-damage|p1a: Bing Chilling|55\/100 psn\n|-enditem|p1a: Bing Chilling|Loaded Dice|[from] move: Knock Off|[of] p2a: Oranguru\n|\n|-damage|p1a: Bing Chilling|43\/100 psn|[from] psn\n|upkeep\n|turn|3\n|inactive|AvianRoseline has 30 seconds left.\n|inactive|outofcalamari has 30 seconds left.\n|\n|t:|1700149727\n|switch|p2b: Ogerpon|Ogerpon-Wellspring, L50, F|100\/100\n|move|p1b: Covid burner|Helping Hand|p1a: Bing Chilling\n|-singleturn|p1a: Bing Chilling|Helping Hand|[of] p1b: Covid burner\n|move|p1a: Bing Chilling|Icicle Spear|p2b: Ogerpon\n|-damage|p2b: Ogerpon|74\/100\n|-damage|p2b: Ogerpon|48\/100\n|-damage|p2b: Ogerpon|22\/100\n|-damage|p2b: Ogerpon|0 fnt\n|faint|p2b: Ogerpon\n|-hitcount|p2: Ogerpon|4\n|move|p2a: Oranguru|Knock Off|p1b: Covid burner\n|-crit|p1b: Covid burner\n|-damage|p1b: Covid burner|83\/100\n|\n|-damage|p1a: Bing Chilling|31\/100 psn|[from] psn\n|upkeep\n|\n|t:|1700149742\n|switch|p2b: Overqwil|Overqwil, L50, M, tera:Fairy|22\/100\n|-ability|p2b: Overqwil|Intimidate|boost\n|-unboost|p1a: Bing Chilling|atk|1\n|-unboost|p1b: Covid burner|atk|1\n|turn|4\n|\n|t:|1700149754\n|move|p2b: Overqwil|Aqua Jet|p1a: Bing Chilling\n|-damage|p1a: Bing Chilling|18\/100 psn\n|move|p1b: Covid burner|Ivy Cudgel|p2a: Oranguru|[anim] Ivy Cudgel Fire\n|-damage|p2a: Oranguru|35\/100\n|move|p1a: Bing Chilling|Icicle Spear|p2b: Overqwil\n|-damage|p2b: Overqwil|11\/100\n|-damage|p2b: Overqwil|0 fnt\n|faint|p2b: Overqwil\n|-hitcount|p2: Overqwil|2\n|move|p2a: Oranguru|Knock Off|p1a: Bing Chilling\n|-damage|p1a: Bing Chilling|8\/100 psn\n|\n|-damage|p1a: Bing Chilling|0 fnt|[from] psn\n|faint|p1a: Bing Chilling\n|-end|p2a: Oranguru|move: Taunt\n|upkeep\n|-message|outofcalamari forfeited.\n|\n|win|AvianRoseline\n|raw|AvianRoseline's rating: 1120 &rarr; <strong>1138<\/strong><br \/>(+18 for winning)\n|raw|outofcalamari's rating: 1022 &rarr; <strong>1012<\/strong><br \/>(-10 for losing)\n|l|\u2606outofcalamari\n","uploadtime":1700149775,"views":19,"p1id":"avianroseline","p2id":"outofcalamari","formatid":"gen9vgc2023regulatione","rating":1012,"private":0,"password":""}