{"id":"gen9vgc2023regulatione-1998969831","p1":"MANUQUIN","p2":"thrushery2","format":"[Gen 9] VGC 2023 Regulation E","log":"|j|\u2606MANUQUIN\n|j|\u2606thrushery2\n|t:|1701019101\n|gametype|doubles\n|player|p1|MANUQUIN|1|1124\n|player|p2|thrushery2|hilbert|1019\n|teamsize|p1|6\n|teamsize|p2|6\n|gen|9\n|tier|[Gen 9] VGC 2023 Regulation E\n|rated|\n|rule|Species Clause: Limit one of each Pok\u00e9mon\n|rule|Item Clause: Limit one of each item\n|clearpoke\n|poke|p1|Dondozo, L50, F|\n|poke|p1|Tatsugiri, L50, M|\n|poke|p1|Abomasnow, L50, M|\n|poke|p1|Garganacl, L50, F|\n|poke|p1|Flamigo, L50, F|\n|poke|p1|Amoonguss, L50, M|\n|poke|p2|Flutter Mane, L50|\n|poke|p2|Tornadus, L50, M|\n|poke|p2|Regieleki, L50|\n|poke|p2|Chi-Yu, L50|\n|poke|p2|Ogerpon-Wellspring, L50, F|\n|poke|p2|Indeedee-F, L50, F|\n|teampreview|4\n|inactive|Battle timer is ON: inactive players will automatically lose when time's up. (requested by MANUQUIN)\nthrushery2 has agreed to open team sheets.\n|c|\u2606thrushery2|!weak physcic\n|c|!thrushery2|\/raw <div class=\"infobox\">physcic isn't a recognized type or Pokemon.<\/div>\n|inactive|thrushery2 has 60 seconds left.\n|c|\u2606MANUQUIN|!weak physic\n|c| MANUQUIN|\/raw <div class=\"infobox\">physic isn't a recognized type or Pokemon.<\/div>\n|\n|t:|1701019138\n|start\n|switch|p1a: Tatsugiri|Tatsugiri, L50, M|100\/100\n|switch|p1b: Garganacl|Garganacl, L50, F|100\/100\n|switch|p2a: Regieleki|Regieleki, L50|100\/100\n|switch|p2b: Ogerpon|Ogerpon-Wellspring, L50, F|100\/100\n|turn|1\n|c|\u2606thrushery2|!weak rock\n|c|!thrushery2|\/raw <div class=\"infobox\">Rock:<br \/><span class=\"message-effect-weak\">Weaknesses<\/span>: Fighting, Grass, Ground, Steel, Water<br \/><span class=\"message-effect-resist\">Resistances<\/span>: Fire, Flying, Normal, Poison<br \/><span class=\"message-effect-immune\">Immunities<\/span>: Sandstorm damage<\/div>\n|c|\u2606MANUQUIN|!weak psychic\n|c| MANUQUIN|\/raw <div class=\"infobox\">Psychic:<br \/><span class=\"message-effect-weak\">Weaknesses<\/span>: Bug, Dark, Ghost<br \/><span class=\"message-effect-resist\">Resistances<\/span>: Fighting, Psychic<br \/><span class=\"message-effect-immune\">Immunities<\/span>: <font color=#999999>None<\/font><\/div>\n|inactive|thrushery2 has 30 seconds left.\n|c|\u2606thrushery2|thank\n|inactive|thrushery2 has 20 seconds left.\n|inactive|thrushery2 has 15 seconds left.\n|inactive|thrushery2 has 10 seconds left.\n|\n|t:|1701019186\n|move|p1a: Tatsugiri|Endure|p1a: Tatsugiri\n|-singleturn|p1a: Tatsugiri|move: Endure\n|move|p2a: Regieleki|Thunderbolt|p1a: Tatsugiri\n|-damage|p1a: Tatsugiri|19\/100\n|move|p2b: Ogerpon|Ivy Cudgel|p1b: Garganacl|[anim] Ivy Cudgel Water\n|-supereffective|p1b: Garganacl\n|-crit|p1b: Garganacl\n|-damage|p1b: Garganacl|7\/100\n|move|p1b: Garganacl|Explosion|p2a: Regieleki|[spread] p1a,p2a,p2b\n|-activate|p1a: Tatsugiri|move: Endure\n|-damage|p1a: Tatsugiri|1\/100\n|-damage|p2a: Regieleki|37\/100\n|-damage|p2b: Ogerpon|54\/100\n|faint|p1b: Garganacl\n|\n|-status|p1a: Tatsugiri|tox|[from] item: Toxic Orb\n|upkeep\n|\n|t:|1701019201\n|switch|p1b: Dondozo|Dondozo, L50, F|100\/100\n|-activate|p1a: Tatsugiri|ability: Commander|[of] p1b: Dondozo\n|-boost|p1b: Dondozo|atk|2\n|-boost|p1b: Dondozo|spa|2\n|-boost|p1b: Dondozo|spe|2\n|-boost|p1b: Dondozo|def|2\n|-boost|p1b: Dondozo|spd|2\n|turn|2\n|\n|t:|1701019205\n|-terastallize|p1b: Dondozo|Dragon\n|move|p2a: Regieleki|Protect|p2a: Regieleki\n|-singleturn|p2a: Regieleki|Protect\n|move|p2b: Ogerpon|Spiky Shield|p2b: Ogerpon\n|-singleturn|p2b: Ogerpon|move: Protect\n|move|p1b: Dondozo|Order Up|p2a: Regieleki\n|-activate|p2a: Regieleki|move: Protect\n|\n|-damage|p1a: Tatsugiri|0 fnt|[from] psn\n|faint|p1a: Tatsugiri\n|upkeep\n|\n|t:|1701019217\n|switch|p1a: Flamigo|Flamigo, L50, F|100\/100\n|-copyboost|p1a: Flamigo|p1b: Dondozo|[from] ability: Costar\n|turn|3\n|c|\u2606thrushery2|!weak dragon\n|c|!thrushery2|\/raw <div class=\"infobox\">Dragon:<br \/><span class=\"message-effect-weak\">Weaknesses<\/span>: Dragon, Fairy, Ice<br \/><span class=\"message-effect-resist\">Resistances<\/span>: Electric, Fire, Grass, Water<br \/><span class=\"message-effect-immune\">Immunities<\/span>: <font color=#999999>None<\/font><\/div>\n|inactive|thrushery2 has 30 seconds left.\n|c|\u2606thrushery2|!weak flamigo\n|c|!thrushery2|\/raw <div class=\"infobox\">Flamigo (ignoring abilities):<br \/><span class=\"message-effect-weak\">Weaknesses<\/span>: Electric, Fairy, Flying, Ice, Psychic<br \/><span class=\"message-effect-resist\">Resistances<\/span>: <b>Bug<\/b>, Dark, Fighting, Grass<br \/><span class=\"message-effect-immune\">Immunities<\/span>: Ground<\/div>\n|inactive|thrushery2 has 20 seconds left.\n|\n|t:|1701019257\n|-terastallize|p2a: Regieleki|Ice\n|move|p1a: Flamigo|Protect|p1a: Flamigo\n|-singleturn|p1a: Flamigo|Protect\n|move|p2a: Regieleki|Tera Blast|p1b: Dondozo|[anim] Tera Blast Ice\n|-supereffective|p1b: Dondozo\n|-crit|p1b: Dondozo\n|-damage|p1b: Dondozo|35\/100\n|move|p2b: Ogerpon|Ivy Cudgel|p1b: Dondozo|[anim] Ivy Cudgel Water\n|-resisted|p1b: Dondozo\n|-damage|p1b: Dondozo|28\/100\n|move|p1b: Dondozo|Order Up|p2a: Regieleki\n|-damage|p2a: Regieleki|0 fnt\n|faint|p2a: Regieleki\n|-boost|p1b: Dondozo|atk|1\n|\n|upkeep\n|\n|t:|1701019269\n|switch|p2a: Chi-Yu|Chi-Yu, L50|100\/100\n|-ability|p2a: Chi-Yu|Beads of Ruin\n|turn|4\n|\n|t:|1701019288\n|move|p2a: Chi-Yu|Protect|p2a: Chi-Yu\n|-singleturn|p2a: Chi-Yu|Protect\n|move|p1a: Flamigo|Brave Bird|p2b: Ogerpon\n|-supereffective|p2b: Ogerpon\n|-damage|p2b: Ogerpon|0 fnt\n|faint|p2b: Ogerpon\n|-damage|p1a: Flamigo|80\/100|[from] Recoil\n|move|p1b: Dondozo|Order Up|p2a: Chi-Yu\n|-activate|p2a: Chi-Yu|move: Protect\n|\n|upkeep\n|\n|t:|1701019290\n|switch|p2b: Flutter Mane|Flutter Mane, L50|100\/100\n|turn|5\n|\n|t:|1701019303\n|move|p1a: Flamigo|Brave Bird|p2b: Flutter Mane\n|-enditem|p2b: Flutter Mane|Focus Sash\n|-damage|p2b: Flutter Mane|1\/100\n|-damage|p1a: Flamigo|53\/100|[from] Recoil\n|move|p2b: Flutter Mane|Dazzling Gleam|p1a: Flamigo|[spread] p1a,p1b\n|-supereffective|p1a: Flamigo\n|-supereffective|p1b: Dondozo\n|-damage|p1a: Flamigo|0 fnt\n|-damage|p1b: Dondozo|0 fnt\n|faint|p1a: Flamigo\n|faint|p1b: Dondozo\n|\n|win|thrushery2\n|raw|MANUQUIN's rating: 1124 &rarr; <strong>1092<\/strong><br \/>(-32 for losing)\n|raw|thrushery2's rating: 1019 &rarr; <strong>1067<\/strong><br \/>(+48 for winning)\n|c|\u2606thrushery2|GG\n","uploadtime":1701019318,"views":5,"p1id":"manuquin","p2id":"thrushery2","formatid":"gen9vgc2023regulatione","rating":1067,"private":0,"password":""}