{"id":"gen9vgc2023regulatione-1988735193","p1":"CharlienoB","p2":"BigMode_JimBob","format":"[Gen 9] VGC 2023 Regulation E","log":"|j|\u2606CharlienoB\n|j|\u2606BigMode_JimBob\n|t:|1699756469\n|gametype|doubles\n|player|p1|CharlienoB|102|1155\n|player|p2|BigMode_JimBob|265|1104\n|teamsize|p1|6\n|teamsize|p2|6\n|gen|9\n|tier|[Gen 9] VGC 2023 Regulation E\n|rated|\n|rule|Species Clause: Limit one of each Pok\u00e9mon\n|rule|Item Clause: Limit one of each item\n|clearpoke\n|poke|p1|Maushold, L50|\n|poke|p1|Ogerpon-Wellspring, L50, F|\n|poke|p1|Arcanine-Hisui, L50, M|\n|poke|p1|Iron Hands, L50|\n|poke|p1|Flutter Mane, L50|\n|poke|p1|Staraptor, L50, M|\n|poke|p2|Landorus-Therian, L50, M|\n|poke|p2|Gholdengo, L50|\n|poke|p2|Regidrago, L50|\n|poke|p2|Scyther, L50, M|\n|poke|p2|Cresselia, L50, F|\n|poke|p2|Roaring Moon, L50|\n|teampreview|4\n|inactive|Battle timer is ON: inactive players will automatically lose when time's up. (requested by CharlienoB)\n|\n|t:|1699756529\n|start\n|switch|p1a: Flutter Mane|Flutter Mane, L50|100\/100\n|switch|p1b: Ogerpon|Ogerpon-Wellspring, L50, F|100\/100\n|switch|p2a: Scyther|Scyther, L50, M|100\/100\n|switch|p2b: Regidrago|Regidrago, L50|100\/100\n|-enditem|p1a: Flutter Mane|Booster Energy\n|-activate|p1a: Flutter Mane|ability: Protosynthesis|[fromitem]\n|-start|p1a: Flutter Mane|protosynthesisspe\n|turn|1\n|\n|t:|1699756547\n|-terastallize|p2b: Regidrago|Steel\n|move|p1b: Ogerpon|Follow Me|p1b: Ogerpon\n|-singleturn|p1b: Ogerpon|move: Follow Me\n|move|p1a: Flutter Mane|Calm Mind|p1a: Flutter Mane\n|-boost|p1a: Flutter Mane|spa|1\n|-boost|p1a: Flutter Mane|spd|1\n|move|p2b: Regidrago|Tera Blast|p1b: Ogerpon|[anim] Tera Blast Steel\n|-resisted|p1b: Ogerpon\n|-damage|p1b: Ogerpon|83\/100\n|move|p2a: Scyther|Tailwind|p2a: Scyther\n|-sidestart|p2: BigMode_JimBob|move: Tailwind\n|\n|upkeep\n|turn|2\n|inactive|CharlienoB has 30 seconds left.\n|inactive|BigMode_JimBob has 30 seconds left.\n|inactive|BigMode_JimBob has 20 seconds left.\n|\n|t:|1699756582\n|switch|p2b: Roaring Moon|Roaring Moon, L50|100\/100\n|-enditem|p2b: Roaring Moon|Booster Energy\n|-activate|p2b: Roaring Moon|ability: Protosynthesis|[fromitem]\n|-start|p2b: Roaring Moon|protosynthesisspe\n|-terastallize|p1b: Ogerpon|Water\n|detailschange|p1b: Ogerpon|Ogerpon-Wellspring-Tera, L50, F, tera:Water\n|-ability|p1b: Ogerpon|Embody Aspect (Wellspring)|boost\n|-boost|p1b: Ogerpon|spd|1\n|move|p1b: Ogerpon|Follow Me|p1b: Ogerpon\n|-singleturn|p1b: Ogerpon|move: Follow Me\n|move|p1a: Flutter Mane|Draining Kiss|p2a: Scyther\n|-damage|p2a: Scyther|77\/100\n|move|p2a: Scyther|U-turn|p1b: Ogerpon\n|-damage|p1b: Ogerpon|57\/100\n|\n|t:|1699756600\n|switch|p2a: Regidrago|Regidrago, L50, tera:Steel|100\/100|[from] U-turn\n|\n|upkeep\n|turn|3\n|\n|t:|1699756614\n|move|p1b: Ogerpon|Spiky Shield|p1b: Ogerpon\n|-singleturn|p1b: Ogerpon|move: Protect\n|move|p2b: Roaring Moon|Knock Off|p1b: Ogerpon\n|-activate|p1b: Ogerpon|move: Protect\n|-damage|p2b: Roaring Moon|88\/100|[from] Spiky Shield|[of] p1b: Ogerpon\n|move|p2a: Regidrago|Dragon Pulse|p1b: Ogerpon\n|-activate|p1b: Ogerpon|move: Protect\n|move|p1a: Flutter Mane|Icy Wind|p2b: Roaring Moon|[spread] p2a,p2b\n|-resisted|p2a: Regidrago\n|-supereffective|p2b: Roaring Moon\n|-damage|p2a: Regidrago|90\/100\n|-damage|p2b: Roaring Moon|57\/100\n|-unboost|p2a: Regidrago|spe|1\n|-unboost|p2b: Roaring Moon|spe|1\n|\n|upkeep\n|turn|4\n|\n|t:|1699756634\n|move|p2b: Roaring Moon|Iron Head|p1a: Flutter Mane\n|-supereffective|p1a: Flutter Mane\n|-damage|p1a: Flutter Mane|37\/100\n|move|p2a: Regidrago|Dragon Pulse|p1b: Ogerpon\n|-damage|p1b: Ogerpon|20\/100\n|move|p1a: Flutter Mane|Draining Kiss|p2b: Roaring Moon\n|-supereffective|p2b: Roaring Moon\n|-damage|p2b: Roaring Moon|0 fnt\n|-heal|p1a: Flutter Mane|88\/100|[from] drain|[of] p2b: Roaring Moon\n|faint|p2b: Roaring Moon\n|-end|p2b: Roaring Moon|Protosynthesis|[silent]\n|move|p1b: Ogerpon|Ivy Cudgel|p2a: Regidrago\n|-crit|p2a: Regidrago\n|-damage|p2a: Regidrago|0 fnt\n|faint|p2a: Regidrago\n|\n|-sideend|p2: BigMode_JimBob|move: Tailwind\n|upkeep\n|-message|BigMode_JimBob forfeited.\n|\n|win|CharlienoB\n|raw|CharlienoB's rating: 1155 &rarr; <strong>1176<\/strong><br \/>(+21 for winning)\n|raw|BigMode_JimBob's rating: 1104 &rarr; <strong>1083<\/strong><br \/>(-21 for losing)\n|l|\u2606BigMode_JimBob\n","uploadtime":1699756656,"views":23,"p1id":"charlienob","p2id":"bigmodejimbob","formatid":"gen9vgc2023regulatione","rating":1083,"private":0,"password":""}