{"id":"gen9vgc2023regulatione-1988609377","p1":"TrainerDylan24","p2":"Ojama K","format":"[Gen 9] VGC 2023 Regulation E","log":"|j|\u2606TrainerDylan24\n|j|\u2606Ojama K\n|t:|1699741576\n|gametype|doubles\n|player|p1|TrainerDylan24|swimmerf|1135\n|player|p2|Ojama K|benga|1081\n|teamsize|p1|6\n|teamsize|p2|6\n|gen|9\n|tier|[Gen 9] VGC 2023 Regulation E\n|rated|\n|rule|Species Clause: Limit one of each Pok\u00e9mon\n|rule|Item Clause: Limit one of each item\n|clearpoke\n|poke|p1|Torkoal, L50, M|\n|poke|p1|Lilligant-Hisui, L50, F|\n|poke|p1|Sandy Shocks, L50|\n|poke|p1|Flutter Mane, L50|\n|poke|p1|Garganacl, L50, M|\n|poke|p1|Ursaluna-Bloodmoon, L50, M|\n|poke|p2|Rillaboom, L50, M|\n|poke|p2|Arcanine-Hisui, L50, F|\n|poke|p2|Kingambit, L50, F|\n|poke|p2|Chien-Pao, L50|\n|poke|p2|Dondozo, L50, M|\n|poke|p2|Tatsugiri, L50, M|\n|teampreview|4\n|\n|t:|1699741602\n|start\n|switch|p1a: Lilligant|Lilligant-Hisui, L50, F|100\/100\n|switch|p1b: Torkoal|Torkoal, L50, M, shiny|100\/100\n|switch|p2a: Chien-Pao|Chien-Pao, L50|100\/100\n|switch|p2b: Kingambit|Kingambit, L50, F|100\/100\n|-ability|p2a: Chien-Pao|Sword of Ruin\n|-weather|SunnyDay|[from] ability: Drought|[of] p1b: Torkoal\n|turn|1\n|\n|t:|1699741619\n|move|p2a: Chien-Pao|Protect|p2a: Chien-Pao\n|-singleturn|p2a: Chien-Pao|Protect\n|move|p1a: Lilligant|After You|p1b: Torkoal\n|-activate|p1b: Torkoal|move: After You\n|move|p1b: Torkoal|Heat Wave|p2b: Kingambit|[spread] p2b\n|-activate|p2a: Chien-Pao|move: Protect\n|-supereffective|p2b: Kingambit\n|-damage|p2b: Kingambit|31\/100\n|move|p2b: Kingambit|Poison Jab|p1a: Lilligant\n|-supereffective|p1a: Lilligant\n|-enditem|p1a: Lilligant|Focus Sash\n|-damage|p1a: Lilligant|1\/100\n|\n|-weather|SunnyDay|[upkeep]\n|upkeep\n|turn|2\n|\n|t:|1699741649\n|switch|p2b: Arcanine|Arcanine-Hisui, L50, F|100\/100\n|-ability|p2b: Arcanine|Intimidate|boost\n|-unboost|p1a: Lilligant|atk|1\n|-unboost|p1b: Torkoal|atk|1\n|move|p2a: Chien-Pao|Ice Shard|p1a: Lilligant\n|-supereffective|p1a: Lilligant\n|-damage|p1a: Lilligant|0 fnt\n|faint|p1a: Lilligant\n|move|p1b: Torkoal|Eruption|p2b: Arcanine|[spread] p2a,p2b\n|-supereffective|p2a: Chien-Pao\n|-resisted|p2b: Arcanine\n|-damage|p2a: Chien-Pao|0 fnt\n|-damage|p2b: Arcanine|80\/100\n|faint|p2a: Chien-Pao\n|\n|-weather|SunnyDay|[upkeep]\n|upkeep\n|\n|t:|1699741667\n|switch|p2a: Rillaboom|Rillaboom, L50, M|100\/100\n|switch|p1a: Sandy Shocks|Sandy Shocks, L50|100\/100\n|-activate|p1a: Sandy Shocks|ability: Protosynthesis\n|-start|p1a: Sandy Shocks|protosynthesisspe\n|-fieldstart|move: Grassy Terrain|[from] ability: Grassy Surge|[of] p2a: Rillaboom\n|turn|3\n|\n|t:|1699741683\n|-terastallize|p2b: Arcanine|Fairy\n|-terastallize|p1b: Torkoal|Fire\n|move|p2a: Rillaboom|Fake Out|p1a: Sandy Shocks\n|-damage|p1a: Sandy Shocks|84\/100\n|cant|p1a: Sandy Shocks|flinch\n|move|p2b: Arcanine|Close Combat|p1b: Torkoal\n|-damage|p1b: Torkoal|69\/100\n|-unboost|p2b: Arcanine|def|1\n|-unboost|p2b: Arcanine|spd|1\n|move|p1b: Torkoal|Heat Wave|p2a: Rillaboom|[spread] p2a,p2b\n|-supereffective|p2a: Rillaboom\n|-damage|p2a: Rillaboom|0 fnt\n|-damage|p2b: Arcanine|0 fnt\n|faint|p2a: Rillaboom\n|faint|p2b: Arcanine\n|\n|-weather|SunnyDay|[upkeep]\n|-heal|p1a: Sandy Shocks|90\/100|[from] Grassy Terrain\n|-heal|p1b: Torkoal|76\/100|[from] Grassy Terrain\n|upkeep\n|\n|t:|1699741701\n|switch|p2b: Kingambit|Kingambit, L50, F|31\/100\n|turn|4\n|\n|t:|1699741708\n|move|p1a: Sandy Shocks|Earth Power|p2b: Kingambit\n|-supereffective|p2b: Kingambit\n|-damage|p2b: Kingambit|0 fnt\n|faint|p2b: Kingambit\n|-damage|p1a: Sandy Shocks|80\/100|[from] item: Life Orb\n|\n|win|TrainerDylan24\n|raw|TrainerDylan24's rating: 1135 &rarr; <strong>1156<\/strong><br \/>(+21 for winning)\n|raw|Ojama K's rating: 1081 &rarr; <strong>1062<\/strong><br \/>(-19 for losing)\n|l|\u2606Ojama K\n","uploadtime":1699741715,"views":12,"p1id":"trainerdylan24","p2id":"ojamak","formatid":"gen9vgc2023regulatione","rating":1062,"private":0,"password":""}