{"id":"gen9vgc2023regulatione-1990161570","p1":"flippy turtle","p2":"Moxiemencefan21","format":"[Gen 9] VGC 2023 Regulation E","log":"|j|\u2606flippy turtle\n|j|\u2606Moxiemencefan21\n|t:|1699931371\n|gametype|doubles\n|player|p1|flippy turtle|2|1262\n|player|p2|Moxiemencefan21|1|1352\n|teamsize|p1|6\n|teamsize|p2|6\n|gen|9\n|tier|[Gen 9] VGC 2023 Regulation E\n|rated|\n|rule|Species Clause: Limit one of each Pok\u00e9mon\n|rule|Item Clause: Limit one of each item\n|clearpoke\n|poke|p1|Roaring Moon, L50|\n|poke|p1|Iron Hands, L50|\n|poke|p1|Ogerpon-Hearthflame, L50, F|\n|poke|p1|Gyarados, L50, F|\n|poke|p1|Amoonguss, L50, F|\n|poke|p1|Corviknight, L50, M|\n|poke|p2|Flutter Mane, L50|\n|poke|p2|Chi-Yu, L50|\n|poke|p2|Roaring Moon, L50|\n|poke|p2|Kleavor, L50, F|\n|poke|p2|Ogerpon-Wellspring, L50, F|\n|poke|p2|Rillaboom, L50, M|\n|teampreview|4\n|\n|t:|1699931430\n|start\n|switch|p1a: Iron Hands|Iron Hands, L50|100\/100\n|switch|p1b: Corviknight|Corviknight, L50, M|100\/100\n|switch|p2a: Chi-Yu|Chi-Yu, L50|100\/100\n|switch|p2b: Keanu Reeves|Flutter Mane, L50|100\/100\n|-ability|p2a: Chi-Yu|Beads of Ruin\n|turn|1\n|\n|t:|1699931464\n|-terastallize|p2a: Chi-Yu|Ghost\n|move|p2b: Keanu Reeves|Moonblast|p1a: Iron Hands\n|-supereffective|p1a: Iron Hands\n|-damage|p1a: Iron Hands|13\/100\n|move|p2a: Chi-Yu|Heat Wave|p1b: Corviknight|[spread] p1a,p1b\n|-supereffective|p1b: Corviknight\n|-damage|p1a: Iron Hands|0 fnt\n|-damage|p1b: Corviknight|7\/100\n|faint|p1a: Iron Hands\n|-end|p1a: Iron Hands|Quark Drive|[silent]\n|move|p1b: Corviknight|Iron Head|p2b: Keanu Reeves\n|-supereffective|p2b: Keanu Reeves\n|-damage|p2b: Keanu Reeves|19\/100\n|\n|upkeep\n|\n|t:|1699931504\n|switch|p1a: Ogerpon|Ogerpon-Hearthflame, L50, F|100\/100\n|-ability|p1a: Ogerpon|Mold Breaker\n|turn|2\n|\n|t:|1699931515\n|move|p1a: Ogerpon|Spiky Shield|p1a: Ogerpon\n|-singleturn|p1a: Ogerpon|move: Protect\n|move|p2b: Keanu Reeves|Moonblast|p1a: Ogerpon\n|-activate|p1a: Ogerpon|move: Protect\n|move|p2a: Chi-Yu|Heat Wave|p1b: Corviknight|[spread] p1b\n|-activate|p1a: Ogerpon|move: Protect\n|-supereffective|p1b: Corviknight\n|-damage|p1b: Corviknight|0 fnt\n|faint|p1b: Corviknight\n|\n|upkeep\n|\n|t:|1699931523\n|switch|p1b: Roaring Moon|Roaring Moon, L50|100\/100\n|-enditem|p1b: Roaring Moon|Booster Energy\n|-activate|p1b: Roaring Moon|ability: Protosynthesis|[fromitem]\n|-start|p1b: Roaring Moon|protosynthesisatk\n|turn|3\n|\n|t:|1699931548\n|move|p1a: Ogerpon|Follow Me|p1a: Ogerpon\n|-singleturn|p1a: Ogerpon|move: Follow Me\n|move|p2b: Keanu Reeves|Moonblast|p1a: Ogerpon\n|-resisted|p1a: Ogerpon\n|-damage|p1a: Ogerpon|56\/100\n|move|p1b: Roaring Moon|Dragon Dance|p1b: Roaring Moon\n|-boost|p1b: Roaring Moon|atk|1\n|-boost|p1b: Roaring Moon|spe|1\n|move|p2a: Chi-Yu|Heat Wave|p1a: Ogerpon|[spread] p1a\n|-miss|p2a: Chi-Yu|p1b: Roaring Moon\n|-damage|p1a: Ogerpon|4\/100\n|\n|upkeep\n|turn|4\n|\n|t:|1699931589\n|-terastallize|p1b: Roaring Moon|Flying\n|move|p1b: Roaring Moon|Knock Off|p2a: Chi-Yu\n|-supereffective|p2a: Chi-Yu\n|-enditem|p2a: Chi-Yu|Focus Sash\n|-damage|p2a: Chi-Yu|1\/100\n|move|p2b: Keanu Reeves|Moonblast|p1b: Roaring Moon\n|-damage|p1b: Roaring Moon|13\/100\n|move|p2a: Chi-Yu|Heat Wave|p1b: Roaring Moon|[spread] p1a,p1b\n|-damage|p1a: Ogerpon|0 fnt\n|-damage|p1b: Roaring Moon|0 fnt\n|faint|p1a: Ogerpon\n|faint|p1b: Roaring Moon\n|-end|p1b: Roaring Moon|Protosynthesis|[silent]\n|\n|win|Moxiemencefan21\n|raw|flippy turtle's rating: 1262 &rarr; <strong>1243<\/strong><br \/>(-19 for losing)\n|raw|Moxiemencefan21's rating: 1352 &rarr; <strong>1367<\/strong><br \/>(+15 for winning)\n|l|\u2606flippy turtle\n","uploadtime":1699931610,"views":22,"p1id":"flippyturtle","p2id":"moxiemencefan21","formatid":"gen9vgc2023regulatione","rating":1243,"private":0,"password":""}