{"id":"gen9vgc2023regulatione-1992317825","p1":"Priest_of_Talos","p2":"DoctorCaliente","format":"[Gen 9] VGC 2023 Regulation E","log":"|j|\u2606Priest_of_Talos\n|j|\u2606DoctorCaliente\n|n|\u2606Priest_of_Talos|priestoftalos\n|n|\u2606DoctorCaliente|doctorcaliente\n|html|View the match progress at <a href=\"\/game-bestof3-gen9vgc2023regulatione-1992317824\">game-bestof3-gen9vgc2023regulatione-1992317824<\/a>\n|t:|1700174108\n|gametype|doubles\n|player|p1|Priest_of_Talos|265|\n|player|p2|DoctorCaliente|170|\n|teamsize|p1|6\n|teamsize|p2|6\n|gen|9\n|tier|[Gen 9] VGC 2023 Regulation E\n|rule|Species Clause: Limit one of each Pok\u00e9mon\n|rule|Item Clause: Limit one of each item\n|clearpoke\n|poke|p1|Annihilape, L50, F|\n|poke|p1|Dragonite, L50, F|\n|poke|p1|Scream Tail, L50|\n|poke|p1|Iron Moth, L50|\n|poke|p1|Chien-Pao, L50|\n|poke|p1|Tinkaton, L50, F|\n|poke|p2|Ogerpon-Hearthflame, L50, F|\n|poke|p2|Grimmsnarl, L50, M|\n|poke|p2|Thundurus, L50, M|\n|poke|p2|Spectrier, L50|\n|poke|p2|Tyranitar, L50, M|\n|poke|p2|Scizor, L50, M|\n|teampreview|4\nDoctorCaliente has agreed to open team sheets.\nPriest_of_Talos has agreed to open team sheets.\n|showteam|p1|Annihilape||Leftovers|Defiant|BulkUp,DrainPunch,RageFist,Protect|||F|||50|,,,,,Dark]Dragonite||ChoiceBand|InnerFocus|ExtremeSpeed,AerialAce,StompingTantrum,IronHead|||F|||50|,,,,,Normal]Scream Tail||BoosterEnergy|Protosynthesis|Reflect,ThunderWave,DazzlingGleam,Protect||||||50|,,,,,Dark]Iron Moth||LumBerry|QuarkDrive|EnergyBall,Overheat,SludgeWave,Protect||||||50|,,,,,Grass]Chien-Pao||FocusSash|SwordofRuin|IceSpinner,BrickBreak,SuckerPunch,Protect||||||50|,,,,,Ghost]Tinkaton||SitrusBerry|MoldBreaker|FakeOut,GigatonHammer,PlayRough,Protect|||F|||50|,,,,,Water\n|showteam|p2|Ogerpon-Hearthflame||HearthflameMask|MoldBreaker|IvyCudgel,HornLeech,Superpower,SpikyShield|||F|||50|,,,,,Fire]Grimmsnarl||LightClay|Prankster|FakeOut,SpiritBreak,LightScreen,Reflect|||M|||50|,,,,,Ghost]Thundurus||CovertCloak|Prankster|WildboltStorm,FlashCannon,Taunt,ThunderWave|||M|||50|,,,,,Steel]Spectrier||ChoiceScarf|GrimNeigh|DarkPulse,ShadowBall,Psychic,TeraBlast||||||50|,,,,,Fairy]Tyranitar||WeaknessPolicy|SandStream|Protect,RockSlide,IronHead,HighHorsepower|||M|||50|,,,,,Rock]Scizor||LifeOrb|Technician|BulletPunch,XScissor,CloseCombat,Protect|||M|||50|,,,,,Water\n|\n|t:|1700174218\n|start\n|switch|p1a: Johnny Cage|Dragonite, L50, F|100\/100\n|switch|p1b: Kano|Chien-Pao, L50|100\/100\n|switch|p2a: Bonkzilla|Tyranitar, L50, M|100\/100\n|switch|p2b: Bonksnarl|Grimmsnarl, L50, M|100\/100\n|-ability|p1b: Kano|Sword of Ruin\n|-weather|Sandstorm|[from] ability: Sand Stream|[of] p2a: Bonkzilla\n|turn|1\n|\n|t:|1700174283\n|-terastallize|p1a: Johnny Cage|Normal\n|-terastallize|p2a: Bonkzilla|Rock\n|move|p1b: Kano|Protect|p1b: Kano\n|-singleturn|p1b: Kano|Protect\n|move|p2b: Bonksnarl|Reflect|p2b: Bonksnarl\n|-sidestart|p2: DoctorCaliente|Reflect\n|move|p1a: Johnny Cage|Iron Head|p2b: Bonksnarl\n|-supereffective|p2b: Bonksnarl\n|-damage|p2b: Bonksnarl|0 fnt\n|faint|p2b: Bonksnarl\n|move|p2a: Bonkzilla|Rock Slide|p1b: Kano|[spread] p1a\n|-activate|p1b: Kano|move: Protect\n|-damage|p1a: Johnny Cage|49\/100\n|\n|-weather|Sandstorm|[upkeep]\n|-damage|p1b: Kano|95\/100|[from] Sandstorm\n|-damage|p1a: Johnny Cage|43\/100|[from] Sandstorm\n|upkeep\n|\n|t:|1700174322\n|switch|p2b: Ogerbonk|Ogerpon-Hearthflame, L50, F|100\/100\n|-ability|p2b: Ogerbonk|Mold Breaker\n|turn|2\n|\n|t:|1700174341\n|switch|p1a: moke kill|Annihilape, L50, F|100\/100\n|move|p1b: Kano|Brick Break|p2a: Bonkzilla\n|-sideend|p2: DoctorCaliente|Reflect\n|-supereffective|p2a: Bonkzilla\n|-damage|p2a: Bonkzilla|52\/100\n|-enditem|p2a: Bonkzilla|Weakness Policy\n|-boost|p2a: Bonkzilla|atk|2|[from] item: Weakness Policy\n|-boost|p2a: Bonkzilla|spa|2|[from] item: Weakness Policy\n|move|p2b: Ogerbonk|Ivy Cudgel|p1b: Kano|[anim] Ivy Cudgel Fire\n|-supereffective|p1b: Kano\n|-damage|p1b: Kano|0 fnt\n|faint|p1b: Kano\n|move|p2a: Bonkzilla|Rock Slide|p1a: moke kill\n|-resisted|p1a: moke kill\n|-damage|p1a: moke kill|45\/100\n|\n|-weather|Sandstorm|[upkeep]\n|-damage|p2b: Ogerbonk|95\/100|[from] Sandstorm\n|-damage|p1a: moke kill|39\/100|[from] Sandstorm\n|-heal|p1a: moke kill|45\/100|[from] item: Leftovers\n|upkeep\n|\n|t:|1700174385\n|switch|p1b: Johnny Cage|Dragonite, L50, F, tera:Normal|43\/100\n|turn|3\n|\n|t:|1700174406\n|move|p2a: Bonkzilla|Protect|p2a: Bonkzilla\n|-singleturn|p2a: Bonkzilla|Protect\n|move|p1b: Johnny Cage|Extreme Speed|p2b: Ogerbonk\n|-crit|p2b: Ogerbonk\n|-damage|p2b: Ogerbonk|0 fnt\n|faint|p2b: Ogerbonk\n|move|p1a: moke kill|Drain Punch|p2a: Bonkzilla\n|-activate|p2a: Bonkzilla|move: Protect\n|\n|-weather|Sandstorm|[upkeep]\n|-damage|p1a: moke kill|39\/100|[from] Sandstorm\n|-damage|p1b: Johnny Cage|37\/100|[from] Sandstorm\n|-heal|p1a: moke kill|45\/100|[from] item: Leftovers\n|upkeep\n|\n|t:|1700174418\n|switch|p2b: Cumdurus|Thundurus, L50, M|100\/100\n|turn|4\n|\n|t:|1700174428\n|move|p1b: Johnny Cage|Extreme Speed|p2b: Cumdurus\n|-damage|p2b: Cumdurus|0 fnt\n|faint|p2b: Cumdurus\n|move|p1a: moke kill|Drain Punch|p2a: Bonkzilla\n|-supereffective|p2a: Bonkzilla\n|-damage|p2a: Bonkzilla|0 fnt\n|-heal|p1a: moke kill|71\/100|[from] drain|[of] p2a: Bonkzilla\n|faint|p2a: Bonkzilla\n|\n|win|Priest_of_Talos\n|inactive|Priest_of_Talos has 50 seconds to confirm battle start!\n|inactive|DoctorCaliente has 50 seconds to confirm battle start!\n","uploadtime":1700174437,"views":25,"p1id":"priestoftalos","p2id":"doctorcaliente","formatid":"gen9vgc2023regulatione","rating":0,"private":0,"password":""}