{"id":"gen9vgc2023regulatione-1991605624","p1":"shadowclause","p2":"Chuckypuntoexe","format":"[Gen 9] VGC 2023 Regulation E","log":"|j|\u2606shadowclause\n|j|\u2606Chuckypuntoexe\n|t:|1700093399\n|gametype|doubles\n|player|p1|shadowclause|101|1059\n|player|p2|Chuckypuntoexe|steven|1059\n|teamsize|p1|6\n|teamsize|p2|6\n|gen|9\n|tier|[Gen 9] VGC 2023 Regulation E\n|rated|\n|rule|Species Clause: Limit one of each Pok\u00e9mon\n|rule|Item Clause: Limit one of each item\n|clearpoke\n|poke|p1|Dipplin, L50, F|\n|poke|p1|Torkoal, L50, F|\n|poke|p1|Sawsbuck-Autumn, L50, F|\n|poke|p1|Scovillain, L50, F|\n|poke|p1|Lilligant-Hisui, L50, F|\n|poke|p1|Gastrodon-East, L50, F|\n|poke|p2|Amoonguss, L50, M|\n|poke|p2|Empoleon, L50, M|\n|poke|p2|Ogerpon-Hearthflame, L50, F|\n|poke|p2|Landorus-Therian, L50, M|\n|poke|p2|Chien-Pao, L50|\n|poke|p2|Tornadus, L50, M|\n|teampreview|4\n|inactive|Battle timer is ON: inactive players will automatically lose when time's up. (requested by Chuckypuntoexe)\n|\n|t:|1700093424\n|start\n|switch|p1a: Torkoal|Torkoal, L50, F|100\/100\n|switch|p1b: Sawsbuck|Sawsbuck-Autumn, L50, F|100\/100\n|switch|p2a: Chien-Pao|Chien-Pao, L50|100\/100\n|switch|p2b: Tornadus|Tornadus, L50, M|100\/100\n|-ability|p2a: Chien-Pao|Sword of Ruin\n|-weather|SunnyDay|[from] ability: Drought|[of] p1a: Torkoal\n|turn|1\n|inactive|shadowclause has 30 seconds left.\n|inactive|Chuckypuntoexe has 30 seconds left.\n|\n|t:|1700093450\n|-terastallize|p1b: Sawsbuck|Ice\n|move|p1b: Sawsbuck|Tera Blast|p2b: Tornadus|[anim] Tera Blast Ice\n|-supereffective|p2b: Tornadus\n|-damage|p2b: Tornadus|0 fnt\n|faint|p2b: Tornadus\n|move|p2a: Chien-Pao|Ice Spinner|p1b: Sawsbuck\n|-resisted|p1b: Sawsbuck\n|-damage|p1b: Sawsbuck|60\/100\n|move|p1a: Torkoal|Stealth Rock|p2a: Chien-Pao\n|-sidestart|p2: Chuckypuntoexe|move: Stealth Rock\n|\n|-weather|SunnyDay|[upkeep]\n|upkeep\n|\n|t:|1700093470\n|switch|p2b: Empoleon|Empoleon, L50, M|100\/100\n|-damage|p2b: Empoleon|95\/100|[from] Stealth Rock\n|turn|2\n|\n|t:|1700093493\n|move|p1b: Sawsbuck|Horn Leech|p2b: Empoleon\n|-damage|p2b: Empoleon|49\/100\n|-heal|p1b: Sawsbuck|88\/100|[from] drain|[of] p2b: Empoleon\n|move|p2a: Chien-Pao|Sacred Sword|p1b: Sawsbuck\n|-supereffective|p1b: Sawsbuck\n|-damage|p1b: Sawsbuck|0 fnt\n|faint|p1b: Sawsbuck\n|move|p2b: Empoleon|Wave Crash|p1a: Torkoal\n|-supereffective|p1a: Torkoal\n|-damage|p1a: Torkoal|50\/100\n|-damage|p2b: Empoleon|32\/100|[from] Recoil\n|move|p1a: Torkoal|Heat Wave|p2a: Chien-Pao|[spread] p2a,p2b\n|-supereffective|p2a: Chien-Pao\n|-enditem|p2a: Chien-Pao|Focus Sash\n|-damage|p2a: Chien-Pao|1\/100\n|-damage|p2b: Empoleon|0 fnt\n|faint|p2b: Empoleon\n|\n|-weather|SunnyDay|[upkeep]\n|upkeep\n|inactive|shadowclause has 30 seconds left.\n|\n|t:|1700093521\n|switch|p1b: Scovillain|Scovillain, L50, F|100\/100\n|switch|p2b: Landorus|Landorus-Therian, L50, M|100\/100\n|-damage|p2b: Landorus|88\/100|[from] Stealth Rock\n|-ability|p2b: Landorus|Intimidate|boost\n|-unboost|p1a: Torkoal|atk|1\n|-unboost|p1b: Scovillain|atk|1\n|turn|3\n|inactive|shadowclause has 30 seconds left.\n|inactive|shadowclause has 20 seconds left.\n|\n|t:|1700093556\n|-terastallize|p2b: Landorus|Flying\n|move|p2a: Chien-Pao|Protect|p2a: Chien-Pao\n|-singleturn|p2a: Chien-Pao|Protect\n|move|p1b: Scovillain|Solar Beam||[still]\n|-prepare|p1b: Scovillain|Solar Beam\n|-anim|p1b: Scovillain|Solar Beam|p2b: Landorus\n|-resisted|p2b: Landorus\n|-crit|p2b: Landorus\n|-damage|p2b: Landorus|50\/100\n|move|p2b: Landorus|Tera Blast|p1b: Scovillain|[anim] Tera Blast Flying\n|-supereffective|p1b: Scovillain\n|-damage|p1b: Scovillain|0 fnt\n|faint|p1b: Scovillain\n|move|p1a: Torkoal|Heat Wave|p2a: Chien-Pao|[spread] p2b\n|-activate|p2a: Chien-Pao|move: Protect\n|-damage|p2b: Landorus|12\/100\n|-status|p2b: Landorus|brn\n|\n|-weather|SunnyDay|[upkeep]\n|-damage|p2b: Landorus|6\/100 brn|[from] brn\n|upkeep\n|\n|t:|1700093573\n|switch|p1b: Dipplin|Dipplin, L50, F|100\/100\n|-ability|p1b: Dipplin|Supersweet Syrup\n|-ability|p1b: Dipplin|Supersweet Syrup|boost\n|-unboost|p2a: Chien-Pao|evasion|1\n|-unboost|p2b: Landorus|evasion|1\n|turn|4\n|\n|t:|1700093596\n|move|p1b: Dipplin|Protect|p1b: Dipplin\n|-singleturn|p1b: Dipplin|Protect\n|move|p2a: Chien-Pao|Ice Spinner|p1b: Dipplin\n|-activate|p1b: Dipplin|move: Protect\n|move|p2b: Landorus|Stomping Tantrum|p1a: Torkoal\n|-supereffective|p1a: Torkoal\n|-damage|p1a: Torkoal|3\/100\n|move|p1a: Torkoal|Heat Wave|p2b: Landorus|[spread] p2a,p2b\n|-supereffective|p2a: Chien-Pao\n|-damage|p2a: Chien-Pao|0 fnt\n|-damage|p2b: Landorus|0 fnt\n|faint|p2a: Chien-Pao\n|faint|p2b: Landorus\n|\n|win|shadowclause\n|raw|shadowclause's rating: 1059 &rarr; <strong>1090<\/strong><br \/>(+31 for winning)\n|raw|Chuckypuntoexe's rating: 1059 &rarr; <strong>1040<\/strong><br \/>(-19 for losing)\n|l|\u2606Chuckypuntoexe\n","uploadtime":1700093616,"views":8,"p1id":"shadowclause","p2id":"chuckypuntoexe","formatid":"gen9vgc2023regulatione","rating":1040,"private":0,"password":""}