{"id":"gen9vgc2023regulatione-1991411105","p1":"ItoshiSae95","p2":"QTwo","format":"[Gen 9] VGC 2023 Regulation E","log":"|j|\u2606ItoshiSae95\n|j|\u2606QTwo\n|t:|1700074834\n|gametype|doubles\n|player|p1|ItoshiSae95|101|1538\n|player|p2|QTwo|red|1637\n|teamsize|p1|6\n|teamsize|p2|6\n|gen|9\n|tier|[Gen 9] VGC 2023 Regulation E\n|rated|\n|rule|Species Clause: Limit one of each Pok\u00e9mon\n|rule|Item Clause: Limit one of each item\n|clearpoke\n|poke|p1|Tornadus, L50, M|\n|poke|p1|Urshifu-*, L50, M|\n|poke|p1|Flutter Mane, L50|\n|poke|p1|Chien-Pao, L50|\n|poke|p1|Arcanine-Hisui, L50, F|\n|poke|p1|Rillaboom, L50, F|\n|poke|p2|Chi-Yu, L50|\n|poke|p2|Iron Hands, L50|\n|poke|p2|Torkoal, L50, M|\n|poke|p2|Dusclops, L50, M|\n|poke|p2|Iron Bundle, L50|\n|poke|p2|Rillaboom, L50, M|\n|teampreview|4\n|inactive|Battle timer is ON: inactive players will automatically lose when time's up. (requested by QTwo)\n|inactive|ItoshiSae95 has 60 seconds left.\n|\n|t:|1700074893\n|start\n|switch|p1a: Tornadus|Tornadus, L50, M|100\/100\n|switch|p1b: Rillaboom|Rillaboom, L50, F|100\/100\n|switch|p2a: Iron Bundle|Iron Bundle, L50|100\/100\n|switch|p2b: Chi-Yu|Chi-Yu, L50|100\/100\n|-ability|p2b: Chi-Yu|Beads of Ruin\n|-fieldstart|move: Grassy Terrain|[from] ability: Grassy Surge|[of] p1b: Rillaboom\n|-enditem|p2a: Iron Bundle|Booster Energy\n|-activate|p2a: Iron Bundle|ability: Quark Drive|[fromitem]\n|-start|p2a: Iron Bundle|quarkdrivespe\n|turn|1\n|j| SaturnCraft\n|\n|t:|1700074916\n|-terastallize|p2b: Chi-Yu|Ghost\n|move|p1a: Tornadus|Tailwind|p1a: Tornadus\n|-sidestart|p1: ItoshiSae95|move: Tailwind\n|move|p2a: Iron Bundle|Icy Wind|p1a: Tornadus|[spread] p1a,p1b\n|-supereffective|p1a: Tornadus\n|-supereffective|p1b: Rillaboom\n|-damage|p1a: Tornadus|44\/100\n|-damage|p1b: Rillaboom|64\/100\n|-unboost|p1a: Tornadus|spe|1\n|-unboost|p1b: Rillaboom|spe|1\n|move|p2b: Chi-Yu|Snarl|p1b: Rillaboom|[spread] p1a,p1b\n|-damage|p1a: Tornadus|0 fnt\n|-damage|p1b: Rillaboom|30\/100\n|-unboost|p1b: Rillaboom|spa|1\n|faint|p1a: Tornadus\n|move|p1b: Rillaboom|Wood Hammer|p2b: Chi-Yu\n|-damage|p2b: Chi-Yu|0 fnt\n|faint|p2b: Chi-Yu\n|-damage|p1b: Rillaboom|8\/100|[from] Recoil\n|\n|-heal|p1b: Rillaboom|14\/100|[from] Grassy Terrain\n|upkeep\n|j| stridesvgc\n|\n|t:|1700074936\n|switch|p2b: Iron Hands|Iron Hands, L50|100\/100\n|switch|p1a: Arcanine|Arcanine-Hisui, L50, F|100\/100\n|-ability|p1a: Arcanine|Intimidate|boost\n|-unboost|p2a: Iron Bundle|atk|1\n|-unboost|p2b: Iron Hands|atk|1\n|turn|2\n|\n|t:|1700074961\n|switch|p1b: Urshifu|Urshifu-Rapid-Strike, L50, M|100\/100\n|-terastallize|p1a: Arcanine|Fairy\n|move|p2b: Iron Hands|Fake Out|p1b: Urshifu\n|-damage|p1b: Urshifu|90\/100\n|move|p2a: Iron Bundle|Hydro Pump|p1a: Arcanine\n|-crit|p1a: Arcanine\n|-damage|p1a: Arcanine|0 fnt\n|faint|p1a: Arcanine\n|\n|-heal|p1b: Urshifu|96\/100|[from] Grassy Terrain\n|upkeep\n|\n|t:|1700074972\n|switch|p1a: Rillaboom|Rillaboom, L50, F|14\/100\n|turn|3\n|\n|t:|1700074987\n|move|p1b: Urshifu|Surging Strikes|p2b: Iron Hands\n|-crit|p2b: Iron Hands\n|-damage|p2b: Iron Hands|85\/100\n|-crit|p2b: Iron Hands\n|-damage|p2b: Iron Hands|69\/100\n|-crit|p2b: Iron Hands\n|-damage|p2b: Iron Hands|53\/100\n|-hitcount|p2b: Iron Hands|3\n|move|p2a: Iron Bundle|Freeze-Dry|p1b: Urshifu\n|-supereffective|p1b: Urshifu\n|-damage|p1b: Urshifu|0 fnt\n|faint|p1b: Urshifu\n|move|p1a: Rillaboom|High Horsepower|p2b: Iron Hands\n|-supereffective|p2b: Iron Hands\n|-damage|p2b: Iron Hands|5\/100\n|move|p2b: Iron Hands|Wild Charge|p1a: Rillaboom\n|-resisted|p1a: Rillaboom\n|-damage|p1a: Rillaboom|0 fnt\n|faint|p1a: Rillaboom\n|-damage|p2b: Iron Hands|2\/100|[from] Recoil\n|\n|win|QTwo\n|raw|ItoshiSae95's rating: 1538 &rarr; <strong>1524<\/strong><br \/>(-14 for losing)\n|raw|QTwo's rating: 1637 &rarr; <strong>1651<\/strong><br \/>(+14 for winning)\n|l|\u2606ItoshiSae95\n|l| SaturnCraft\n","uploadtime":1700075002,"views":21,"p1id":"itoshisae95","p2id":"qtwo","formatid":"gen9vgc2023regulatione","rating":1524,"private":0,"password":""}