{"id":"gen9vgc2023regulatione-2000679112","p1":"L10n Escanor","p2":"Disobedient_vgc","format":"[Gen 9] VGC 2023 Regulation E","log":"|j|\u2606L10n Escanor\n|j|\u2606Disobedient_vgc\n|n|\u2606L10n Escanor|l10nescanor\n|n|\u2606Disobedient_vgc|disobedientvgc\n|html|View the match progress at <a href=\"\/game-bestof3-gen9vgc2023regulatione-2000675151\">game-bestof3-gen9vgc2023regulatione-2000675151<\/a>\n|t:|1701217899\n|gametype|doubles\n|player|p1|L10n Escanor|steven|\n|player|p2|Disobedient_vgc|shadowtriad|\n|teamsize|p1|6\n|teamsize|p2|6\n|gen|9\n|tier|[Gen 9] VGC 2023 Regulation E\n|rule|Species Clause: Limit one of each Pok\u00e9mon\n|rule|Item Clause: Limit one of each item\n|clearpoke\n|poke|p1|Flutter Mane, L50|\n|poke|p1|Iron Hands, L50|\n|poke|p1|Ogerpon-Hearthflame, L50, F|\n|poke|p1|Urshifu-*, L50, M|\n|poke|p1|Amoonguss, L50, M|\n|poke|p1|Tornadus, L50, M|\n|poke|p2|Typhlosion-Hisui, L50, F|\n|poke|p2|Ninetales, L50, F|\n|poke|p2|Lilligant-Hisui, L50, F|\n|poke|p2|Flutter Mane, L50|\n|poke|p2|Tornadus, L50, M|\n|poke|p2|Iron Hands, L50|\n|teampreview|4\nDisobedient_vgc has agreed to open team sheets.\nL10n Escanor has agreed to open team sheets.\n|showteam|p1|Flutter Mane||BoosterEnergy|Protosynthesis|DazzlingGleam,ShadowBall,Moonblast,Protect||||||50|,,,,,Fairy]Iron Hands||AssaultVest|QuarkDrive|DrainPunch,ThunderPunch,HeavySlam,FakeOut||||||50|,,,,,Water]Ogerpon-Hearthflame||HearthflameMask|MoldBreaker|IvyCudgel,HornLeech,SpikyShield,GrassyGlide|||F|||50|,,,,,Fire]Urshifu-Rapid-Strike||MysticWater|UnseenFist|SurgingStrikes,AquaJet,CloseCombat,Protect|||M|||50|,,,,,Water]Amoonguss||SitrusBerry|Regenerator|Spore,PollenPuff,RagePowder,GigaDrain|||M|||50|,,,,,Water]Tornadus||CovertCloak|Prankster|Tailwind,BleakwindStorm,RainDance,Taunt|||M|||50|,,,,,Steel\n|showteam|p2|Typhlosion-Hisui||ChoiceScarf|Blaze|Eruption,ShadowBall,SolarBeam,HeatWave|||F|||50|,,,,,Fire]Ninetales||HeatRock|Drought|Roar,Protect,WillOWisp,FireBlast|||F|||50|,,,,,Steel]Lilligant-Hisui||FocusSash|Chlorophyll|SolarBlade,CloseCombat,AfterYou,SleepPowder|||F|||50|,,,,,Ghost]Flutter Mane||ChoiceSpecs|Protosynthesis|DazzlingGleam,MysticalFire,Thunderbolt,ShadowBall||||||50|,,,,,Fairy]Tornadus||CovertCloak|Prankster|BleakwindStorm,Tailwind,SunnyDay,Taunt|||M|||50|,,,,,Steel]Iron Hands||AssaultVest|QuarkDrive|DrainPunch,WildCharge,FakeOut,VoltSwitch||||||50|,,,,,Grass\n|\n|t:|1701217935\n|start\n|switch|p1a: Flutter Mane|Flutter Mane, L50|100\/100\n|switch|p1b: Iron Hands|Iron Hands, L50, shiny|100\/100\n|switch|p2a: Tornadus|Tornadus, L50, M|100\/100\n|switch|p2b: Flutter Mane|Flutter Mane, L50|100\/100\n|-enditem|p1a: Flutter Mane|Booster Energy\n|-activate|p1a: Flutter Mane|ability: Protosynthesis|[fromitem]\n|-start|p1a: Flutter Mane|protosynthesisspa\n|turn|1\n|\n|t:|1701217993\n|-terastallize|p1a: Flutter Mane|Fairy\n|move|p2a: Tornadus|Sunny Day|p2a: Tornadus\n|-weather|SunnyDay\n|-activate|p2b: Flutter Mane|ability: Protosynthesis\n|-start|p2b: Flutter Mane|protosynthesisspe\n|move|p2b: Flutter Mane|Dazzling Gleam|p1a: Flutter Mane|[spread] p1a,p1b\n|-supereffective|p1b: Iron Hands\n|-damage|p1a: Flutter Mane|53\/100\n|-damage|p1b: Iron Hands|55\/100\n|move|p1a: Flutter Mane|Moonblast|p2b: Flutter Mane\n|-damage|p2b: Flutter Mane|4\/100\n|move|p1b: Iron Hands|Heavy Slam|p2b: Flutter Mane\n|-supereffective|p2b: Flutter Mane\n|-damage|p2b: Flutter Mane|0 fnt\n|faint|p2b: Flutter Mane\n|-end|p2b: Flutter Mane|Protosynthesis|[silent]\n|\n|-weather|SunnyDay|[upkeep]\n|upkeep\n|\n|t:|1701218007\n|switch|p2b: Typhlosion|Typhlosion-Hisui, L50, F|100\/100\n|turn|2\n|\n|t:|1701218073\n|-terastallize|p2b: Typhlosion|Fire\n|move|p2a: Tornadus|Tailwind|p2a: Tornadus\n|-sidestart|p2: Disobedient_vgc|move: Tailwind\n|move|p2b: Typhlosion|Eruption|p1a: Flutter Mane|[spread] p1a,p1b\n|-damage|p1a: Flutter Mane|0 fnt\n|-damage|p1b: Iron Hands|0 fnt\n|faint|p1a: Flutter Mane\n|-end|p1a: Flutter Mane|Protosynthesis|[silent]\n|faint|p1b: Iron Hands\n|-end|p1b: Iron Hands|Quark Drive|[silent]\n|\n|-weather|SunnyDay|[upkeep]\n|upkeep\n|\n|t:|1701218083\n|switch|p1a: Urshifu|Urshifu-Rapid-Strike, L50, M|100\/100\n|switch|p1b: Tornadus|Tornadus, L50, M|100\/100\n|turn|3\n|\n|t:|1701218107\n|move|p2a: Tornadus|Taunt|p1b: Tornadus\n|-start|p1b: Tornadus|move: Taunt\n|cant|p1b: Tornadus|move: Taunt|Rain Dance\n|move|p2b: Typhlosion|Eruption|p1b: Tornadus|[spread] p1a,p1b\n|-resisted|p1a: Urshifu\n|-crit|p1a: Urshifu\n|-damage|p1a: Urshifu|0 fnt\n|-damage|p1b: Tornadus|0 fnt\n|faint|p1a: Urshifu\n|faint|p1b: Tornadus\n|\n|win|Disobedient_vgc\n","uploadtime":1701218213,"views":1,"p1id":"l10nescanor","p2id":"disobedientvgc","formatid":"gen9vgc2023regulatione","rating":0,"private":0,"password":""}