{"id":"gen9vgc2023regulatione-1998527859","p1":"Zujjj","p2":"shimst3r","format":"[Gen 9] VGC 2023 Regulation E","log":"|j|\u2606Zujjj\n|j|\u2606shimst3r\n|t:|1700952543\n|gametype|doubles\n|player|p1|Zujjj|ninjaboy|1039\n|player|p2|shimst3r|clown|1120\n|teamsize|p1|6\n|teamsize|p2|6\n|gen|9\n|tier|[Gen 9] VGC 2023 Regulation E\n|rated|\n|rule|Species Clause: Limit one of each Pok\u00e9mon\n|rule|Item Clause: Limit one of each item\n|clearpoke\n|poke|p1|Rillaboom, L50, M|\n|poke|p1|Regieleki, L50|\n|poke|p1|Sneasler, L50, M|\n|poke|p1|Palafin, L50, M|\n|poke|p1|Indeedee-F, L50, F|\n|poke|p1|Flutter Mane, L50|\n|poke|p2|Farigiraf, L50, F|\n|poke|p2|Iron Hands, L50|\n|poke|p2|Urshifu-*, L50, M|\n|poke|p2|Chien-Pao, L50|\n|poke|p2|Tornadus, L50, M|\n|poke|p2|Flutter Mane, L50|\n|teampreview|4\n|inactive|Battle timer is ON: inactive players will automatically lose when time's up. (requested by shimst3r)\n|inactive|Zujjj has 60 seconds left.\n|inactive|Zujjj has 30 seconds left.\n|inactive|Zujjj has 20 seconds left.\n|\n|t:|1700952658\n|start\n|switch|p1a: Palafin|Palafin, L50, M|100\/100\n|switch|p1b: Sneasler|Sneasler, L50, M|100\/100\n|switch|p2a: Big Girafarig|Farigiraf, L50, F|100\/100\n|switch|p2b: Sparky Hariyama|Iron Hands, L50, shiny|100\/100\n|turn|1\n|inactive|Zujjj has 30 seconds left.\n|\n|t:|1700952693\n|move|p2b: Sparky Hariyama|Fake Out|p1a: Palafin\n|-damage|p1a: Palafin|81\/100\n|cant|p1a: Palafin|flinch\n|move|p1b: Sneasler|Fling|p2b: Sparky Hariyama\n|-resisted|p2b: Sparky Hariyama\n|-damage|p2b: Sparky Hariyama|96\/100\n|-enditem|p1b: Sneasler|King's Rock|[from] move: Fling\n|move|p2a: Big Girafarig|Trick Room|p2a: Big Girafarig\n|-fieldstart|move: Trick Room|[of] p2a: Big Girafarig\n|\n|upkeep\n|turn|2\n|\n|t:|1700952714\n|move|p2b: Sparky Hariyama|Wild Charge|p1a: Palafin\n|-supereffective|p1a: Palafin\n|-damage|p1a: Palafin|0 fnt\n|faint|p1a: Palafin\n|-damage|p2b: Sparky Hariyama|81\/100|[from] Recoil\n|move|p2a: Big Girafarig|Psychic|p1b: Sneasler\n|-supereffective|p1b: Sneasler\n|-damage|p1b: Sneasler|0 fnt\n|faint|p1b: Sneasler\n|\n|upkeep\n|\n|t:|1700952725\n|switch|p1a: Rillaboom|Rillaboom, L50, M|100\/100\n|switch|p1b: Flutter Mane|Flutter Mane, L50|100\/100\n|-fieldstart|move: Grassy Terrain|[from] ability: Grassy Surge|[of] p1a: Rillaboom\n|-enditem|p1b: Flutter Mane|Booster Energy\n|-activate|p1b: Flutter Mane|ability: Protosynthesis|[fromitem]\n|-start|p1b: Flutter Mane|protosynthesisspe\n|turn|3\n|\n|t:|1700952745\n|move|p2b: Sparky Hariyama|Heavy Slam|p1b: Flutter Mane\n|-supereffective|p1b: Flutter Mane\n|-damage|p1b: Flutter Mane|0 fnt\n|faint|p1b: Flutter Mane\n|-end|p1b: Flutter Mane|Protosynthesis|[silent]\n|move|p2a: Big Girafarig|Imprison|p2a: Big Girafarig\n|-start|p2a: Big Girafarig|move: Imprison\n|move|p1a: Rillaboom|Knock Off|p2b: Sparky Hariyama\n|-resisted|p2b: Sparky Hariyama\n|-damage|p2b: Sparky Hariyama|69\/100\n|-enditem|p2b: Sparky Hariyama|Assault Vest|[from] move: Knock Off|[of] p1a: Rillaboom\n|\n|-heal|p2b: Sparky Hariyama|75\/100|[from] Grassy Terrain\n|upkeep\n|turn|4\n|-message|Zujjj forfeited.\n|\n|win|shimst3r\n|raw|Zujjj's rating: 1039 &rarr; <strong>1027<\/strong><br \/>(-12 for losing)\n|raw|shimst3r's rating: 1120 &rarr; <strong>1139<\/strong><br \/>(+19 for winning)\n|l|\u2606Zujjj\n","uploadtime":1700952762,"views":6,"p1id":"zujjj","p2id":"shimst3r","formatid":"gen9vgc2023regulatione","rating":1027,"private":0,"password":""}