{"id":"gen9vgc2023regulatione-1994129165","p1":"Shadow Ballers","p2":"mad skwovet","format":"[Gen 9] VGC 2023 Regulation E","log":"|j|\u2606Shadow Ballers\n|j|\u2606mad skwovet\n|t:|1700410322\n|gametype|doubles\n|player|p1|Shadow Ballers|roughneck|1422\n|player|p2|mad skwovet|pokemaniac|1486\n|teamsize|p1|6\n|teamsize|p2|6\n|gen|9\n|tier|[Gen 9] VGC 2023 Regulation E\n|rated|\n|rule|Species Clause: Limit one of each Pok\u00e9mon\n|rule|Item Clause: Limit one of each item\n|clearpoke\n|poke|p1|Iron Bundle, L50|\n|poke|p1|Toedscruel, L50, F|\n|poke|p1|Weezing-Galar, L50, M|\n|poke|p1|Weavile, L50, F|\n|poke|p1|Rillaboom, L50, F|\n|poke|p1|Ceruledge, L50, M|\n|poke|p2|Gyarados, L50, F|\n|poke|p2|Rillaboom, L50, F|\n|poke|p2|Chi-Yu, L50|\n|poke|p2|Flutter Mane, L50|\n|poke|p2|Thundurus-Therian, L50, M|\n|poke|p2|Kingambit, L50, F|\n|teampreview|4\n|inactive|Battle timer is ON: inactive players will automatically lose when time's up. (requested by Shadow Ballers)\nShadow Ballers rejected open team sheets.\n|\n|t:|1700410383\n|start\n|switch|p1a: Weavile|Weavile, L50, F, shiny|100\/100\n|switch|p1b: Weezing|Weezing-Galar, L50, M, shiny|100\/100\n|switch|p2a: Thundurus|Thundurus-Therian, L50, M|100\/100\n|switch|p2b: Gyarados|Gyarados, L50, F|100\/100\n|-ability|p1b: Weezing|Neutralizing Gas\n|turn|1\n|\n|t:|1700410396\n|move|p2a: Thundurus|Protect|p2a: Thundurus\n|-singleturn|p2a: Thundurus|Protect\n|move|p2b: Gyarados|Protect|p2b: Gyarados\n|-singleturn|p2b: Gyarados|Protect\n|move|p1a: Weavile|Fake Out|p2a: Thundurus\n|-activate|p2a: Thundurus|move: Protect\n|move|p1b: Weezing|Play Rough|p2a: Thundurus\n|-activate|p2a: Thundurus|move: Protect\n|\n|upkeep\n|turn|2\n|\n|t:|1700410416\n|move|p2b: Gyarados|Helping Hand|p2a: Thundurus\n|-singleturn|p2a: Thundurus|Helping Hand|[of] p2b: Gyarados\n|move|p1a: Weavile|Icicle Crash|p2a: Thundurus\n|-supereffective|p2a: Thundurus\n|-damage|p2a: Thundurus|0 fnt\n|faint|p2a: Thundurus\n|move|p1b: Weezing|Play Rough|p2b: Gyarados\n|-damage|p2b: Gyarados|63\/100\n|\n|upkeep\n|\n|t:|1700410427\n|switch|p2a: Flutter Mane|Flutter Mane, L50|100\/100\n|-enditem|p2a: Flutter Mane|Booster Energy\n|-activate|p2a: Flutter Mane|ability: Protosynthesis|[fromitem]\n|-start|p2a: Flutter Mane|protosynthesisspe\n|turn|3\n|inactive|mad skwovet has 30 seconds left.\n|\n|t:|1700410453\n|switch|p2b: Rillaboom|Rillaboom, L50, F|100\/100\n|move|p2a: Flutter Mane|Protect|p2a: Flutter Mane\n|-singleturn|p2a: Flutter Mane|Protect\n|move|p1a: Weavile|Icicle Crash|p2b: Rillaboom\n|-supereffective|p2b: Rillaboom\n|-damage|p2b: Rillaboom|24\/100\n|move|p1b: Weezing|Gyro Ball|p2a: Flutter Mane\n|-activate|p2a: Flutter Mane|move: Protect\n|\n|upkeep\n|turn|4\n|\n|t:|1700410473\n|-terastallize|p1a: Weavile|Ghost\n|move|p2b: Rillaboom|Fake Out|p1b: Weezing\n|-damage|p1b: Weezing|88\/100\n|move|p1a: Weavile|Ice Shard|p2b: Rillaboom\n|-supereffective|p2b: Rillaboom\n|-damage|p2b: Rillaboom|0 fnt\n|faint|p2b: Rillaboom\n|move|p2a: Flutter Mane|Moonblast|p1a: Weavile\n|-damage|p1a: Weavile|34\/100\n|move|p1b: Weezing|Gyro Ball|p2a: Flutter Mane\n|-supereffective|p2a: Flutter Mane\n|-damage|p2a: Flutter Mane|0 fnt\n|faint|p2a: Flutter Mane\n|-end|p2a: Flutter Mane|Protosynthesis|[silent]\n|\n|upkeep\n|-message|mad skwovet forfeited.\n|\n|win|Shadow Ballers\n|raw|Shadow Ballers's rating: 1422 &rarr; <strong>1446<\/strong><br \/>(+24 for winning)\n|raw|mad skwovet's rating: 1486 &rarr; <strong>1462<\/strong><br \/>(-24 for losing)\n|c|\u2606Shadow Ballers|Gg\n","uploadtime":1700410542,"views":6,"p1id":"shadowballers","p2id":"madskwovet","formatid":"gen9vgc2023regulatione","rating":1446,"private":0,"password":""}