{"id":"gen9vgc2023regulatione-1998434533","p1":"AllStarSpecial","p2":"Draco997","format":"[Gen 9] VGC 2023 Regulation E","log":"|j|\u2606AllStarSpecial\n|j|\u203dDraco997\n|t:|1700941916\n|gametype|doubles\n|player|p1|AllStarSpecial|alder|1058\n|player|p2|Draco997|juan|1016\n|teamsize|p1|6\n|teamsize|p2|6\n|gen|9\n|tier|[Gen 9] VGC 2023 Regulation E\n|rated|\n|rule|Species Clause: Limit one of each Pok\u00e9mon\n|rule|Item Clause: Limit one of each item\n|clearpoke\n|poke|p1|Arcanine-Hisui, L50, M|\n|poke|p1|Amoonguss, L50, M|\n|poke|p1|Flutter Mane, L50|\n|poke|p1|Dragapult, L50, M|\n|poke|p1|Urshifu-*, L50, M|\n|poke|p1|Scizor, L50, M|\n|poke|p2|Regieleki, L50|\n|poke|p2|Garganacl, L50, M|\n|poke|p2|Golem-Alola, L50, M|\n|poke|p2|Dusclops, L50, M|\n|poke|p2|Urshifu-*, L50, M|\n|poke|p2|Moltres-Galar, L50|\n|teampreview|4\n|inactive|Battle timer is ON: inactive players will automatically lose when time's up. (requested by Draco997)\n|\n|t:|1700941929\n|start\n|switch|p1a: Scizor|Scizor, L50, M|100\/100\n|switch|p1b: Amoonguss|Amoonguss, L50, M, shiny|100\/100\n|switch|p2a: Regieleki|Regieleki, L50|100\/100\n|switch|p2b: Dusclops|Dusclops, L50, M|100\/100\n|-ability|p2b: Dusclops|Pressure\n|turn|1\n|inactive|AllStarSpecial has 30 seconds left.\n|\n|t:|1700941955\n|-terastallize|p2a: Regieleki|Normal\n|move|p1b: Amoonguss|Rage Powder|p1b: Amoonguss\n|-singleturn|p1b: Amoonguss|move: Rage Powder\n|move|p2a: Regieleki|Explosion|p1b: Amoonguss|[spread] p1a,p1b\n|-immune|p2b: Dusclops\n|-resisted|p1a: Scizor\n|-damage|p1a: Scizor|47\/100\n|-damage|p1b: Amoonguss|12\/100\n|faint|p2a: Regieleki\n|move|p1a: Scizor|Swords Dance|p1a: Scizor\n|-boost|p1a: Scizor|atk|2\n|move|p2b: Dusclops|Trick Room|p2b: Dusclops\n|-fieldstart|move: Trick Room|[of] p2b: Dusclops\n|\n|upkeep\n|\n|t:|1700941971\n|switch|p2a: Garganacl|Garganacl, L50, M|100\/100\n|turn|2\n|\n|t:|1700941994\n|move|p1b: Amoonguss|Protect|p1b: Amoonguss\n|-singleturn|p1b: Amoonguss|Protect\n|move|p1a: Scizor|Bullet Punch|p2a: Garganacl\n|-supereffective|p2a: Garganacl\n|-ability|p2a: Garganacl|Sturdy\n|-damage|p2a: Garganacl|1\/100\n|move|p2a: Garganacl|Explosion|p1a: Scizor|[spread] p1a\n|-activate|p1b: Amoonguss|move: Protect\n|-immune|p2b: Dusclops\n|-resisted|p1a: Scizor\n|-damage|p1a: Scizor|2\/100\n|faint|p2a: Garganacl\n|move|p2b: Dusclops|Calm Mind|p2b: Dusclops\n|-boost|p2b: Dusclops|spa|1\n|-boost|p2b: Dusclops|spd|1\n|\n|upkeep\n|-message|Draco997 forfeited.\n|\n|win|AllStarSpecial\n|raw|AllStarSpecial's rating: 1058 &rarr; <strong>1086<\/strong><br \/>(+28 for winning)\n|raw|Draco997's rating: 1016 &rarr; <strong>1005<\/strong><br \/>(-11 for losing)\n|l|\u203dDraco997\n","uploadtime":1700942015,"views":8,"p1id":"allstarspecial","p2id":"draco997","formatid":"gen9vgc2023regulatione","rating":1005,"private":0,"password":""}