{"id":"gen9vgc2023regulatione-1998116707","p1":"sawawa256","p2":"That_Leek","format":"[Gen 9] VGC 2023 Regulation E","log":"|j|\u2606sawawa256\n|j|\u2606That_Leek\n|t:|1700894285\n|gametype|doubles\n|player|p1|sawawa256|hilbert|1553\n|player|p2|That_Leek|blue|1602\n|teamsize|p1|6\n|teamsize|p2|6\n|gen|9\n|tier|[Gen 9] VGC 2023 Regulation E\n|rated|\n|rule|Species Clause: Limit one of each Pok\u00e9mon\n|rule|Item Clause: Limit one of each item\n|clearpoke\n|poke|p1|Flutter Mane, L50|\n|poke|p1|Maushold-Four, L50|\n|poke|p1|Tornadus, L50, M|\n|poke|p1|Heatran, L50, M|\n|poke|p1|Dragonite, L50, M|\n|poke|p1|Chien-Pao, L50|\n|poke|p2|Gholdengo, L50|\n|poke|p2|Ogerpon-Wellspring, L50, F|\n|poke|p2|Arcanine-Hisui, L50, F|\n|poke|p2|Chien-Pao, L50|\n|poke|p2|Scream Tail, L50|\n|poke|p2|Dragonite, L50, M|\n|teampreview|4\nThat_Leek has agreed to open team sheets.\n|\n|t:|1700894306\n|start\n|switch|p1a: Flutter Mane|Flutter Mane, L50|100\/100\n|switch|p1b: Maushold|Maushold-Four, L50|100\/100\n|switch|p2a: Gholdengo|Gholdengo, L50|100\/100\n|switch|p2b: Ogerpon|Ogerpon-Wellspring, L50, F|100\/100\n|turn|1\n|inactive|Battle timer is ON: inactive players will automatically lose when time's up. (requested by sawawa256)\n|inactive|That_Leek has 60 seconds left.\n|\n|t:|1700894407\n|move|p2b: Ogerpon|Follow Me|p2b: Ogerpon\n|-singleturn|p2b: Ogerpon|move: Follow Me\n|move|p1b: Maushold|Taunt|p2b: Ogerpon\n|-start|p2b: Ogerpon|move: Taunt\n|move|p1a: Flutter Mane|Shadow Ball|p2b: Ogerpon\n|-damage|p2b: Ogerpon|35\/100\n|-unboost|p2b: Ogerpon|spd|1\n|move|p2a: Gholdengo|Nasty Plot|p2a: Gholdengo\n|-boost|p2a: Gholdengo|spa|2\n|\n|upkeep\n|turn|2\n|\n|t:|1700894420\n|move|p2a: Gholdengo|Protect|p2a: Gholdengo\n|-singleturn|p2a: Gholdengo|Protect\n|move|p1b: Maushold|Follow Me|p1b: Maushold\n|-singleturn|p1b: Maushold|move: Follow Me\n|move|p1a: Flutter Mane|Shadow Ball|p2a: Gholdengo\n|-activate|p2a: Gholdengo|move: Protect\n|move|p2b: Ogerpon|Ivy Cudgel|p1b: Maushold|[anim] Ivy Cudgel Water\n|-crit|p1b: Maushold\n|-damage|p1b: Maushold|0 fnt\n|faint|p1b: Maushold\n|\n|upkeep\n|\n|t:|1700894437\n|switch|p1b: Chien-Pao|Chien-Pao, L50|100\/100\n|-ability|p1b: Chien-Pao|Sword of Ruin\n|turn|3\n|\n|t:|1700894445\n|-terastallize|p2a: Gholdengo|Water\n|move|p1b: Chien-Pao|Icicle Crash|p2a: Gholdengo\n|-resisted|p2a: Gholdengo\n|-damage|p2a: Gholdengo|72\/100\n|move|p1a: Flutter Mane|Shadow Ball|p2a: Gholdengo\n|-damage|p2a: Gholdengo|4\/100\n|-enditem|p2a: Gholdengo|Sitrus Berry|[eat]\n|-heal|p2a: Gholdengo|29\/100|[from] item: Sitrus Berry\n|move|p2b: Ogerpon|Horn Leech|p1b: Chien-Pao\n|-damage|p1b: Chien-Pao|44\/100\n|-heal|p2b: Ogerpon|58\/100|[from] drain|[of] p1b: Chien-Pao\n|move|p2a: Gholdengo|Make It Rain|p1b: Chien-Pao|[spread] p1a,p1b\n|-supereffective|p1a: Flutter Mane\n|-supereffective|p1b: Chien-Pao\n|-damage|p1a: Flutter Mane|0 fnt\n|-damage|p1b: Chien-Pao|0 fnt\n|-unboost|p2a: Gholdengo|spa|1\n|faint|p1a: Flutter Mane\n|-end|p1a: Flutter Mane|Protosynthesis|[silent]\n|faint|p1b: Chien-Pao\n|\n|upkeep\n|-message|sawawa256 forfeited.\n|\n|win|That_Leek\n|raw|sawawa256's rating: 1553 &rarr; <strong>1536<\/strong><br \/>(-17 for losing)\n|raw|That_Leek's rating: 1602 &rarr; <strong>1619<\/strong><br \/>(+17 for winning)\n","uploadtime":1700894473,"views":6,"p1id":"sawawa256","p2id":"thatleek","formatid":"gen9vgc2023regulatione","rating":1536,"private":0,"password":""}