{"id":"gen9vgc2023regulatione-1995219306","p1":"kidturtle","p2":"Jourvicious","format":"[Gen 9] VGC 2023 Regulation E","log":"|j|\u2606kidturtle\n|j|\u2606Jourvicious\n|t:|1700536084\n|gametype|doubles\n|player|p1|kidturtle|hoopster|\n|player|p2|Jourvicious|guitarist|\n|teamsize|p1|6\n|teamsize|p2|6\n|gen|9\n|tier|[Gen 9] VGC 2023 Regulation E\n|rated|Tournament battle\n|rule|Species Clause: Limit one of each Pok\u00e9mon\n|rule|Item Clause: Limit one of each item\n|clearpoke\n|poke|p1|Ursaluna, L50, M|\n|poke|p1|Cresselia, L50, F|\n|poke|p1|Flutter Mane, L50|\n|poke|p1|Chi-Yu, L50|\n|poke|p1|Iron Hands, L50|\n|poke|p1|Urshifu-*, L50, M|\n|poke|p2|Chi-Yu, L50|\n|poke|p2|Shiftry, L50, F|\n|poke|p2|Iron Bundle, L50|\n|poke|p2|Tornadus, L50, M|\n|poke|p2|Landorus-Therian, L50, M|\n|poke|p2|Ogerpon-Cornerstone, L50, F|\n|teampreview|4\n|showteam|p1|Ursaluna||FlameOrb|Guts|Facade,Earthquake,SwordsDance,Protect|||M|||50|,,,,,Ghost]Cresselia||MentalHerb|Levitate|IceBeam,AllySwitch,LunarBlessing,TrickRoom|||F|||50|,,,,,Fairy]Flutter Mane||BoosterEnergy|Protosynthesis|IcyWind,ShadowBall,Moonblast,Protect||||||50|,,,,,Fairy]Chi-Yu||ChoiceSpecs|BeadsofRuin|BurningJealousy,DarkPulse,Overheat,Snarl||||||50|,,,,,Ghost]Iron Hands||SitrusBerry|QuarkDrive|DrainPunch,WildCharge,FakeOut,SwordsDance||||||50|,,,,,Fire]Urshifu||FocusSash|UnseenFist|Detect,WickedBlow,CloseCombat,SuckerPunch|||M|||50|,,,,,Dark\n|showteam|p2|Chi-Yu||ChoiceSpecs|BeadsofRuin|HeatWave,DarkPulse,Snarl,Overheat||||||50|,,,,,Fire]Shiftry||FocusSash|WindRider|FakeOut,LowKick,LeafBlade,SuckerPunch|||F|||50|,,,,,Ghost]Iron Bundle||BoosterEnergy|QuarkDrive|FreezeDry,HydroPump,IcyWind,Protect||||||50|,,,,,Grass]Tornadus||KingsRock|Prankster|BleakwindStorm,Taunt,Tailwind,Fling|||M|||50|,,,,,Ghost]Landorus-Therian||ChoiceScarf|Intimidate|Uturn,StompingTantrum,RockSlide,Earthquake|||M|||50|,,,,,Steel]Ogerpon-Cornerstone||CornerstoneMask|Sturdy|SpikyShield,FollowMe,IvyCudgel,Encore|||F|||50|,,,,,Rock\n|inactive|Battle timer is ON: inactive players will automatically lose when time's up. (requested by Jourvicious)\n|j| turtsnaco744\n|j|%Radio Free C-Side\n|c|\u2606Jourvicious|glhf\n|j| IcicleStorm13\n|c|\u2606kidturtle|thx u 2\n|j| FatalEspresso\n|inactive|Jourvicious has 60 seconds left.\n|l| turtsnaco744\n|inactive|Jourvicious has 30 seconds left.\n|inactive|Jourvicious has 20 seconds left.\n|\n|t:|1700536157\n|start\n|switch|p1a: Flutter Mane|Flutter Mane, L50, shiny|100\/100\n|switch|p1b: Chi-Yu|Chi-Yu, L50|100\/100\n|switch|p2a: Walmart Delibird|Iron Bundle, L50|100\/100\n|switch|p2b: Shiftry|Shiftry, L50, F, shiny|100\/100\n|-ability|p1b: Chi-Yu|Beads of Ruin\n|-enditem|p2a: Walmart Delibird|Booster Energy\n|-activate|p2a: Walmart Delibird|ability: Quark Drive|[fromitem]\n|-start|p2a: Walmart Delibird|quarkdrivespe\n|-enditem|p1a: Flutter Mane|Booster Energy\n|-activate|p1a: Flutter Mane|ability: Protosynthesis|[fromitem]\n|-start|p1a: Flutter Mane|protosynthesisspe\n|turn|1\n|inactive|Jourvicious has 30 seconds left.\n|inactive|Jourvicious has 20 seconds left.\n|inactive|Jourvicious has 15 seconds left.\n|\n|t:|1700536199\n|move|p2b: Shiftry|Sucker Punch|p1a: Flutter Mane\n|-damage|p1a: Flutter Mane|26\/100\n|move|p2a: Walmart Delibird|Freeze-Dry|p1a: Flutter Mane\n|-damage|p1a: Flutter Mane|0 fnt\n|faint|p1a: Flutter Mane\n|-end|p1a: Flutter Mane|Protosynthesis|[silent]\n|move|p1b: Chi-Yu|Burning Jealousy|p2b: Shiftry|[spread] p2a,p2b\n|-supereffective|p2b: Shiftry\n|-damage|p2a: Walmart Delibird|0 fnt\n|-enditem|p2b: Shiftry|Focus Sash\n|-damage|p2b: Shiftry|1\/100\n|faint|p2a: Walmart Delibird\n|-end|p2a: Walmart Delibird|Quark Drive|[silent]\n|\n|upkeep\n|\n|t:|1700536211\n|switch|p2a: Ogerpon|Ogerpon-Cornerstone, L50, F|100\/100\n|switch|p1a: Cresselia|Cresselia, L50, F|100\/100\n|turn|2\n|\n|t:|1700536229\n|move|p2a: Ogerpon|Ivy Cudgel|p1b: Chi-Yu|[anim] Ivy Cudgel Rock\n|-supereffective|p1b: Chi-Yu\n|-damage|p1b: Chi-Yu|0 fnt\n|faint|p1b: Chi-Yu\n|move|p2b: Shiftry|Leaf Blade|p1a: Cresselia\n|-damage|p1a: Cresselia|73\/100\n|move|p1a: Cresselia|Trick Room|p1a: Cresselia\n|-fieldstart|move: Trick Room|[of] p1a: Cresselia\n|\n|upkeep\n|\n|t:|1700536233\n|switch|p1b: Ursaluna|Ursaluna, L50, M|100\/100\n|turn|3\n|inactive|Jourvicious has 30 seconds left.\n|\n|t:|1700536261\n|-terastallize|p2a: Ogerpon|Rock\n|detailschange|p2a: Ogerpon|Ogerpon-Cornerstone-Tera, L50, F, tera:Rock\n|-ability|p2a: Ogerpon|Embody Aspect (Cornerstone)|boost\n|-boost|p2a: Ogerpon|def|1\n|move|p2b: Shiftry|Sucker Punch|p1b: Ursaluna\n|-damage|p1b: Ursaluna|76\/100\n|move|p1b: Ursaluna|Earthquake|p2a: Ogerpon|[spread] p2a,p2b\n|-immune|p1a: Cresselia|[from] ability: Levitate\n|-supereffective|p2a: Ogerpon\n|-resisted|p2b: Shiftry\n|-damage|p2a: Ogerpon|16\/100\n|-damage|p2b: Shiftry|0 fnt\n|faint|p2b: Shiftry\n|move|p1a: Cresselia|Lunar Blessing|p1a: Cresselia|[spread] p1a,p1b\n|-heal|p1a: Cresselia|98\/100\n|-heal|p1b: Ursaluna|100\/100\n|move|p2a: Ogerpon|Ivy Cudgel|p1b: Ursaluna|[anim] Ivy Cudgel Rock\n|-resisted|p1b: Ursaluna\n|-damage|p1b: Ursaluna|73\/100\n|\n|-status|p1b: Ursaluna|brn|[from] item: Flame Orb\n|upkeep\n|\n|t:|1700536279\n|switch|p2b: Chef-Yu|Chi-Yu, L50|100\/100\n|-ability|p2b: Chef-Yu|Beads of Ruin\n|turn|4\n|\n|t:|1700536286\n|move|p2a: Ogerpon|Follow Me|p2a: Ogerpon\n|-singleturn|p2a: Ogerpon|move: Follow Me\n|move|p1b: Ursaluna|Earthquake|p2a: Ogerpon|[spread] p2a,p2b\n|-immune|p1a: Cresselia|[from] ability: Levitate\n|-supereffective|p2a: Ogerpon\n|-supereffective|p2b: Chef-Yu\n|-damage|p2a: Ogerpon|0 fnt\n|-damage|p2b: Chef-Yu|0 fnt\n|faint|p2a: Ogerpon\n|faint|p2b: Chef-Yu\n|\n|win|kidturtle\n|n|\u2606kidturtle|kidturtle\n|n|\u2606Jourvicious|jourvicious\n|n| Radio Free C-Side|radiofreecside\n|n| IcicleStorm13|iciclestorm13\n|n| FatalEspresso|fatalespresso\n","uploadtime":1700536287,"views":1,"p1id":"kidturtle","p2id":"jourvicious","formatid":"gen9vgc2023regulatione","rating":0,"private":0,"password":""}