{"id":"gen9vgc2023regulatione-1997676915","p1":"NervousAvocado","p2":"delegao","format":"[Gen 9] VGC 2023 Regulation E","log":"|j|\u2606NervousAvocado\n|j|\u2606delegao\n|t:|1700840668\n|gametype|doubles\n|player|p1|NervousAvocado|aaron|1117\n|player|p2|delegao|veteran|1119\n|teamsize|p1|6\n|teamsize|p2|6\n|gen|9\n|tier|[Gen 9] VGC 2023 Regulation E\n|rated|\n|rule|Species Clause: Limit one of each Pok\u00e9mon\n|rule|Item Clause: Limit one of each item\n|clearpoke\n|poke|p1|Basculegion, L50, M|\n|poke|p1|Politoed, L50, F|\n|poke|p1|Chien-Pao, L50|\n|poke|p1|Kingambit, L50, M|\n|poke|p1|Rillaboom, L50, M|\n|poke|p1|Muk-Alola, L50, F|\n|poke|p2|Sinistcha, L50|\n|poke|p2|Iron Hands, L50|\n|poke|p2|Landorus-Therian, L50, M|\n|poke|p2|Cresselia, L50, F|\n|poke|p2|Chien-Pao, L50|\n|poke|p2|Ursaluna-Bloodmoon, L50, M|\n|teampreview|4\n|inactive|Battle timer is ON: inactive players will automatically lose when time's up. (requested by delegao)\n|\n|t:|1700840689\n|start\n|switch|p1a: Politoed|Politoed, L50, F|100\/100\n|switch|p1b: Basculegion|Basculegion, L50, M|100\/100\n|switch|p2a: Sinistcha|Sinistcha, L50|100\/100\n|switch|p2b: Iron Hands|Iron Hands, L50|100\/100\n|-weather|RainDance|[from] ability: Drizzle|[of] p1a: Politoed\n|turn|1\n|\n|t:|1700840712\n|switch|p1a: Muk|Muk-Alola, L50, F|100\/100\n|-terastallize|p1b: Basculegion|Dragon\n|move|p2b: Iron Hands|Fake Out|p1a: Muk\n|-damage|p1a: Muk|86\/100\n|move|p1b: Basculegion|Outrage|p2a: Sinistcha\n|-damage|p2a: Sinistcha|43\/100\n|-enditem|p2a: Sinistcha|Sitrus Berry|[eat]\n|-heal|p2a: Sinistcha|67\/100|[from] item: Sitrus Berry\n|move|p2a: Sinistcha|Trick Room|p2a: Sinistcha\n|-fieldstart|move: Trick Room|[of] p2a: Sinistcha\n|\n|-weather|RainDance|[upkeep]\n|-heal|p1a: Muk|92\/100|[from] item: Leftovers\n|upkeep\n|turn|2\n|inactive|NervousAvocado has 30 seconds left.\n|inactive|delegao has 30 seconds left.\n|\n|t:|1700840741\n|move|p2b: Iron Hands|Wild Charge|p1a: Muk\n|-damage|p1a: Muk|51\/100\n|-damage|p2b: Iron Hands|92\/100|[from] Recoil\n|move|p1a: Muk|Poison Gas|p2a: Sinistcha|[spread] p2a,p2b\n|-status|p2a: Sinistcha|psn\n|-status|p2b: Iron Hands|psn\n|move|p2a: Sinistcha|Strength Sap|p1b: Basculegion\n|-unboost|p1b: Basculegion|atk|1\n|-heal|p2a: Sinistcha|100\/100 psn\n|move|p1b: Basculegion|Outrage|p2b: Iron Hands|[from]lockedmove\n|-damage|p2b: Iron Hands|55\/100 psn\n|\n|-weather|RainDance|[upkeep]\n|-heal|p1a: Muk|58\/100|[from] item: Leftovers\n|-damage|p2b: Iron Hands|43\/100 psn|[from] psn\n|-damage|p2a: Sinistcha|88\/100 psn|[from] psn\n|upkeep\n|turn|3\n|\n|t:|1700840766\n|move|p1a: Muk|Protect|p1a: Muk\n|-singleturn|p1a: Muk|Protect\n|move|p2b: Iron Hands|Drain Punch|p1a: Muk\n|-activate|p1a: Muk|move: Protect\n|move|p2a: Sinistcha|Matcha Gotcha|p1b: Basculegion|[spread] \n|-activate|p1a: Muk|move: Protect\n|-miss|p2a: Sinistcha|p1b: Basculegion\n|move|p1b: Basculegion|Outrage|p2b: Iron Hands|[from]lockedmove\n|-damage|p2b: Iron Hands|10\/100 psn\n|-start|p1b: Basculegion|confusion|[fatigue]\n|\n|-weather|RainDance|[upkeep]\n|-heal|p1a: Muk|64\/100|[from] item: Leftovers\n|-damage|p2b: Iron Hands|0 fnt|[from] psn\n|faint|p2b: Iron Hands\n|-end|p2b: Iron Hands|Quark Drive|[silent]\n|-damage|p2a: Sinistcha|76\/100 psn|[from] psn\n|upkeep\n|\n|t:|1700840770\n|switch|p2b: Ursaluna|Ursaluna-Bloodmoon, L50, M|100\/100\n|turn|4\n|inactive|NervousAvocado has 30 seconds left.\n|inactive|NervousAvocado has 20 seconds left.\n|inactive|NervousAvocado has 15 seconds left.\n|\n|t:|1700840811\n|move|p2b: Ursaluna|Earth Power|p1a: Muk\n|-supereffective|p1a: Muk\n|-damage|p1a: Muk|0 fnt\n|faint|p1a: Muk\n|move|p2a: Sinistcha|Matcha Gotcha|p1b: Basculegion\n|-resisted|p1b: Basculegion\n|-damage|p1b: Basculegion|78\/100\n|-heal|p2a: Sinistcha|90\/100 psn|[from] drain|[of] p1b: Basculegion\n|-activate|p1b: Basculegion|confusion\n|move|p1b: Basculegion|Wave Crash|p2b: Ursaluna\n|-supereffective|p2b: Ursaluna\n|-damage|p2b: Ursaluna|0 fnt\n|faint|p2b: Ursaluna\n|-damage|p1b: Basculegion|41\/100|[from] Recoil\n|\n|-weather|RainDance|[upkeep]\n|-damage|p2a: Sinistcha|78\/100 psn|[from] psn\n|upkeep\n|-message|delegao forfeited.\n|\n|win|NervousAvocado\n|raw|NervousAvocado's rating: 1117 &rarr; <strong>1142<\/strong><br \/>(+25 for winning)\n|raw|delegao's rating: 1119 &rarr; <strong>1094<\/strong><br \/>(-25 for losing)\n|l|\u2606delegao\n|c|\u2606NervousAvocado|Gg\n","uploadtime":1700840849,"views":2,"p1id":"nervousavocado","p2id":"delegao","formatid":"gen9vgc2023regulatione","rating":1094,"private":0,"password":""}