{"id":"gen9vgc2023regulatione-1991175133","p1":"blindfishptsd","p2":"Aphro Ray Koga","format":"[Gen 9] VGC 2023 Regulation E","log":"|j|\u2606blindfishptsd\n|j|\u2606Aphro Ray Koga\n|t:|1700053615\n|gametype|doubles\n|player|p1|blindfishptsd|medium|\n|player|p2|Aphro Ray Koga|marlon|\n|teamsize|p1|6\n|teamsize|p2|6\n|gen|9\n|tier|[Gen 9] VGC 2023 Regulation E\n|rated|Tournament battle\n|rule|Species Clause: Limit one of each Pok\u00e9mon\n|rule|Item Clause: Limit one of each item\n|clearpoke\n|poke|p1|Chien-Pao, L50|\n|poke|p1|Dragonite, L50, M|\n|poke|p1|Rillaboom, L50, M|\n|poke|p1|Urshifu-*, L50, F|\n|poke|p1|Farigiraf, L50, F|\n|poke|p1|Heatran, L50, M|\n|poke|p2|Charizard, L50, F|\n|poke|p2|Gastrodon-East, L50, F|\n|poke|p2|Tornadus, L50, M|\n|poke|p2|Amoonguss, L50, M|\n|poke|p2|Pelipper, L50, F|\n|poke|p2|Ludicolo, L50, M|\n|teampreview|4\n|showteam|p1|Chien-Pao||FocusSash|SwordofRuin|Protect,SuckerPunch,SacredSword,IcicleCrash||||||50|,,,,,Ghost]Dragonite||ChoiceBand|InnerFocus|ExtremeSpeed,AerialAce,StompingTantrum,Outrage|||M|||50|,,,,,Normal]Rillaboom||MiracleSeed|GrassySurge|WoodHammer,GrassyGlide,Protect,FakeOut|||M|||50|,,,,,Grass]Urshifu-Rapid-Strike||ChoiceScarf|UnseenFist|SurgingStrikes,CloseCombat,AquaJet,Uturn|||F|||50|,,,,,Water]Farigiraf||RockyHelmet|ArmorTail|Psychic,DazzlingGleam,HelpingHand,TrickRoom|||F|||50|,,,,,Fairy]Heatran||AssaultVest|FlashFire|HeatWave,FlashCannon,TeraBlast,EarthPower|||M|||50|,,,,,Fairy\n|showteam|p2|Charizard||LifeOrb|SolarPower|SolarBeam,HeatWave,Hurricane,Protect|||F|||50|,,,,,Grass]Gastrodon-East||Leftovers|StormDrain|MuddyWater,SludgeBomb,Recover,EarthPower|||F|||50|,,,,,Poison]Tornadus||CovertCloak|Prankster|BleakwindStorm,WeatherBall,SunnyDay,Tailwind|||M|||50|,,,,,Flying]Amoonguss||RockyHelmet|Regenerator|RagePowder,PollenPuff,Spore,GigaDrain|||M|||50|,,,,,Water]Pelipper||FocusSash|Drizzle|Hurricane,WideGuard,Tailwind,Surf|||F|||50|,,,,,Steel]Ludicolo||AssaultVest|SwiftSwim|GigaDrain,Surf,FakeOut,Blizzard|||M|||50|,,,,,Water\n|inactive|Battle timer is ON: inactive players will automatically lose when time's up. (requested by Aphro Ray Koga)\n|inactive|blindfishptsd also wants the timer to be on.\n|c|\u2606blindfishptsd|glhf\n|j| Mr Yokai\n|inactive|Aphro Ray Koga has 60 seconds left.\n|\n|t:|1700053655\n|start\n|switch|p1a: Chien-Pao|Chien-Pao, L50|100\/100\n|switch|p1b: Dragonite|Dragonite, L50, M|100\/100\n|switch|p2a: Pelipper|Pelipper, L50, F|100\/100\n|switch|p2b: Ludicolo|Ludicolo, L50, M|100\/100\n|-ability|p1a: Chien-Pao|Sword of Ruin\n|-weather|RainDance|[from] ability: Drizzle|[of] p2a: Pelipper\n|turn|1\n|inactive|blindfishptsd has 30 seconds left.\n|\n|t:|1700053683\n|-terastallize|p1b: Dragonite|Normal\n|move|p1a: Chien-Pao|Protect|p1a: Chien-Pao\n|-singleturn|p1a: Chien-Pao|Protect\n|move|p2b: Ludicolo|Fake Out|p1b: Dragonite\n|-damage|p1b: Dragonite|92\/100\n|move|p1b: Dragonite|Extreme Speed|p2b: Ludicolo\n|-damage|p2b: Ludicolo|0 fnt\n|faint|p2b: Ludicolo\n|move|p2a: Pelipper|Surf|p1b: Dragonite|[spread] p1b\n|-activate|p1a: Chien-Pao|move: Protect\n|-damage|p1b: Dragonite|45\/100\n|\n|-weather|RainDance|[upkeep]\n|upkeep\n|\n|t:|1700053698\n|switch|p2b: Amoonguss|Amoonguss, L50, M|100\/100\n|turn|2\n|\n|t:|1700053715\n|-terastallize|p2a: Pelipper|Steel\n|move|p1b: Dragonite|Extreme Speed|p2b: Amoonguss\n|-damage|p2b: Amoonguss|29\/100\n|-damage|p1b: Dragonite|29\/100|[from] item: Rocky Helmet|[of] p2b: Amoonguss\n|move|p1a: Chien-Pao|Icicle Crash|p2b: Amoonguss\n|-supereffective|p2b: Amoonguss\n|-damage|p2b: Amoonguss|0 fnt\n|faint|p2b: Amoonguss\n|move|p2a: Pelipper|Hurricane|p1b: Dragonite\n|-damage|p1b: Dragonite|0 fnt\n|faint|p1b: Dragonite\n|\n|-weather|RainDance|[upkeep]\n|upkeep\n|\n|t:|1700053723\n|switch|p1b: Rillaboom|Rillaboom, L50, M|100\/100\n|switch|p2b: Gastrodon|Gastrodon-East, L50, F|100\/100\n|-fieldstart|move: Grassy Terrain|[from] ability: Grassy Surge|[of] p1b: Rillaboom\n|turn|3\n|\n|t:|1700053732\n|move|p1b: Rillaboom|Grassy Glide|p2b: Gastrodon\n|-supereffective|p2b: Gastrodon\n|-damage|p2b: Gastrodon|0 fnt\n|faint|p2b: Gastrodon\n|move|p1a: Chien-Pao|Sacred Sword|p2a: Pelipper\n|-supereffective|p2a: Pelipper\n|-damage|p2a: Pelipper|12\/100\n|move|p2a: Pelipper|Hurricane|p1b: Rillaboom\n|-supereffective|p1b: Rillaboom\n|-damage|p1b: Rillaboom|0 fnt\n|faint|p1b: Rillaboom\n|\n|-weather|RainDance|[upkeep]\n|-heal|p2a: Pelipper|18\/100|[from] Grassy Terrain\n|upkeep\n|\n|t:|1700053735\n|switch|p1b: Heatran|Heatran, L50, M|100\/100\n|turn|4\n|\n|t:|1700053739\n|move|p1a: Chien-Pao|Sacred Sword|p2a: Pelipper\n|-supereffective|p2a: Pelipper\n|-damage|p2a: Pelipper|0 fnt\n|faint|p2a: Pelipper\n|\n|win|blindfishptsd\n|n|\u2606blindfishptsd|blindfishptsd\n|n|\u2606Aphro Ray Koga|aphroraykoga\n|n| Mr Yokai|mryokai\n","uploadtime":1700053740,"views":9,"p1id":"blindfishptsd","p2id":"aphroraykoga","formatid":"gen9vgc2023regulatione","rating":0,"private":0,"password":""}