{"id":"gen9vgc2023regulatione-1989297496","p1":"justsosa","p2":"Wasio_person","format":"[Gen 9] VGC 2023 Regulation E","log":"|j|\u2606justsosa\n|j|\u2606Wasio_person\n|t:|1699833320\n|gametype|doubles\n|player|p1|justsosa|169|1088\n|player|p2|Wasio_person|102|1137\n|teamsize|p1|6\n|teamsize|p2|6\n|gen|9\n|tier|[Gen 9] VGC 2023 Regulation E\n|rated|\n|rule|Species Clause: Limit one of each Pok\u00e9mon\n|rule|Item Clause: Limit one of each item\n|clearpoke\n|poke|p1|Cyclizar, L50, F|\n|poke|p1|Rotom-Wash, L50|\n|poke|p1|Hippowdon, L50, F|\n|poke|p1|Annihilape, L50, M|\n|poke|p1|Arcanine, L50, M|\n|poke|p1|Lycanroc, L50, F|\n|poke|p2|Dondozo, L50, M|\n|poke|p2|Flamigo, L50, F|\n|poke|p2|Tatsugiri, L50, M|\n|poke|p2|Annihilape, L50, M|\n|poke|p2|Bronzor, L50|\n|poke|p2|Slowbro-Galar, L50, M|\n|teampreview|4\n|\n|t:|1699833350\n|start\n|switch|p1a: Cyclizar|Cyclizar, L50, F, shiny|100\/100\n|switch|p1b: Hippowdon|Hippowdon, L50, F, shiny|100\/100\n|switch|p2a: Annihilape|Annihilape, L50, M|100\/100\n|switch|p2b: Tatsugiri|Tatsugiri, L50, M, shiny|100\/100\n|-weather|Sandstorm|[from] ability: Sand Stream|[of] p1b: Hippowdon\n|turn|1\n|inactive|Battle timer is ON: inactive players will automatically lose when time's up. (requested by justsosa)\n|\n|t:|1699833361\n|move|p2b: Tatsugiri|Endure|p2b: Tatsugiri\n|-singleturn|p2b: Tatsugiri|move: Endure\n|move|p1b: Hippowdon|Protect|p1b: Hippowdon\n|-singleturn|p1b: Hippowdon|Protect\n|move|p1a: Cyclizar|Shed Tail|p1a: Cyclizar\n|-start|p1a: Cyclizar|Substitute|[from] move: Shed Tail\n|-damage|p1a: Cyclizar|50\/100\n|\n|t:|1699833367\n|switch|p1a: Annihilape|Annihilape, L50, M, shiny|100\/100|[from] Shed Tail\n|move|p2a: Annihilape|Final Gambit|p2b: Tatsugiri\n|-activate|p2b: Tatsugiri|move: Endure\n|-damage|p2b: Tatsugiri|1\/100\n|faint|p2a: Annihilape\n|\n|-weather|Sandstorm|[upkeep]\n|-damage|p1a: Annihilape|94\/100|[from] Sandstorm\n|-damage|p2b: Tatsugiri|0 fnt|[from] Sandstorm\n|faint|p2b: Tatsugiri\n|-heal|p1a: Annihilape|100\/100|[from] item: Leftovers\n|upkeep\n|-message|Wasio_person forfeited.\n|\n|win|justsosa\n|raw|justsosa's rating: 1088 &rarr; <strong>1119<\/strong><br \/>(+31 for winning)\n|raw|Wasio_person's rating: 1137 &rarr; <strong>1108<\/strong><br \/>(-29 for losing)\n|l|\u2606Wasio_person\n|c|\u2606justsosa|aye you kinda stupid\n","uploadtime":1699833392,"views":18,"p1id":"justsosa","p2id":"wasioperson","formatid":"gen9vgc2023regulatione","rating":1108,"private":0,"password":""}