{"id":"gen9vgc2023regulatione-1994997424","p1":"Hulkman72","p2":"Kzjehrzk","format":"[Gen 9] VGC 2023 Regulation E","log":"|j|\u2606Hulkman72\n|j|\u2606Kzjehrzk\n|t:|1700511809\n|gametype|doubles\n|player|p1|Hulkman72|clair|1103\n|player|p2|Kzjehrzk|lance|1000\n|teamsize|p1|4\n|teamsize|p2|6\n|gen|9\n|tier|[Gen 9] VGC 2023 Regulation E\n|rated|\n|rule|Species Clause: Limit one of each Pok\u00e9mon\n|rule|Item Clause: Limit one of each item\n|clearpoke\n|poke|p1|Torkoal, L50, F|\n|poke|p1|Lilligant-Hisui, L50, F|\n|poke|p1|Gible, L50, F|\n|poke|p1|Fuecoco, L50, M|\n|poke|p2|Flutter Mane, L50|\n|poke|p2|Tornadus, L50, M|\n|poke|p2|Rillaboom, L50, M|\n|poke|p2|Garganacl, L50, M|\n|poke|p2|Arcanine-Hisui, L50, F|\n|poke|p2|Chien-Pao, L50|\n|teampreview|4\n|\n|t:|1700511826\n|start\n|switch|p1a: Lilligant|Lilligant-Hisui, L50, F|100\/100\n|switch|p1b: Torkoal|Torkoal, L50, F|100\/100\n|switch|p2a: Tornadus|Tornadus, L50, M|100\/100\n|switch|p2b: Garganacl|Garganacl, L50, M|100\/100\n|-weather|SunnyDay|[from] ability: Drought|[of] p1b: Torkoal\n|turn|1\n|inactive|Battle timer is ON: inactive players will automatically lose when time's up. (requested by Kzjehrzk)\n|\n|t:|1700511848\n|switch|p1b: Gible|Gible, L50, F|100\/100\n|-terastallize|p2b: Garganacl|Ghost\n|move|p2a: Tornadus|Taunt|p1a: Lilligant\n|-start|p1a: Lilligant|move: Taunt\n|move|p1a: Lilligant|Solar Blade||[still]\n|-prepare|p1a: Lilligant|Solar Blade\n|-anim|p1a: Lilligant|Solar Blade|p2b: Garganacl\n|-damage|p2b: Garganacl|62\/100\n|move|p2b: Garganacl|Salt Cure|p1b: Gible\n|-resisted|p1b: Gible\n|-damage|p1b: Gible|83\/100\n|-start|p1b: Gible|Salt Cure\n|\n|-weather|SunnyDay|[upkeep]\n|-damage|p1b: Gible|71\/100|[from] Salt Cure\n|upkeep\n|turn|2\n|inactive|Hulkman72 has 30 seconds left.\n|\n|t:|1700511874\n|move|p1a: Lilligant|Solar Blade||[still]\n|-prepare|p1a: Lilligant|Solar Blade\n|-anim|p1a: Lilligant|Solar Blade|p2b: Garganacl\n|-crit|p2b: Garganacl\n|-damage|p2b: Garganacl|9\/100\n|-enditem|p2b: Garganacl|Sitrus Berry|[eat]\n|-heal|p2b: Garganacl|33\/100|[from] item: Sitrus Berry\n|move|p2a: Tornadus|Bleakwind Storm|p1a: Lilligant|[spread] p1a,p1b\n|-supereffective|p1a: Lilligant\n|-damage|p1a: Lilligant|0 fnt\n|-damage|p1b: Gible|0 fnt\n|faint|p1a: Lilligant\n|faint|p1b: Gible\n|move|p2b: Garganacl|Recover|p2b: Garganacl\n|-heal|p2b: Garganacl|84\/100\n|\n|-weather|SunnyDay|[upkeep]\n|upkeep\n|-message|Hulkman72 forfeited.\n|l|\u2606Hulkman72\n|inactive|Hulkman72 disconnected and has a minute to reconnect!\n|player|p1|\n|\n|win|Kzjehrzk\n|raw|Hulkman72's rating: 1103 &rarr; <strong>1071<\/strong><br \/>(-32 for losing)\n|raw|Kzjehrzk's rating: 1000 &rarr; <strong>1052<\/strong><br \/>(+52 for winning)\n","uploadtime":1700511903,"views":3,"p1id":"hulkman72","p2id":"kzjehrzk","formatid":"gen9vgc2023regulatione","rating":1052,"private":0,"password":""}