{"id":"gen9vgc2023regulatione-1995949148","p1":"MikeAlan94","p2":"ScammertronVGC","format":"[Gen 9] VGC 2023 Regulation E","log":"|j|\u2606MikeAlan94\n|j|\u2606ScammertronVGC\n|t:|1700620923\n|gametype|doubles\n|player|p1|MikeAlan94|steven|1112\n|player|p2|ScammertronVGC|steven|1136\n|teamsize|p1|6\n|teamsize|p2|6\n|gen|9\n|tier|[Gen 9] VGC 2023 Regulation E\n|rated|\n|rule|Species Clause: Limit one of each Pok\u00e9mon\n|rule|Item Clause: Limit one of each item\n|clearpoke\n|poke|p1|Ogerpon-Wellspring, L50, F|\n|poke|p1|Milotic, L50, M|\n|poke|p1|Sinistcha-Masterpiece, L50|\n|poke|p1|Empoleon, L50, F|\n|poke|p1|Wo-Chien, L50|\n|poke|p1|Politoed, L50, F|\n|poke|p2|Sinistcha, L50|\n|poke|p2|Landorus-Therian, L50, M|\n|poke|p2|Iron Hands, L50|\n|poke|p2|Arcanine-Hisui, L50, F|\n|poke|p2|Tornadus, L50, M|\n|poke|p2|Urshifu-*, L50, F|\n|teampreview|4\n|inactive|Battle timer is ON: inactive players will automatically lose when time's up. (requested by ScammertronVGC)\nScammertronVGC has agreed to open team sheets.\n|\n|t:|1700620948\n|start\n|switch|p1a: Empoleon|Empoleon, L50, F|100\/100\n|switch|p1b: Ogerpon|Ogerpon-Wellspring, L50, F|100\/100\n|switch|p2a: Sinistcha|Sinistcha, L50|100\/100\n|switch|p2b: Landorus|Landorus-Therian, L50, M|100\/100\n|-ability|p2b: Landorus|Intimidate|boost\n|-unboost|p1a: Empoleon|atk|1\n|-ability|p1a: Empoleon|Competitive|boost\n|-boost|p1a: Empoleon|spa|2\n|-unboost|p1b: Ogerpon|atk|1\n|turn|1\n|inactive|MikeAlan94 has 30 seconds left.\n|\n|t:|1700620982\n|move|p1b: Ogerpon|Ivy Cudgel|p2b: Landorus|[anim] Ivy Cudgel Water\n|-supereffective|p2b: Landorus\n|-damage|p2b: Landorus|5\/100\n|move|p2b: Landorus|Earthquake|p1a: Empoleon|[spread] p2a,p1a,p1b\n|-resisted|p2a: Sinistcha\n|-supereffective|p1a: Empoleon\n|-resisted|p1b: Ogerpon\n|-damage|p2a: Sinistcha|80\/100\n|-damage|p1a: Empoleon|8\/100\n|-damage|p1b: Ogerpon|72\/100\n|move|p2a: Sinistcha|Matcha Gotcha|p1b: Ogerpon|[spread] p1a,p1b\n|-damage|p1a: Empoleon|0 fnt\n|-heal|p2a: Sinistcha|85\/100|[from] drain|[of] p1a: Empoleon\n|-damage|p1b: Ogerpon|37\/100\n|-heal|p2a: Sinistcha|100\/100|[from] drain|[of] p1b: Ogerpon\n|faint|p1a: Empoleon\n|\n|upkeep\n|\n|t:|1700621000\n|switch|p1a: Politoed|Politoed, L50, F|100\/100\n|-weather|RainDance|[from] ability: Drizzle|[of] p1a: Politoed\n|turn|2\n|inactive|MikeAlan94 has 30 seconds left.\n|inactive|ScammertronVGC has 30 seconds left.\n|inactive|ScammertronVGC has 20 seconds left.\n|inactive|ScammertronVGC has 15 seconds left.\n|inactive|ScammertronVGC has 10 seconds left.\n|inactive|ScammertronVGC has 5 seconds left.\n|\n|t:|1700621055\n|move|p1b: Ogerpon|Ivy Cudgel|p2b: Landorus|[anim] Ivy Cudgel Water\n|-supereffective|p2b: Landorus\n|-damage|p2b: Landorus|0 fnt\n|faint|p2b: Landorus\n|move|p2a: Sinistcha|Matcha Gotcha|p1b: Ogerpon|[spread] p1a,p1b\n|-supereffective|p1a: Politoed\n|-damage|p1a: Politoed|54\/100\n|-damage|p1b: Ogerpon|6\/100\n|move|p1a: Politoed|Earth Power|p2a: Sinistcha\n|-resisted|p2a: Sinistcha\n|-damage|p2a: Sinistcha|81\/100\n|\n|-weather|RainDance|[upkeep]\n|upkeep\n|inactive|ScammertronVGC has 30 seconds left.\n|inactive|ScammertronVGC has 20 seconds left.\n|inactive|ScammertronVGC has 15 seconds left.\n|inactive|ScammertronVGC has 10 seconds left.\n|inactive|ScammertronVGC has 5 seconds left.\n|\n|t:|1700621110\n|switch|p2b: Iron Hands|Iron Hands, L50|100\/100\n|turn|3\n|inactive|ScammertronVGC has 30 seconds left.\n|inactive|ScammertronVGC has 20 seconds left.\n|inactive|ScammertronVGC has 15 seconds left.\n|inactive|ScammertronVGC has 10 seconds left.\n|inactive|ScammertronVGC has 5 seconds left.\n|\n|t:|1700621165\n|move|p2b: Iron Hands|Fake Out|p1b: Ogerpon\n|-damage|p1b: Ogerpon|0 fnt\n|faint|p1b: Ogerpon\n|move|p2a: Sinistcha|Matcha Gotcha|p1a: Politoed\n|-supereffective|p1a: Politoed\n|-damage|p1a: Politoed|0 fnt\n|-heal|p2a: Sinistcha|100\/100|[from] drain|[of] p1a: Politoed\n|faint|p1a: Politoed\n|\n|-weather|RainDance|[upkeep]\n|upkeep\n|\n|t:|1700621182\n|switch|p1b: Milotic|Milotic, L50, M|100\/100\n|turn|4\n|\n|t:|1700621196\n|move|p1b: Milotic|Ice Beam|p2a: Sinistcha\n|-supereffective|p2a: Sinistcha\n|-damage|p2a: Sinistcha|56\/100\n|move|p2a: Sinistcha|Matcha Gotcha|p1b: Milotic\n|-supereffective|p1b: Milotic\n|-damage|p1b: Milotic|49\/100\n|-heal|p2a: Sinistcha|85\/100|[from] drain|[of] p1b: Milotic\n|move|p2b: Iron Hands|Wild Charge|p1b: Milotic\n|-supereffective|p1b: Milotic\n|-damage|p1b: Milotic|0 fnt\n|faint|p1b: Milotic\n|-damage|p2b: Iron Hands|91\/100|[from] Recoil\n|\n|win|ScammertronVGC\n|raw|MikeAlan94's rating: 1112 &rarr; <strong>1089<\/strong><br \/>(-23 for losing)\n|raw|ScammertronVGC's rating: 1136 &rarr; <strong>1159<\/strong><br \/>(+23 for winning)\n|l|\u2606MikeAlan94\n","uploadtime":1700621331,"views":7,"p1id":"mikealan94","p2id":"scammertronvgc","formatid":"gen9vgc2023regulatione","rating":1089,"private":0,"password":""}