{"id":"gen9vgc2023regulatione-1994763282","p1":"Vengeful potato","p2":"hxllownest","format":"[Gen 9] VGC 2023 Regulation E","log":"|j|\u2606Vengeful potato\n|j|\u2606hxllownest\n|t:|1700490344\n|gametype|doubles\n|player|p1|Vengeful potato|swimmer|\n|player|p2|hxllownest|alec-anime|\n|teamsize|p1|6\n|teamsize|p2|6\n|gen|9\n|tier|[Gen 9] VGC 2023 Regulation E\n|rated|Tournament battle\n|rule|Species Clause: Limit one of each Pok\u00e9mon\n|rule|Item Clause: Limit one of each item\n|clearpoke\n|poke|p1|Articuno-Galar, L50|\n|poke|p1|Maushold, L50|\n|poke|p1|Azumarill, L50, F|\n|poke|p1|Hydreigon, L50, M|\n|poke|p1|Gholdengo, L50|\n|poke|p1|Slither Wing, L50|\n|poke|p2|Hawlucha, L50, F|\n|poke|p2|Rillaboom, L50, F|\n|poke|p2|Ogerpon-Wellspring, L50, F|\n|poke|p2|Chien-Pao, L50|\n|poke|p2|Flutter Mane, L50|\n|poke|p2|Milotic, L50, F|\n|teampreview|4\n|showteam|p1|Articuno-Galar||CovertCloak|Competitive|FreezingGlare,AirSlash,Tailwind,TrickRoom||||||50|,,,,,Steel]Maushold||RockyHelmet|FriendGuard|SuperFang,Taunt,FollowMe,Protect||||||50|,,,,,Ghost]Azumarill||ClearAmulet|HugePower|Liquidation,PlayRough,IceSpinner,Protect|||F|||50|,,,,,Fire]Hydreigon||LifeOrb|Levitate|DarkPulse,DracoMeteor,HeatWave,Protect|||M|||50|,,,,,Fire]Gholdengo||SitrusBerry|GoodasGold|MakeItRain,ShadowBall,NastyPlot,Protect||||||50|,,,,,Dragon]Slither Wing||BoosterEnergy|Protosynthesis|LeechLife,CloseCombat,FlareBlitz,HighHorsepower||||||50|,,,,,Fire\n|showteam|p2|Hawlucha||GrassySeed|Unburden|DrainPunch,Acrobatics,SwordsDance,Protect|||F|||50|,,,,,Steel]Rillaboom||AssaultVest|GrassySurge|HighHorsepower,WoodHammer,Uturn,FakeOut|||F|||50|,,,,,Grass]Ogerpon-Wellspring||WellspringMask|WaterAbsorb|GrassyGlide,IvyCudgel,FollowMe,SpikyShield|||F|||50|,,,,,Water]Chien-Pao||FocusSash|SwordofRuin|Crunch,IcicleCrash,Taunt,Protect||||||50|,,,,,Ghost]Flutter Mane||BoosterEnergy|Protosynthesis|DazzlingGleam,ShadowBall,Thunderbolt,Protect||||||50|,,,,,Fairy]Milotic||Leftovers|Competitive|Scald,IceBeam,Haze,Protect|||F|||50|,,,,,Dragon\n|inactive|Battle timer is ON: inactive players will automatically lose when time's up. (requested by hxllownest)\n|inactive|hxllownest has 60 seconds left.\n|j| Bruno the star\n|\n|t:|1700490402\n|start\n|switch|p1a: The Rizzler\ud83d\ude31\ud83d\udcaf\ud83d\udde3\ufe0f|Articuno-Galar, L50, shiny|100\/100\n|switch|p1b: Despereaux|Maushold, L50, shiny|100\/100\n|switch|p2a: FEELGOODINC|Rillaboom, L50, F|100\/100\n|switch|p2b: ALL STAR|Ogerpon-Wellspring, L50, F|100\/100\n|-fieldstart|move: Grassy Terrain|[from] ability: Grassy Surge|[of] p2a: FEELGOODINC\n|turn|1\n|inactive|hxllownest has 30 seconds left.\n|inactive|hxllownest has 20 seconds left.\n|\n|t:|1700490438\n|-terastallize|p2b: ALL STAR|Water\n|detailschange|p2b: ALL STAR|Ogerpon-Wellspring-Tera, L50, F, tera:Water\n|-ability|p2b: ALL STAR|Embody Aspect (Wellspring)|boost\n|-boost|p2b: ALL STAR|spd|1\n|move|p1b: Despereaux|Follow Me|p1b: Despereaux\n|-singleturn|p1b: Despereaux|move: Follow Me\n|move|p2b: ALL STAR|Ivy Cudgel|p1b: Despereaux|[anim] Ivy Cudgel Water\n|-damage|p1b: Despereaux|24\/100\n|move|p2a: FEELGOODINC|Wood Hammer|p1b: Despereaux\n|-damage|p1b: Despereaux|0 fnt\n|-damage|p2a: FEELGOODINC|84\/100|[from] item: Rocky Helmet|[of] p1b: Despereaux\n|faint|p1b: Despereaux\n|-damage|p2a: FEELGOODINC|77\/100|[from] Recoil\n|move|p1a: The Rizzler\ud83d\ude31\ud83d\udcaf\ud83d\udde3\ufe0f|Trick Room|p1a: The Rizzler\ud83d\ude31\ud83d\udcaf\ud83d\udde3\ufe0f\n|-fieldstart|move: Trick Room|[of] p1a: The Rizzler\ud83d\ude31\ud83d\udcaf\ud83d\udde3\ufe0f\n|\n|-heal|p2a: FEELGOODINC|83\/100|[from] Grassy Terrain\n|upkeep\n|\n|t:|1700490453\n|switch|p1b: Killer Moth|Slither Wing, L50|100\/100\n|-enditem|p1b: Killer Moth|Booster Energy\n|-activate|p1b: Killer Moth|ability: Protosynthesis|[fromitem]\n|-start|p1b: Killer Moth|protosynthesisatk\n|turn|2\n|inactive|hxllownest has 30 seconds left.\n|\n|t:|1700490486\n|move|p2b: ALL STAR|Spiky Shield|p2b: ALL STAR\n|-singleturn|p2b: ALL STAR|move: Protect\n|move|p1b: Killer Moth|Leech Life|p2a: FEELGOODINC\n|-supereffective|p2a: FEELGOODINC\n|-crit|p2a: FEELGOODINC\n|-damage|p2a: FEELGOODINC|0 fnt\n|faint|p2a: FEELGOODINC\n|move|p1a: The Rizzler\ud83d\ude31\ud83d\udcaf\ud83d\udde3\ufe0f|Air Slash|p2b: ALL STAR\n|-activate|p2b: ALL STAR|move: Protect\n|\n|upkeep\n|\n|t:|1700490508\n|switch|p2a: VICTORIOUS|Hawlucha, L50, F, shiny|100\/100\n|-enditem|p2a: VICTORIOUS|Grassy Seed\n|-boost|p2a: VICTORIOUS|def|1|[from] item: Grassy Seed\n|turn|3\n|j| Castform Gaming\u2714\ufe0f\n|\n|t:|1700490520\n|move|p2b: ALL STAR|Follow Me|p2b: ALL STAR\n|-singleturn|p2b: ALL STAR|move: Follow Me\n|move|p1b: Killer Moth|Close Combat|p2b: ALL STAR\n|-damage|p2b: ALL STAR|0 fnt\n|-unboost|p1b: Killer Moth|def|1\n|-unboost|p1b: Killer Moth|spd|1\n|faint|p2b: ALL STAR\n|move|p1a: The Rizzler\ud83d\ude31\ud83d\udcaf\ud83d\udde3\ufe0f|Freezing Glare|p2a: VICTORIOUS\n|-supereffective|p2a: VICTORIOUS\n|-damage|p2a: VICTORIOUS|0 fnt\n|faint|p2a: VICTORIOUS\n|\n|upkeep\n|\n|t:|1700490529\n|switch|p2b: BAD GUY|Flutter Mane, L50|100\/100\n|-enditem|p2b: BAD GUY|Booster Energy\n|-activate|p2b: BAD GUY|ability: Protosynthesis|[fromitem]\n|-start|p2b: BAD GUY|protosynthesisspe\n|turn|4\n|\n|t:|1700490545\n|move|p1b: Killer Moth|Flare Blitz|p2b: BAD GUY\n|-damage|p2b: BAD GUY|0 fnt\n|faint|p2b: BAD GUY\n|-end|p2b: BAD GUY|Protosynthesis|[silent]\n|-damage|p1b: Killer Moth|75\/100|[from] Recoil\n|\n|win|Vengeful potato\n|n|\u2606Vengeful potato|vengefulpotato\n|n|\u2606hxllownest|hxllownest\n|n| Bruno the star|brunothestar\n|n| Castform Gaming\u2714\ufe0f|castformgaming\n|c|\u2606Vengeful potato|Gg\n|l|\u2606hxllownest\n","uploadtime":1700490552,"views":1,"p1id":"vengefulpotato","p2id":"hxllownest","formatid":"gen9vgc2023regulatione","rating":0,"private":0,"password":""}