{"id":"gen9vgc2023regulatione-1991697090","p1":"Shinitori","p2":"qz23115","format":"[Gen 9] VGC 2023 Regulation E","log":"|j|\u2606Shinitori\n|j|\u2606qz23115\n|t:|1700103855\n|gametype|doubles\n|player|p1|Shinitori|skier|1099\n|player|p2|qz23115|169|1051\n|teamsize|p1|6\n|teamsize|p2|6\n|gen|9\n|tier|[Gen 9] VGC 2023 Regulation E\n|rated|\n|rule|Species Clause: Limit one of each Pok\u00e9mon\n|rule|Item Clause: Limit one of each item\n|clearpoke\n|poke|p1|Iron Hands, L50|\n|poke|p1|Sinistcha-Masterpiece, L50|\n|poke|p1|Empoleon, L50, M|\n|poke|p1|Ogerpon-Hearthflame, L50, F|\n|poke|p1|Torkoal, L50, M|\n|poke|p1|Flutter Mane, L50|\n|poke|p2|Tornadus, L50, M|\n|poke|p2|Volcarona, L50, F|\n|poke|p2|Basculegion, L50, M|\n|poke|p2|Ludicolo, L50, F|\n|poke|p2|Scizor, L50, M|\n|poke|p2|Flutter Mane, L50|\n|teampreview|4\nqz23115 rejected open team sheets.\n|inactive|Battle timer is ON: inactive players will automatically lose when time's up. (requested by qz23115)\n|\n|t:|1700103879\n|start\n|switch|p1a: Iron Hands|Iron Hands, L50|100\/100\n|switch|p1b: Empoleon|Empoleon, L50, M|100\/100\n|switch|p2a: Tornadus|Tornadus, L50, M|100\/100\n|switch|p2b: Basculegion|Basculegion, L50, M|100\/100\n|turn|1\n|inactive|Shinitori has 30 seconds left.\n|inactive|Shinitori has 20 seconds left.\n|inactive|Shinitori has 15 seconds left.\n|inactive|Shinitori has 10 seconds left.\n|\n|t:|1700103926\n|-terastallize|p2b: Basculegion|Water\n|move|p2a: Tornadus|Rain Dance|p2a: Tornadus\n|-weather|RainDance\n|move|p2b: Basculegion|Wave Crash|p1a: Iron Hands\n|-damage|p1a: Iron Hands|0 fnt\n|faint|p1a: Iron Hands\n|-end|p1a: Iron Hands|Quark Drive|[silent]\n|-damage|p2b: Basculegion|59\/100|[from] Recoil\n|move|p1b: Empoleon|Ice Beam|p2a: Tornadus\n|-supereffective|p2a: Tornadus\n|-damage|p2a: Tornadus|24\/100\n|\n|-weather|RainDance|[upkeep]\n|upkeep\n|\n|t:|1700103936\n|switch|p1a: Flutter Mane|Flutter Mane, L50|100\/100\n|-enditem|p1a: Flutter Mane|Booster Energy\n|-activate|p1a: Flutter Mane|ability: Protosynthesis|[fromitem]\n|-start|p1a: Flutter Mane|protosynthesisspe\n|turn|2\n|\n|t:|1700103947\n|move|p2a: Tornadus|Tailwind|p2a: Tornadus\n|-sidestart|p2: qz23115|move: Tailwind\n|move|p2b: Basculegion|Wave Crash|p1a: Flutter Mane\n|-damage|p1a: Flutter Mane|0 fnt\n|faint|p1a: Flutter Mane\n|-end|p1a: Flutter Mane|Protosynthesis|[silent]\n|-damage|p2b: Basculegion|34\/100|[from] Recoil\n|move|p1b: Empoleon|Ice Beam|p2a: Tornadus\n|-supereffective|p2a: Tornadus\n|-damage|p2a: Tornadus|0 fnt\n|faint|p2a: Tornadus\n|\n|-weather|RainDance|[upkeep]\n|upkeep\n|\n|t:|1700103963\n|switch|p1a: Sinistcha|Sinistcha-Masterpiece, L50|100\/100\n|switch|p2a: Flutter Mane|Flutter Mane, L50|100\/100\n|turn|3\n|\n|t:|1700103982\n|-terastallize|p1a: Sinistcha|Water\n|move|p2b: Basculegion|Wave Crash|p1a: Sinistcha\n|-resisted|p1a: Sinistcha\n|-damage|p1a: Sinistcha|15\/100\n|-enditem|p1a: Sinistcha|Sitrus Berry|[eat]\n|-heal|p1a: Sinistcha|40\/100|[from] item: Sitrus Berry\n|-damage|p2b: Basculegion|11\/100|[from] Recoil\n|move|p2a: Flutter Mane|Shadow Ball|p1a: Sinistcha\n|-damage|p1a: Sinistcha|0 fnt\n|faint|p1a: Sinistcha\n|move|p1b: Empoleon|Hydro Pump|p2a: Flutter Mane\n|-damage|p2a: Flutter Mane|22\/100\n|\n|-weather|RainDance|[upkeep]\n|upkeep\n|turn|4\n|-message|Shinitori forfeited.\n|\n|win|qz23115\n|raw|Shinitori's rating: 1099 &rarr; <strong>1071<\/strong><br \/>(-28 for losing)\n|raw|qz23115's rating: 1051 &rarr; <strong>1088<\/strong><br \/>(+37 for winning)\n|l|\u2606Shinitori\n","uploadtime":1700103999,"views":21,"p1id":"shinitori","p2id":"qz23115","formatid":"gen9vgc2023regulatione","rating":1071,"private":0,"password":""}