{"id":"gen9vgc2023regulatione-1996167300","p1":"Jayruws","p2":"MagicalPrime","format":"[Gen 9] VGC 2023 Regulation E","log":"|j|\u2606Jayruws\n|j|\u2606MagicalPrime\n|t:|1700654073\n|gametype|doubles\n|player|p1|Jayruws|265|\n|player|p2|MagicalPrime|cynthia-gen4|\n|teamsize|p1|6\n|teamsize|p2|6\n|gen|9\n|tier|[Gen 9] VGC 2023 Regulation E\n|rated|Tournament battle\n|rule|Species Clause: Limit one of each Pok\u00e9mon\n|rule|Item Clause: Limit one of each item\n|clearpoke\n|poke|p1|Tyranitar, L50, F|\n|poke|p1|Lycanroc, L50, M|\n|poke|p1|Garchomp, L50, F|\n|poke|p1|Zapdos-Galar, L50|\n|poke|p1|Tornadus, L50, M|\n|poke|p1|Gholdengo, L50|\n|poke|p2|Regidrago, L50|\n|poke|p2|Indeedee-F, L50, F|\n|poke|p2|Armarouge, L50, F|\n|poke|p2|Ursaluna, L50, F|\n|poke|p2|Torkoal, L50, F|\n|poke|p2|Lilligant-Hisui, L50, F|\n|teampreview|4\n|showteam|p1|Tyranitar||SmoothRock|SandStream|Sandstorm,RockSlide,Earthquake,StompingTantrum|||F|||50|,,,,,Fairy]Lycanroc||FocusSash|SandRush|StompingTantrum,Accelerock,PlayRough,RockSlide|||M|||50|,,,,,Ghost]Garchomp||BrightPowder|SandVeil|RockSlide,Protect,Earthquake,ScaleShot|||F|||50|,,,,,Poison]Zapdos-Galar||ChoiceBand|Defiant|BraveBird,StompingTantrum,ThunderousKick,KnockOff||||||50|,,,,,Fighting]Tornadus||MentalHerb|Prankster|Tailwind,Taunt,Sandstorm,BleakwindStorm|||M|||50|,,,,,Steel]Gholdengo||ChoiceSpecs|GoodasGold|MakeItRain,DazzlingGleam,ShadowBall,Trick||||||50|,,,,,Steel\n|showteam|p2|Regidrago||ChoiceScarf|DragonsMaw|DragonEnergy,DracoMeteor,DragonPulse,EarthPower||||||50|,,,,,Dragon]Indeedee-F||RockyHelmet|PsychicSurge|FollowMe,HelpingHand,TrickRoom,DazzlingGleam|||F|||50|,,,,,Steel]Armarouge||LifeOrb|FlashFire|ExpandingForce,HeatWave,TrickRoom,Protect|||F|||50|,,,,,Psychic]Ursaluna||FlameOrb|Guts|Facade,HeadlongRush,Earthquake,Protect|||F|||50|,,,,,Ghost]Torkoal||Charcoal|Drought|Eruption,HeatWave,EarthPower,Protect|||F|||50|,,,,,Fire]Lilligant-Hisui||FocusSash|Chlorophyll|CloseCombat,SolarBlade,AfterYou,SleepPowder|||F|||50|,,,,,Ghost\n|j| Tempest brute\n|\n|t:|1700654106\n|start\n|switch|p1a: Lycanroc|Lycanroc, L50, M|100\/100\n|switch|p1b: Garchomp|Garchomp, L50, F|100\/100\n|switch|p2a: Indeedee|Indeedee-F, L50, F|100\/100\n|switch|p2b: Armarouge|Armarouge, L50, F|100\/100\n|-fieldstart|move: Psychic Terrain|[from] ability: Psychic Surge|[of] p2a: Indeedee\n|turn|1\n|\n|t:|1700654117\n|-terastallize|p2b: Armarouge|Psychic\n|move|p2a: Indeedee|Follow Me|p2a: Indeedee\n|-singleturn|p2a: Indeedee|move: Follow Me\n|move|p1b: Garchomp|Rock Slide|p2a: Indeedee|[spread] p2a\n|-miss|p1b: Garchomp|p2b: Armarouge\n|-damage|p2a: Indeedee|83\/100\n|move|p1a: Lycanroc|Rock Slide|p2a: Indeedee|[spread] p2a,p2b\n|-damage|p2a: Indeedee|52\/100\n|-damage|p2b: Armarouge|72\/100\n|cant|p2b: Armarouge|flinch\n|\n|upkeep\n|turn|2\n|j| DarthGlacies\n|\n|t:|1700654144\n|move|p1b: Garchomp|Rock Slide|p2b: Armarouge|[spread] p2a,p2b\n|-damage|p2a: Indeedee|33\/100\n|-damage|p2b: Armarouge|51\/100\n|move|p1a: Lycanroc|Rock Slide|p2b: Armarouge|[spread] p2a,p2b\n|-damage|p2a: Indeedee|3\/100\n|-damage|p2b: Armarouge|19\/100\n|cant|p2a: Indeedee|flinch\n|cant|p2b: Armarouge|flinch\n|\n|upkeep\n|turn|3\n|\n|t:|1700654161\n|switch|p1a: Zapdos|Zapdos-Galar, L50|100\/100\n|move|p1b: Garchomp|Earthquake|p2b: Armarouge|[spread] p2a,p2b\n|-immune|p1a: Zapdos\n|-damage|p2a: Indeedee|0 fnt\n|-damage|p2b: Armarouge|0 fnt\n|faint|p2a: Indeedee\n|faint|p2b: Armarouge\n|\n|upkeep\n|\n|t:|1700654166\n|switch|p2a: Torkoal|Torkoal, L50, F|100\/100\n|switch|p2b: Ursaluna|Ursaluna, L50, F|100\/100\n|-weather|SunnyDay|[from] ability: Drought|[of] p2a: Torkoal\n|turn|4\n|\n|t:|1700654174\n|move|p1b: Garchomp|Earthquake|p2b: Ursaluna|[spread] p2a,p2b\n|-immune|p1a: Zapdos\n|-supereffective|p2a: Torkoal\n|-damage|p2a: Torkoal|41\/100\n|-damage|p2b: Ursaluna|73\/100\n|move|p1a: Zapdos|Thunderous Kick|p2b: Ursaluna\n|-supereffective|p2b: Ursaluna\n|-damage|p2b: Ursaluna|0 fnt\n|faint|p2b: Ursaluna\n|move|p2a: Torkoal|Eruption|p1b: Garchomp|[spread] p1a,p1b\n|-resisted|p1b: Garchomp\n|-damage|p1a: Zapdos|60\/100\n|-damage|p1b: Garchomp|83\/100\n|\n|-weather|SunnyDay|[upkeep]\n|upkeep\n|turn|5\n|\n|t:|1700654186\n|move|p1b: Garchomp|Earthquake|p2a: Torkoal|[spread] p2a\n|-immune|p1a: Zapdos\n|-supereffective|p2a: Torkoal\n|-damage|p2a: Torkoal|0 fnt\n|faint|p2a: Torkoal\n|\n|win|Jayruws\n|n|\u2606Jayruws|jayruws\n|n|\u2606MagicalPrime|magicalprime\n|n| Tempest brute|tempestbrute\n|n| DarthGlacies|darthglacies\n|c|\u2606Jayruws|sorry\n|l|\u2606MagicalPrime\n|l| Tempest brute\n|l|\u2606Jayruws\n|j| LoveforVGC TEST\n|j| 4KuserVGC\n|l| LoveforVGC TEST\n|j| therealngannou\n|j| FunneeMonkee\n|l| therealngannou\n|l| FunneeMonkee\n|l| 4KuserVGC\n|j| Kal0sunleashed\n|l| Kal0sunleashed\n|j| fyfyyalt1\n","uploadtime":1700654189,"views":6,"p1id":"jayruws","p2id":"magicalprime","formatid":"gen9vgc2023regulatione","rating":0,"private":0,"password":""}