{"id":"gen9vgc2023regulatione-1988319530","p1":"bo luo di hai","p2":"ashXrozz1998","format":"[Gen 9] VGC 2023 Regulation E","log":"|j|\u2606bo luo di hai\n|j|\u2606ashXrozz1998\n|t:|1699707821\n|gametype|doubles\n|player|p1|bo luo di hai|101|1443\n|player|p2|ashXrozz1998|266|1352\n|teamsize|p1|6\n|teamsize|p2|6\n|gen|9\n|tier|[Gen 9] VGC 2023 Regulation E\n|rated|\n|rule|Species Clause: Limit one of each Pok\u00e9mon\n|rule|Item Clause: Limit one of each item\n|clearpoke\n|poke|p1|Grimmsnarl, L50, M|\n|poke|p1|Flutter Mane, L50|\n|poke|p1|Iron Hands, L50|\n|poke|p1|Arcanine, L50, F|\n|poke|p1|Palafin, L50, F|\n|poke|p1|Sinistcha, L50|\n|poke|p2|Armarouge, L50, M|\n|poke|p2|Annihilape, L50, M|\n|poke|p2|Indeedee-F, L50, F|\n|poke|p2|Iron Hands, L50|\n|poke|p2|Heatran, L50, F|\n|poke|p2|Ogerpon-Wellspring, L50, F|\n|teampreview|4\n|inactive|Battle timer is ON: inactive players will automatically lose when time's up. (requested by ashXrozz1998)\n|inactive|bo luo di hai has 60 seconds left.\n|\n|t:|1699707859\n|start\n|switch|p1a: Grimmsnarl|Grimmsnarl, L50, M, shiny|100\/100\n|switch|p1b: Sinistcha|Sinistcha, L50|100\/100\n|switch|p2a: Flameman.EXE|Armarouge, L50, M|100\/100\n|switch|p2b: Rageman.EXE|Annihilape, L50, M|100\/100\n|turn|1\n|\n|t:|1699707878\n|move|p1b: Sinistcha|Rage Powder|p1b: Sinistcha\n|-singleturn|p1b: Sinistcha|move: Rage Powder\n|move|p1a: Grimmsnarl|Misty Terrain|p1a: Grimmsnarl\n|-fieldstart|move: Misty Terrain\n|move|p2b: Rageman.EXE|Earthquake|p1b: Sinistcha|[spread] p2a,p1a,p1b\n|-supereffective|p2a: Flameman.EXE\n|-resisted|p1b: Sinistcha\n|-damage|p2a: Flameman.EXE|60\/100\n|-damage|p1a: Grimmsnarl|81\/100\n|-damage|p1b: Sinistcha|93\/100\n|-ability|p2a: Flameman.EXE|Weak Armor|boost\n|-unboost|p2a: Flameman.EXE|def|1\n|-boost|p2a: Flameman.EXE|spe|2\n|-enditem|p2a: Flameman.EXE|Weakness Policy\n|-boost|p2a: Flameman.EXE|atk|2|[from] item: Weakness Policy\n|-boost|p2a: Flameman.EXE|spa|2|[from] item: Weakness Policy\n|move|p2a: Flameman.EXE|Armor Cannon|p1b: Sinistcha\n|-supereffective|p1b: Sinistcha\n|-damage|p1b: Sinistcha|0 fnt\n|-unboost|p2a: Flameman.EXE|def|1\n|-unboost|p2a: Flameman.EXE|spd|1\n|faint|p1b: Sinistcha\n|\n|upkeep\n|\n|t:|1699707893\n|switch|p1b: Flutter Mane|Flutter Mane, L50|100\/100\n|turn|2\n|\n|t:|1699707906\n|switch|p2b: Maiden.EXE|Indeedee-F, L50, F|100\/100\n|-fieldstart|move: Psychic Terrain|[from] ability: Psychic Surge|[of] p2b: Maiden.EXE\n|move|p1a: Grimmsnarl|Parting Shot|p2a: Flameman.EXE\n|-activate|p2a: Flameman.EXE|move: Psychic Terrain\n|move|p2a: Flameman.EXE|Stored Power|p1b: Flutter Mane\n|-damage|p1b: Flutter Mane|0 fnt\n|faint|p1b: Flutter Mane\n|-end|p1b: Flutter Mane|Protosynthesis|[silent]\n|\n|upkeep\n|\n|t:|1699707915\n|switch|p1b: Iron Hands|Iron Hands, L50|100\/100\n|turn|3\n|-message|bo luo di hai forfeited.\n|\n|win|ashXrozz1998\n|raw|bo luo di hai's rating: 1443 &rarr; <strong>1418<\/strong><br \/>(-25 for losing)\n|raw|ashXrozz1998's rating: 1352 &rarr; <strong>1377<\/strong><br \/>(+25 for winning)\n|l|\u2606bo luo di hai\n","uploadtime":1699707926,"views":10,"p1id":"boluodihai","p2id":"ashxrozz1998","formatid":"gen9vgc2023regulatione","rating":1377,"private":0,"password":""}