{"id":"gen9vgc2023regulatione-1988641733","p1":"DorititosKiller","p2":"SakuroYakami","format":"[Gen 9] VGC 2023 Regulation E","log":"|j|\u2606DorititosKiller\n|j|\u2606SakuroYakami\n|n|\u2606DorititosKiller|dorititoskiller\n|n|\u2606SakuroYakami|sakuroyakami\n|html|View the match progress at <a href=\"\/game-bestof3-gen9vgc2023regulatione-1988639208\">game-bestof3-gen9vgc2023regulatione-1988639208<\/a>\n|t:|1699745256\n|gametype|doubles\n|player|p1|DorititosKiller|cyclist-gen4|\n|player|p2|SakuroYakami|turo-ai|\n|teamsize|p1|6\n|teamsize|p2|6\n|gen|9\n|tier|[Gen 9] VGC 2023 Regulation E\n|rule|Species Clause: Limit one of each Pok\u00e9mon\n|rule|Item Clause: Limit one of each item\n|clearpoke\n|poke|p1|Overqwil, L50, F|\n|poke|p1|Bronzong, L50|\n|poke|p1|Salamence, L50, M|\n|poke|p1|Polteageist, L50|\n|poke|p1|Tauros-Paldea-Blaze, L50, M|\n|poke|p1|Politoed, L50, M|\n|poke|p2|Urshifu-*, L50, M|\n|poke|p2|Tornadus, L50, M|\n|poke|p2|Ogerpon-Hearthflame, L50, F|\n|poke|p2|Flutter Mane, L50|\n|poke|p2|Landorus-Therian, L50, M|\n|poke|p2|Kingambit, L50, M|\n|teampreview|4\nDorititosKiller has agreed to open team sheets.\nSakuroYakami has agreed to open team sheets.\n|showteam|p1|Overqwil||PoisonBarb|SwiftSwim|Liquidation,BarbBarrage,ToxicSpikes,FellStinger|||F|||50|,,,,,Poison]Bronzong||RockyHelmet|Levitate|StealthRock,Earthquake,BodyPress,IronDefense||||||50|,,,,,Steel]Salamence||LumBerry|Moxie|DragonDance,Earthquake,DualWingbeat,Substitute|||M|||50|,,,,,Steel]Polteageist||WhiteHerb|WeakArmor|ShellSmash,Substitute,Psyshock,ShadowBall||||||50|,,,,,Ghost]Tauros-Paldea-Blaze||WeaknessPolicy|Intimidate|WildCharge,RagingBull,FlameCharge,LashOut|||M|||50|,,,,,Fire]Politoed||DampRock|Drizzle|EarthPower,IceBeam,WeatherBall,PerishSong|||M|||50|,,,,,Grass\n|showteam|p2|Urshifu-Rapid-Strike||FocusSash|UnseenFist|SurgingStrikes,AquaJet,CloseCombat,Protect|||M|||50|,,,,,Water]Tornadus||SitrusBerry|Prankster|BleakwindStorm,Tailwind,RainDance,Protect|||M|||50|,,,,,Poison]Ogerpon-Hearthflame||HearthflameMask|MoldBreaker|IvyCudgel,HornLeech,FollowMe,SpikyShield|||F|||50|,,,,,Fire]Flutter Mane||ChoiceSpecs|Protosynthesis|ShadowBall,DazzlingGleam,Moonblast,MysticalFire||||||50|,,,,,Fairy]Landorus-Therian||ChoiceScarf|Intimidate|StompingTantrum,RockSlide,Uturn,TeraBlast|||M|||50|,,,,,Flying]Kingambit||BlackGlasses|Defiant|KowtowCleave,SuckerPunch,SwordsDance,Protect|||M|||50|,,,,,Dark\n|j| lucasarreguy\n|j| Rebornsan93\n|c|\u2606DorititosKiller|B\u00c3O JOOJOOOO 2 =D =D =D\n|c| lucasarreguy|podem come\u00e7ar\n|j| PSmonteiro\n|\n|t:|1699745287\n|start\n|switch|p1a: Sinoval|Bronzong, L50, shiny|100\/100\n|switch|p1b: Salamesmo|Salamence, L50, M|100\/100\n|switch|p2a: Tornadus|Tornadus, L50, M|100\/100\n|switch|p2b: Urshifu|Urshifu-Rapid-Strike, L50, M|100\/100\n|turn|1\n|\n|t:|1699745351\n|move|p2a: Tornadus|Tailwind|p2a: Tornadus\n|-sidestart|p2: SakuroYakami|move: Tailwind\n|move|p2b: Urshifu|Surging Strikes|p1a: Sinoval\n|-crit|p1a: Sinoval\n|-damage|p1a: Sinoval|83\/100\n|-damage|p2b: Urshifu|84\/100|[from] item: Rocky Helmet|[of] p1a: Sinoval\n|-crit|p1a: Sinoval\n|-damage|p1a: Sinoval|65\/100\n|-damage|p2b: Urshifu|67\/100|[from] item: Rocky Helmet|[of] p1a: Sinoval\n|-crit|p1a: Sinoval\n|-damage|p1a: Sinoval|45\/100\n|-damage|p2b: Urshifu|51\/100|[from] item: Rocky Helmet|[of] p1a: Sinoval\n|-hitcount|p1a: Sinoval|3\n|move|p1b: Salamesmo|Dual Wingbeat|p2b: Urshifu\n|-supereffective|p2b: Urshifu\n|-damage|p2b: Urshifu|0 fnt\n|faint|p2b: Urshifu\n|-ability|p1b: Salamesmo|Moxie|boost\n|-boost|p1b: Salamesmo|atk|1\n|-hitcount|p2: Urshifu|1\n|move|p1a: Sinoval|Earthquake|p2a: Tornadus|[spread] \n|-immune|p1b: Salamesmo\n|-immune|p2a: Tornadus\n|\n|upkeep\n|\n|t:|1699745381\n|switch|p2b: Flutter Mane|Flutter Mane, L50|100\/100\n|turn|2\n|j| ShimeNaruka\n|\n|t:|1699745441\n|switch|p1a: Diniz|Tauros-Paldea-Blaze, L50, M|100\/100\n|-ability|p1a: Diniz|Intimidate|boost\n|-unboost|p2a: Tornadus|atk|1\n|-unboost|p2b: Flutter Mane|atk|1\n|-terastallize|p1b: Salamesmo|Steel\n|move|p2b: Flutter Mane|Moonblast|p1b: Salamesmo\n|-resisted|p1b: Salamesmo\n|-damage|p1b: Salamesmo|46\/100\n|move|p2a: Tornadus|Bleakwind Storm|p1b: Salamesmo|[spread] p1a\n|-miss|p2a: Tornadus|p1b: Salamesmo\n|-supereffective|p1a: Diniz\n|-damage|p1a: Diniz|0 fnt\n|faint|p1a: Diniz\n|move|p1b: Salamesmo|Dual Wingbeat|p2b: Flutter Mane\n|-damage|p2b: Flutter Mane|26\/100\n|-damage|p2b: Flutter Mane|0 fnt\n|faint|p2b: Flutter Mane\n|-end|p2b: Flutter Mane|Protosynthesis|[silent]\n|-ability|p1b: Salamesmo|Moxie|boost\n|-boost|p1b: Salamesmo|atk|1\n|-hitcount|p2: Flutter Mane|2\n|\n|upkeep\n|\n|t:|1699745471\n|switch|p2b: Ogerpon|Ogerpon-Hearthflame, L50, F|100\/100\n|switch|p1a: Ch\u00e1 Tradicional|Polteageist, L50|100\/100\n|-ability|p2b: Ogerpon|Mold Breaker\n|turn|3\n|\n|t:|1699745490\n|move|p2b: Ogerpon|Ivy Cudgel|p1b: Salamesmo\n|-supereffective|p1b: Salamesmo\n|-damage|p1b: Salamesmo|0 fnt\n|faint|p1b: Salamesmo\n|move|p2a: Tornadus|Bleakwind Storm|p1a: Ch\u00e1 Tradicional\n|-damage|p1a: Ch\u00e1 Tradicional|49\/100\n|move|p1a: Ch\u00e1 Tradicional|Shell Smash|p1a: Ch\u00e1 Tradicional\n|-unboost|p1a: Ch\u00e1 Tradicional|def|1\n|-unboost|p1a: Ch\u00e1 Tradicional|spd|1\n|-boost|p1a: Ch\u00e1 Tradicional|atk|2\n|-boost|p1a: Ch\u00e1 Tradicional|spa|2\n|-boost|p1a: Ch\u00e1 Tradicional|spe|2\n|-enditem|p1a: Ch\u00e1 Tradicional|White Herb\n|-clearnegativeboost|p1a: Ch\u00e1 Tradicional|[silent]\n|\n|upkeep\n|\n|t:|1699745502\n|switch|p1b: Sinoval|Bronzong, L50, shiny|45\/100\n|turn|4\n|j| Yuri\n|j| Leon1das\n|\n|t:|1699745529\n|move|p2b: Ogerpon|Ivy Cudgel|p1b: Sinoval\n|-supereffective|p1b: Sinoval\n|-crit|p1b: Sinoval\n|-damage|p1b: Sinoval|0 fnt\n|faint|p1b: Sinoval\n|move|p2a: Tornadus|Bleakwind Storm|p1a: Ch\u00e1 Tradicional\n|-damage|p1a: Ch\u00e1 Tradicional|0 fnt\n|faint|p1a: Ch\u00e1 Tradicional\n|\n|win|SakuroYakami\n","uploadtime":1699745540,"views":12,"p1id":"dorititoskiller","p2id":"sakuroyakami","formatid":"gen9vgc2023regulatione","rating":0,"private":0,"password":""}