{"id":"gen9vgc2023regulatione-1994101117","p1":"Swaggermeist","p2":"IlLeoneDiLadispoli","format":"[Gen 9] VGC 2023 Regulation E","log":"|j|\u2606Swaggermeist\n|j|\u2606IlLeoneDiLadispoli\n|t:|1700406945\n|gametype|doubles\n|player|p1|Swaggermeist|alder|1595\n|player|p2|IlLeoneDiLadispoli|1|1610\n|teamsize|p1|6\n|teamsize|p2|6\n|gen|9\n|tier|[Gen 9] VGC 2023 Regulation E\n|rated|\n|rule|Species Clause: Limit one of each Pok\u00e9mon\n|rule|Item Clause: Limit one of each item\n|clearpoke\n|poke|p1|Urshifu-*, L50, M|\n|poke|p1|Brambleghast, L50, F|\n|poke|p1|Gholdengo, L50|\n|poke|p1|Chi-Yu, L50|\n|poke|p1|Landorus, L50, M|\n|poke|p1|Tornadus, L50, M|\n|poke|p2|Chien-Pao, L50|\n|poke|p2|Arcanine-Hisui, L50, F|\n|poke|p2|Tornadus, L50, M|\n|poke|p2|Urshifu-*, L50, M|\n|poke|p2|Rillaboom, L50, M|\n|poke|p2|Gholdengo, L50|\n|teampreview|4\nIlLeoneDiLadispoli has agreed to open team sheets.\n|inactive|Battle timer is ON: inactive players will automatically lose when time's up. (requested by IlLeoneDiLadispoli)\nSwaggermeist has agreed to open team sheets.\n|inactive|Swaggermeist has 30 seconds left.\n|inactive|IlLeoneDiLadispoli has 30 seconds left.\n|inactive|Swaggermeist has 20 seconds left.\n|inactive|Swaggermeist has 15 seconds left.\n|inactive|Swaggermeist has 10 seconds left.\n|\n|t:|1700407009\n|start\n|switch|p1a: Tornadus|Tornadus, L50, M|100\/100\n|switch|p1b: Gholdengo|Gholdengo, L50|100\/100\n|switch|p2a: Good Boi|Arcanine-Hisui, L50, F, shiny|100\/100\n|switch|p2b: Windy Boi|Tornadus, L50, M|100\/100\n|-ability|p2a: Good Boi|Intimidate|boost\n|-unboost|p1a: Tornadus|atk|1\n|-unboost|p1b: Gholdengo|atk|1\n|turn|1\n|\n|t:|1700407028\n|-terastallize|p1b: Gholdengo|Steel\n|move|p1a: Tornadus|Tailwind|p1a: Tornadus\n|-sidestart|p1: Swaggermeist|move: Tailwind\n|move|p2b: Windy Boi|Tailwind|p2b: Windy Boi\n|-sidestart|p2: IlLeoneDiLadispoli|move: Tailwind\n|move|p1b: Gholdengo|Make It Rain|p2b: Windy Boi|[spread] p2a,p2b\n|-damage|p2a: Good Boi|0 fnt\n|-damage|p2b: Windy Boi|0 fnt\n|-unboost|p1b: Gholdengo|spa|1\n|faint|p2a: Good Boi\n|faint|p2b: Windy Boi\n|\n|upkeep\n|\n|t:|1700407041\n|switch|p2b: Orzo Boi|Urshifu-Rapid-Strike, L50, M|100\/100\n|switch|p2a: Chien Boi|Chien-Pao, L50|100\/100\n|-ability|p2a: Chien Boi|Sword of Ruin\n|turn|2\n|\n|t:|1700407048\n|-terastallize|p2b: Orzo Boi|Water\n|move|p2a: Chien Boi|Sacred Sword|p1b: Gholdengo\n|-supereffective|p1b: Gholdengo\n|-damage|p1b: Gholdengo|5\/100\n|move|p1a: Tornadus|Bleakwind Storm|p2b: Orzo Boi|[spread] p2a\n|-miss|p1a: Tornadus|p2b: Orzo Boi\n|-damage|p2a: Chien Boi|44\/100\n|-unboost|p2a: Chien Boi|spe|1\n|move|p1b: Gholdengo|Make It Rain|p2a: Chien Boi|[spread] p2a,p2b\n|-supereffective|p2a: Chien Boi\n|-resisted|p2b: Orzo Boi\n|-damage|p2a: Chien Boi|0 fnt\n|-damage|p2b: Orzo Boi|59\/100\n|-unboost|p1b: Gholdengo|spa|1\n|faint|p2a: Chien Boi\n|move|p2b: Orzo Boi|Surging Strikes|p1a: Tornadus\n|-crit|p1a: Tornadus\n|-damage|p1a: Tornadus|64\/100\n|-crit|p1a: Tornadus\n|-damage|p1a: Tornadus|22\/100\n|-enditem|p1a: Tornadus|Sitrus Berry|[eat]\n|-heal|p1a: Tornadus|47\/100|[from] item: Sitrus Berry\n|-crit|p1a: Tornadus\n|-damage|p1a: Tornadus|10\/100\n|-hitcount|p1a: Tornadus|3\n|\n|upkeep\n|turn|3\n|-message|IlLeoneDiLadispoli forfeited.\n|\n|win|Swaggermeist\n|raw|Swaggermeist's rating: 1595 &rarr; <strong>1616<\/strong><br \/>(+21 for winning)\n|raw|IlLeoneDiLadispoli's rating: 1610 &rarr; <strong>1589<\/strong><br \/>(-21 for losing)\n|l|\u2606IlLeoneDiLadispoli\n","uploadtime":1700407074,"views":11,"p1id":"swaggermeist","p2id":"illeonediladispoli","formatid":"gen9vgc2023regulatione","rating":1589,"private":0,"password":""}