{"id":"gen9vgc2023regulatione-1993942655","p1":"IDKWHATTODOANYMORE","p2":"PhantomOrionVgc","format":"[Gen 9] VGC 2023 Regulation E","log":"|j|\u2606IDKWHATTODOANYMORE\n|j|\u2606PhantomOrionVgc\n|t:|1700379750\n|gametype|doubles\n|player|p1|IDKWHATTODOANYMORE|steven|1370\n|player|p2|PhantomOrionVgc|caitlin-masters|1403\n|teamsize|p1|6\n|teamsize|p2|6\n|gen|9\n|tier|[Gen 9] VGC 2023 Regulation E\n|rated|\n|rule|Species Clause: Limit one of each Pok\u00e9mon\n|rule|Item Clause: Limit one of each item\n|clearpoke\n|poke|p1|Tornadus, L50, M|\n|poke|p1|Urshifu-*, L50, M|\n|poke|p1|Dragapult, L50, F|\n|poke|p1|Flutter Mane, L50|\n|poke|p1|Heatran, L50, F|\n|poke|p1|Ogerpon-Wellspring, L50, F|\n|poke|p2|Ninetales-Alola, L50, M|\n|poke|p2|Arcanine-Hisui, L50, M|\n|poke|p2|Ogerpon-Wellspring, L50, F|\n|poke|p2|Chien-Pao, L50|\n|poke|p2|Iron Bundle, L50|\n|poke|p2|Gholdengo, L50|\n|teampreview|4\n|inactive|Battle timer is ON: inactive players will automatically lose when time's up. (requested by IDKWHATTODOANYMORE)\n|inactive|IDKWHATTODOANYMORE has 60 seconds left.\n|inactive|PhantomOrionVgc has 60 seconds left.\n|\n|t:|1700379796\n|start\n|switch|p1a: Will smith|Tornadus, L50, M|100\/100\n|switch|p1b: gerald|Heatran, L50, F|100\/100\n|switch|p2a: Arcanine|Arcanine-Hisui, L50, M|100\/100\n|switch|p2b: Chien-Pao|Chien-Pao, L50|100\/100\n|-ability|p2b: Chien-Pao|Sword of Ruin\n|-ability|p2a: Arcanine|Intimidate|boost\n|-unboost|p1a: Will smith|atk|1\n|-unboost|p1b: gerald|atk|1\n|turn|1\n|\n|t:|1700379818\n|move|p1a: Will smith|Tailwind|p1a: Will smith\n|-sidestart|p1: IDKWHATTODOANYMORE|move: Tailwind\n|move|p1b: gerald|Earth Power|p2a: Arcanine\n|-supereffective|p2a: Arcanine\n|-damage|p2a: Arcanine|0 fnt\n|faint|p2a: Arcanine\n|move|p2b: Chien-Pao|Throat Chop|p1b: gerald\n|-damage|p1b: gerald|55\/100\n|-start|p1b: gerald|Throat Chop|[silent]\n|\n|upkeep\n|\n|t:|1700379834\n|switch|p2a: Iron Bundle|Iron Bundle, L50|100\/100\n|-enditem|p2a: Iron Bundle|Booster Energy\n|-activate|p2a: Iron Bundle|ability: Quark Drive|[fromitem]\n|-start|p2a: Iron Bundle|quarkdrivespe\n|turn|2\n|\n|t:|1700379844\n|switch|p1b: freddy faz bear|Urshifu-Rapid-Strike, L50, M|100\/100\n|move|p2a: Iron Bundle|Protect|p2a: Iron Bundle\n|-singleturn|p2a: Iron Bundle|Protect\n|move|p2b: Chien-Pao|Sucker Punch||[still]\n|-fail|p2b: Chien-Pao\n|move|p1a: Will smith|Bleakwind Storm|p2a: Iron Bundle|[spread] p2b\n|-activate|p2a: Iron Bundle|move: Protect\n|-damage|p2b: Chien-Pao|30\/100\n|-unboost|p2b: Chien-Pao|spe|1\n|\n|upkeep\n|turn|3\n|\n|t:|1700379860\n|switch|p2b: Ninetales|Ninetales-Alola, L50, M|100\/100\n|-weather|Snow|[from] ability: Snow Warning|[of] p2b: Ninetales\n|move|p1a: Will smith|Bleakwind Storm|p2b: Ninetales|[spread] p2a,p2b\n|-crit|p2a: Iron Bundle\n|-damage|p2a: Iron Bundle|0 fnt\n|-damage|p2b: Ninetales|49\/100\n|faint|p2a: Iron Bundle\n|-end|p2a: Iron Bundle|Quark Drive|[silent]\n|move|p1b: freddy faz bear|Surging Strikes|p2b: Ninetales\n|-crit|p2b: Ninetales\n|-damage|p2b: Ninetales|22\/100\n|-crit|p2b: Ninetales\n|-damage|p2b: Ninetales|0 fnt\n|faint|p2b: Ninetales\n|-hitcount|p2: Ninetales|2\n|\n|-weather|Snow|[upkeep]\n|upkeep\n|\n|t:|1700379870\n|switch|p2b: Chien-Pao|Chien-Pao, L50|30\/100\n|-ability|p2b: Chien-Pao|Sword of Ruin\n|turn|4\n|\n|t:|1700379879\n|move|p2b: Chien-Pao|Sucker Punch|p1a: Will smith\n|-damage|p1a: Will smith|28\/100\n|move|p1a: Will smith|Bleakwind Storm|p2b: Chien-Pao\n|-damage|p2b: Chien-Pao|0 fnt\n|faint|p2b: Chien-Pao\n|\n|win|IDKWHATTODOANYMORE\n|raw|IDKWHATTODOANYMORE's rating: 1370 &rarr; <strong>1392<\/strong><br \/>(+22 for winning)\n|raw|PhantomOrionVgc's rating: 1403 &rarr; <strong>1381<\/strong><br \/>(-22 for losing)\n","uploadtime":1700379883,"views":8,"p1id":"idkwhattodoanymore","p2id":"phantomorionvgc","formatid":"gen9vgc2023regulatione","rating":1381,"private":0,"password":""}