{"id":"gen9vgc2023regulatione-1988673225","p1":"kilojayfalcon","p2":"Chrisdjk","format":"[Gen 9] VGC 2023 Regulation E","log":"|j|\u2606kilojayfalcon\n|j|\u2606Chrisdjk\n|t:|1699748966\n|gametype|doubles\n|player|p1|kilojayfalcon|170|1021\n|player|p2|Chrisdjk|170|1012\n|teamsize|p1|6\n|teamsize|p2|6\n|gen|9\n|tier|[Gen 9] VGC 2023 Regulation E\n|rated|\n|rule|Species Clause: Limit one of each Pok\u00e9mon\n|rule|Item Clause: Limit one of each item\n|clearpoke\n|poke|p1|Moltres-Galar, L50|\n|poke|p1|Sinistcha-Masterpiece, L50|\n|poke|p1|Ninetales-Alola, L50, M|\n|poke|p1|Iron Hands, L50|\n|poke|p1|Heatran, L50, F|\n|poke|p1|Gholdengo, L50|\n|poke|p2|Ninetales-Alola, L50, F|\n|poke|p2|Kommo-o, L50, F|\n|poke|p2|Baxcalibur, L50, F|\n|poke|p2|Chien-Pao, L50|\n|poke|p2|Ogerpon-Hearthflame, L50, F|\n|poke|p2|Tornadus, L50, M|\n|teampreview|4\n|inactive|Battle timer is ON: inactive players will automatically lose when time's up. (requested by Chrisdjk)\n|inactive|kilojayfalcon has 60 seconds left.\nChrisdjk has agreed to open team sheets.\n|\n|t:|1699749003\n|start\n|switch|p1a: Ninetales|Ninetales-Alola, L50, M|100\/100\n|switch|p1b: Moltres|Moltres-Galar, L50|100\/100\n|switch|p2a: Ogerpon|Ogerpon-Hearthflame, L50, F|100\/100\n|switch|p2b: Tornadus|Tornadus, L50, M|100\/100\n|-weather|Snow|[from] ability: Snow Warning|[of] p1a: Ninetales\n|-ability|p2a: Ogerpon|Mold Breaker\n|turn|1\n|inactive|kilojayfalcon has 30 seconds left.\n|inactive|kilojayfalcon has 20 seconds left.\n|inactive|kilojayfalcon has 15 seconds left.\n|inactive|kilojayfalcon has 10 seconds left.\n|inactive|kilojayfalcon has 5 seconds left.\n|\n|t:|1699749058\n|-terastallize|p2a: Ogerpon|Fire\n|detailschange|p2a: Ogerpon|Ogerpon-Hearthflame-Tera, L50, F, tera:Fire\n|-ability|p2a: Ogerpon|Embody Aspect (Hearthflame)|boost\n|-boost|p2a: Ogerpon|atk|1\n|move|p2b: Tornadus|Taunt|p1a: Ninetales\n|-start|p1a: Ninetales|move: Taunt\n|move|p1a: Ninetales|Moonblast|p2a: Ogerpon\n|-resisted|p2a: Ogerpon\n|-damage|p2a: Ogerpon|85\/100\n|-unboost|p2a: Ogerpon|spa|1\n|move|p1b: Moltres|Fiery Wrath|p2b: Tornadus|[spread] p2a,p2b\n|-damage|p2a: Ogerpon|55\/100\n|-damage|p2b: Tornadus|70\/100\n|move|p2a: Ogerpon|Ivy Cudgel|p1b: Moltres\n|-damage|p1b: Moltres|0 fnt\n|faint|p1b: Moltres\n|\n|-weather|Snow|[upkeep]\n|upkeep\n|n|!kilojayfalcon|kilojayfalcon\n|inactive|kilojayfalcon has 30 seconds left.\n|-message|kilojayfalcon forfeited.\n|\n|win|Chrisdjk\n|raw|kilojayfalcon's rating: 1021 &rarr; <strong>1008<\/strong><br \/>(-13 for losing)\n|raw|Chrisdjk's rating: 1012 &rarr; <strong>1051<\/strong><br \/>(+39 for winning)\n|l|!kilojayfalcon\n","uploadtime":1699749078,"views":9,"p1id":"kilojayfalcon","p2id":"chrisdjk","formatid":"gen9vgc2023regulatione","rating":1008,"private":0,"password":""}