{"id":"gen9vgc2023regulatione-1988678622","p1":"ControlGeek","p2":"Aldermaple","format":"[Gen 9] VGC 2023 Regulation E","log":"|j|\u2606ControlGeek\n|j|\u2606Aldermaple\n|n|\u2606ControlGeek|controlgeek\n|n|\u2606Aldermaple|aldermaple\n|html|View the match progress at <a href=\"\/game-bestof3-gen9vgc2023regulatione-1988675693\">game-bestof3-gen9vgc2023regulatione-1988675693<\/a>\n|t:|1699749618\n|gametype|doubles\n|player|p1|ControlGeek|1|\n|player|p2|Aldermaple|alder|\n|teamsize|p1|6\n|teamsize|p2|6\n|gen|9\n|tier|[Gen 9] VGC 2023 Regulation E\n|rule|Species Clause: Limit one of each Pok\u00e9mon\n|rule|Item Clause: Limit one of each item\n|clearpoke\n|poke|p1|Tornadus, L50, M|\n|poke|p1|Ogerpon-Cornerstone, L50, F|\n|poke|p1|Iron Hands, L50|\n|poke|p1|Kingambit, L50, M|\n|poke|p1|Chi-Yu, L50|\n|poke|p1|Sableye, L50, F|\n|poke|p2|Tornadus, L50, M|\n|poke|p2|Farigiraf, L50, M|\n|poke|p2|Ogerpon-Hearthflame, L50, F|\n|poke|p2|Urshifu-*, L50, M|\n|poke|p2|Conkeldurr, L50, M|\n|poke|p2|Amoonguss, L50, M|\n|teampreview|4\n|inactive|Battle timer is ON: inactive players will automatically lose when time's up. (requested by Aldermaple)\n|c|\u2606Aldermaple|glhf\nControlGeek has agreed to open team sheets.\n|c|\u2606ControlGeek|u2\n|inactive|ControlGeek has 60 seconds left.\n|\n|t:|1699749659\n|start\n|switch|p1a: Djinn and Tonic|Tornadus, L50, M|100\/100\n|switch|p1b: Guppy|Chi-Yu, L50|100\/100\n|switch|p2a: Gyramax|Farigiraf, L50, M, shiny|100\/100\n|switch|p2b: Guppy|Tornadus, L50, M|100\/100\n|-ability|p1b: Guppy|Beads of Ruin\n|turn|1\n|inactive|ControlGeek has 30 seconds left.\n|inactive|Aldermaple has 30 seconds left.\n|inactive|ControlGeek has 20 seconds left.\n|inactive|Aldermaple has 20 seconds left.\n|\n|t:|1699749697\n|move|p2b: Guppy|Tailwind|p2b: Guppy\n|-sidestart|p2: Aldermaple|move: Tailwind\n|move|p1b: Guppy|Dark Pulse|p2a: Gyramax\n|-supereffective|p2a: Gyramax\n|-damage|p2a: Gyramax|0 fnt\n|faint|p2a: Gyramax\n|move|p1a: Djinn and Tonic|Bleakwind Storm|p2b: Guppy\n|-damage|p2b: Guppy|53\/100\n|\n|upkeep\n|\n|t:|1699749705\n|switch|p2a: Coolskeleton|Urshifu-Rapid-Strike, L50, M|100\/100\n|turn|2\n|\n|t:|1699749730\n|move|p2b: Guppy|Rain Dance|p2b: Guppy\n|-weather|RainDance\n|move|p1a: Djinn and Tonic|Tailwind|p1a: Djinn and Tonic\n|-sidestart|p1: ControlGeek|move: Tailwind\n|move|p1b: Guppy|Heat Wave|p2b: Guppy|[spread] p2a,p2b\n|-resisted|p2a: Coolskeleton\n|-damage|p2a: Coolskeleton|82\/100\n|-damage|p2b: Guppy|32\/100\n|move|p2a: Coolskeleton|Surging Strikes|p1b: Guppy\n|-supereffective|p1b: Guppy\n|-crit|p1b: Guppy\n|-enditem|p1b: Guppy|Focus Sash\n|-damage|p1b: Guppy|1\/100\n|-supereffective|p1b: Guppy\n|-crit|p1b: Guppy\n|-damage|p1b: Guppy|0 fnt\n|faint|p1b: Guppy\n|-hitcount|p1: Guppy|2\n|\n|-weather|RainDance|[upkeep]\n|upkeep\n|\n|t:|1699749748\n|switch|p1b: Goliath|Iron Hands, L50|100\/100\n|turn|3\n|inactive|Aldermaple has 30 seconds left.\n|inactive|Aldermaple has 20 seconds left.\n|inactiveoff|Battle timer is now OFF.\n|\n|t:|1699749789\n|move|p1b: Goliath|Fake Out|p2a: Coolskeleton\n|-damage|p2a: Coolskeleton|64\/100\n|move|p1a: Djinn and Tonic|Bleakwind Storm|p2b: Guppy|[spread] p2a,p2b\n|-supereffective|p2a: Coolskeleton\n|-crit|p2b: Guppy\n|-damage|p2a: Coolskeleton|0 fnt\n|-damage|p2b: Guppy|0 fnt\n|faint|p2a: Coolskeleton\n|faint|p2b: Guppy\n|\n|-weather|RainDance|[upkeep]\n|upkeep\n|c|\u2606Aldermaple|gg\n|\n|t:|1699749800\n|switch|p2b: boykisser|Ogerpon-Hearthflame, L50, F|100\/100\n|-ability|p2b: boykisser|Mold Breaker\n|turn|4\n|c|\u2606ControlGeek|yeah gg my guy\n|\n|t:|1699749809\n|-terastallize|p2b: boykisser|Fire\n|detailschange|p2b: boykisser|Ogerpon-Hearthflame-Tera, L50, F, tera:Fire\n|-ability|p2b: boykisser|Embody Aspect (Hearthflame)|boost\n|-boost|p2b: boykisser|atk|1\n|move|p2b: boykisser|Stomping Tantrum|p1b: Goliath\n|-supereffective|p1b: Goliath\n|-damage|p1b: Goliath|36\/100\n|move|p1a: Djinn and Tonic|Bleakwind Storm|p2b: boykisser\n|-crit|p2b: boykisser\n|-damage|p2b: boykisser|30\/100\n|-unboost|p2b: boykisser|spe|1\n|move|p1b: Goliath|Drain Punch|p2b: boykisser\n|-damage|p2b: boykisser|0 fnt\n|-heal|p1b: Goliath|46\/100|[from] drain|[of] p2b: boykisser\n|faint|p2b: boykisser\n|\n|win|ControlGeek\n|c|\u2606Aldermaple|you got the replays?\n|c|\u2606Aldermaple|I made some shitty plays F\n|c|\u2606ControlGeek|yeah ill get them\n|c|\u2606ControlGeek|gg\n|l|\u2606Aldermaple\n","uploadtime":1699749891,"views":11,"p1id":"controlgeek","p2id":"aldermaple","formatid":"gen9vgc2023regulatione","rating":0,"private":0,"password":""}