{"id":"gen9vgc2023regulatione-1996987206","p1":"Juliancasablancass","p2":"dragonitevgc","format":"[Gen 9] VGC 2023 Regulation E","log":"|j|\u2606Juliancasablancass\n|j|\u2606dragonitevgc\n|t:|1700752870\n|gametype|doubles\n|player|p1|Juliancasablancass|galacticgruntf|\n|player|p2|dragonitevgc|101|\n|teamsize|p1|6\n|teamsize|p2|6\n|gen|9\n|tier|[Gen 9] VGC 2023 Regulation E\n|rated|Tournament battle\n|rule|Species Clause: Limit one of each Pok\u00e9mon\n|rule|Item Clause: Limit one of each item\n|clearpoke\n|poke|p1|Farigiraf, L50, M|\n|poke|p1|Ursaluna-Bloodmoon, L50, M|\n|poke|p1|Torkoal, L50, M|\n|poke|p1|Iron Hands, L50|\n|poke|p1|Brute Bonnet, L50|\n|poke|p1|Chi-Yu, L50|\n|poke|p2|Goodra-Hisui, L50, F|\n|poke|p2|Sinistcha-Masterpiece, L50|\n|poke|p2|Arcanine-Hisui, L50, M|\n|poke|p2|Tornadus, L50, M|\n|poke|p2|Iron Hands, L50|\n|poke|p2|Urshifu-*, L50, F|\n|teampreview|4\n|showteam|p1|Farigiraf||ThroatSpray|ArmorTail|HyperVoice,TrickRoom,DoubleKick,Psychic|||M|||50|,,,,,Water]Ursaluna-Bloodmoon||WeaknessPolicy|MindsEye|Protect,BloodMoon,HyperVoice,EarthPower|||M|||50|,,,,,Normal]Torkoal||Charcoal|Drought|SolarBeam,Eruption,HeatWave,EarthPower|||M|||50|,,,,,Fire]Iron Hands||AssaultVest|QuarkDrive|FakeOut,DrainPunch,WildCharge,VoltSwitch||||||50|,,,,,Electric]Brute Bonnet||LifeOrb|Protosynthesis|SeedBomb,Spore,StompingTantrum,Crunch||||||50|,,,,,Water]Chi-Yu||ChoiceScarf|BeadsofRuin|Overheat,HeatWave,DarkPulse,Psychic||||||50|,,,,,Fire\n|showteam|p2|Goodra-Hisui||Leftovers|SapSipper|Shelter,BodyPress,HeavySlam,Protect|||F|||50|,,,,,Water]Sinistcha-Masterpiece||RockyHelmet|Hospitality|TrickRoom,StrengthSap,MatchaGotcha,RagePowder||||||50|,,,,,Dragon]Arcanine-Hisui||ChoiceBand|Intimidate|FlareBlitz,ExtremeSpeed,RockSlide,TeraBlast|||M|||50|,,,,,Fairy]Tornadus||CovertCloak|Prankster|BleakwindStorm,Taunt,RainDance,Tailwind|||M|||50|,,,,,Steel]Iron Hands||AssaultVest|QuarkDrive|DrainPunch,FakeOut,WildCharge,HeavySlam||||||50|,,,,,Grass]Urshifu-Rapid-Strike||MysticWater|UnseenFist|SurgingStrikes,CloseCombat,AquaJet,Detect|||F|||50|,,,,,Water\n|j| Red Fang X\n|j| bloodcurseuk\n|c|\u2606Juliancasablancass|glhf\n|j| MEXES\n|inactive|Battle timer is ON: inactive players will automatically lose when time's up. (requested by Juliancasablancass)\n|l| Red Fang X\n|j| IPutEyeIPutBullet\n|inactive|dragonitevgc has 60 seconds left.\n|\n|t:|1700752925\n|start\n|switch|p1a: Iron Hands|Iron Hands, L50|100\/100\n|switch|p1b: Farigiraf|Farigiraf, L50, M|100\/100\n|switch|p2a: Iron Hands|Iron Hands, L50|100\/100\n|switch|p2b: Urshifu|Urshifu-Rapid-Strike, L50, F|100\/100\n|turn|1\n|l| IPutEyeIPutBullet\n|inactive|dragonitevgc has 30 seconds left.\n|inactive|dragonitevgc has 20 seconds left.\n|inactive|dragonitevgc has 15 seconds left.\n|\n|t:|1700752969\n|switch|p2b: Sinistcha|Sinistcha-Masterpiece, L50|100\/100\n|move|p2a: Iron Hands|Wild Charge|p1b: Farigiraf\n|-crit|p1b: Farigiraf\n|-damage|p1b: Farigiraf|32\/100\n|-damage|p2a: Iron Hands|84\/100|[from] Recoil\n|move|p1a: Iron Hands|Volt Switch|p2b: Sinistcha\n|-resisted|p2b: Sinistcha\n|-damage|p2b: Sinistcha|94\/100\n|\n|t:|1700752982\n|-end|p1a: Iron Hands|Quark Drive|[silent]\n|switch|p1a: Ursaluna|Ursaluna-Bloodmoon, L50, M|100\/100|[from] Volt Switch\n|move|p1b: Farigiraf|Trick Room|p1b: Farigiraf\n|-fieldstart|move: Trick Room|[of] p1b: Farigiraf\n|\n|upkeep\n|turn|2\n|j| PalafanVGC\n|j| Red Fang X\n|c|\u2606dragonitevgc|you d just let me double yozr only tr setter \u00df\n|inactive|dragonitevgc has 30 seconds left.\n|inactive|dragonitevgc has 20 seconds left.\n|inactive|dragonitevgc has 15 seconds left.\n|inactive|dragonitevgc has 10 seconds left.\n|inactive|dragonitevgc has 5 seconds left.\n|\n|t:|1700753034\n|switch|p2b: Goodra|Goodra-Hisui, L50, F|100\/100\n|-terastallize|p1a: Ursaluna|Normal\n|move|p1b: Farigiraf|Double Kick|p1a: Ursaluna\n|-supereffective|p1a: Ursaluna\n|-damage|p1a: Ursaluna|91\/100\n|-enditem|p1a: Ursaluna|Weakness Policy\n|-boost|p1a: Ursaluna|atk|2|[from] item: Weakness Policy\n|-boost|p1a: Ursaluna|spa|2|[from] item: Weakness Policy\n|-supereffective|p1a: Ursaluna\n|-damage|p1a: Ursaluna|82\/100\n|-hitcount|p1a: Ursaluna|2\n|move|p1a: Ursaluna|Hyper Voice|p2a: Iron Hands|[spread] p2a,p2b\n|-resisted|p2b: Goodra\n|-damage|p2a: Iron Hands|25\/100\n|-damage|p2b: Goodra|70\/100\n|move|p2a: Iron Hands|Wild Charge|p1b: Farigiraf\n|-damage|p1b: Farigiraf|0 fnt\n|faint|p1b: Farigiraf\n|-damage|p2a: Iron Hands|18\/100|[from] Recoil\n|\n|-heal|p2b: Goodra|75\/100|[from] item: Leftovers\n|upkeep\n|\n|t:|1700753050\n|switch|p1b: Torkoal|Torkoal, L50, M|100\/100\n|-weather|SunnyDay|[from] ability: Drought|[of] p1b: Torkoal\n|turn|3\n|j| DarthGlacies\n|inactive|dragonitevgc has 30 seconds left.\n|c|\u2606Juliancasablancass|Yes i read your play\u2026\n|c|\u2606dragonitevgc|wow\n|inactive|dragonitevgc has 20 seconds left.\n|c|\u2606dragonitevgc|you are so smart\n|inactive|dragonitevgc has 15 seconds left.\n|inactive|dragonitevgc has 10 seconds left.\n|\n|t:|1700753099\n|-end|p2a: Iron Hands|Quark Drive|[silent]\n|switch|p2a: Sinistcha|Sinistcha-Masterpiece, L50|94\/100\n|-heal|p2b: Goodra|100\/100|[from] ability: Hospitality|[of] p2a: Sinistcha\n|-terastallize|p2b: Goodra|Water\n|move|p1b: Torkoal|Eruption|p2b: Goodra|[spread] p2a,p2b\n|-supereffective|p2a: Sinistcha\n|-resisted|p2b: Goodra\n|-damage|p2a: Sinistcha|0 fnt\n|-damage|p2b: Goodra|74\/100\n|faint|p2a: Sinistcha\n|move|p1a: Ursaluna|Blood Moon|p2b: Goodra\n|-damage|p2b: Goodra|0 fnt\n|faint|p2b: Goodra\n|\n|-weather|SunnyDay|[upkeep]\n|upkeep\n|inactive|dragonitevgc has 30 seconds left.\n|c|\u2606dragonitevgc|not like you had a safe play in fake outing :D\n|inactive|dragonitevgc has 20 seconds left.\n|c|\u2606dragonitevgc|but yea why not risking the whole game for a read :D\n|inactive|dragonitevgc has 15 seconds left.\n|-message|dragonitevgc forfeited.\n|\n|win|Juliancasablancass\n|n|\u2606Juliancasablancass|juliancasablancass\n|n|\u2606dragonitevgc|dragonitevgc\n|n| bloodcurseuk|bloodcurseuk\n|n| MEXES|mexes\n|n| PalafanVGC|palafanvgc\n|n| Red Fang X|redfangx\n|n| DarthGlacies|darthglacies\n|l|\u2606dragonitevgc\n|l| PalafanVGC\n|l| Red Fang X\n|c|\u2606Juliancasablancass|That read was a simple read\n|l| MEXES\n|l| bloodcurseuk\n|l|\u2606Juliancasablancass\n|j|\u2606Juliancasablancass\n|player|p1|Juliancasablancass|galacticgruntf\n","uploadtime":1700753142,"views":6,"p1id":"juliancasablancass","p2id":"dragonitevgc","formatid":"gen9vgc2023regulatione","rating":0,"private":0,"password":""}