{"id":"gen9vgc2023regulatione-1990194214","p1":"AutumnMatic","p2":"superseriousboi","format":"[Gen 9] VGC 2023 Regulation E","log":"|j|\u2606AutumnMatic\n|j|\u2606superseriousboi\n|t:|1699935549\n|gametype|doubles\n|player|p1|AutumnMatic|riley|1297\n|player|p2|superseriousboi|266|1283\n|teamsize|p1|6\n|teamsize|p2|6\n|gen|9\n|tier|[Gen 9] VGC 2023 Regulation E\n|rated|\n|rule|Species Clause: Limit one of each Pok\u00e9mon\n|rule|Item Clause: Limit one of each item\n|clearpoke\n|poke|p1|Sinistcha, L50|\n|poke|p1|Moltres-Galar, L50|\n|poke|p1|Grimmsnarl, L50, M|\n|poke|p1|Arcanine-Hisui, L50, M|\n|poke|p1|Milotic, L50, M|\n|poke|p1|Ceruledge, L50, M|\n|poke|p2|Ogerpon-Wellspring, L50, F|\n|poke|p2|Landorus-Therian, L50, M|\n|poke|p2|Heatran, L50, F|\n|poke|p2|Iron Hands, L50|\n|poke|p2|Kingambit, L50, F|\n|poke|p2|Flutter Mane, L50|\n|teampreview|4\nsuperseriousboi has agreed to open team sheets.\nAutumnMatic has agreed to open team sheets.\n|inactive|Battle timer is ON: inactive players will automatically lose when time's up. (requested by AutumnMatic)\n|\n|t:|1699935611\n|start\n|switch|p1a: Grimmsnarl|Grimmsnarl, L50, M|100\/100\n|switch|p1b: Ceruledge|Ceruledge, L50, M|100\/100\n|switch|p2a: Ogerpon|Ogerpon-Wellspring, L50, F|100\/100\n|switch|p2b: Heatran|Heatran, L50, F|100\/100\n|turn|1\n|inactive|AutumnMatic has 30 seconds left.\n|inactive|AutumnMatic has 20 seconds left.\n|\n|t:|1699935650\n|move|p1b: Ceruledge|Shadow Sneak|p2a: Ogerpon\n|-damage|p2a: Ogerpon|72\/100\n|move|p1a: Grimmsnarl|Reflect|p1a: Grimmsnarl\n|-sidestart|p1: AutumnMatic|Reflect\n|move|p2a: Ogerpon|Ivy Cudgel|p1b: Ceruledge\n|-supereffective|p1b: Ceruledge\n|-damage|p1b: Ceruledge|28\/100\n|move|p2b: Heatran|Flash Cannon|p1a: Grimmsnarl\n|-supereffective|p1a: Grimmsnarl\n|-damage|p1a: Grimmsnarl|0 fnt\n|faint|p1a: Grimmsnarl\n|-damage|p2b: Heatran|91\/100|[from] item: Life Orb\n|\n|upkeep\n|\n|t:|1699935658\n|switch|p1a: Sinistcha|Sinistcha, L50|100\/100\n|-heal|p1b: Ceruledge|53\/100|[from] ability: Hospitality|[of] p1a: Sinistcha\n|turn|2\n|\n|t:|1699935677\n|switch|p1b: Arcanine|Arcanine-Hisui, L50, M|100\/100\n|-ability|p1b: Arcanine|Intimidate|boost\n|-unboost|p2a: Ogerpon|atk|1\n|-unboost|p2b: Heatran|atk|1\n|move|p2a: Ogerpon|Ivy Cudgel|p1b: Arcanine\n|-supereffective|p1b: Arcanine\n|-damage|p1b: Arcanine|5\/100\n|move|p2b: Heatran|Heat Wave|p1b: Arcanine|[spread] p1a,p1b\n|-supereffective|p1a: Sinistcha\n|-resisted|p1b: Arcanine\n|-crit|p1b: Arcanine\n|-damage|p1a: Sinistcha|20\/100\n|-damage|p1b: Arcanine|0 fnt\n|faint|p1b: Arcanine\n|-damage|p2b: Heatran|81\/100|[from] item: Life Orb\n|move|p1a: Sinistcha|Trick Room|p1a: Sinistcha\n|-fieldstart|move: Trick Room|[of] p1a: Sinistcha\n|\n|upkeep\n|\n|t:|1699935686\n|switch|p1b: Ceruledge|Ceruledge, L50, M|53\/100\n|turn|3\n|\n|t:|1699935699\n|move|p1a: Sinistcha|Life Dew|p1a: Sinistcha|[spread] p1a,p1b\n|-heal|p1a: Sinistcha|46\/100\n|-heal|p1b: Ceruledge|78\/100\n|move|p2b: Heatran|Heat Wave|p1a: Sinistcha|[spread] p1a\n|-start|p1b: Ceruledge|ability: Flash Fire\n|-supereffective|p1a: Sinistcha\n|-damage|p1a: Sinistcha|0 fnt\n|faint|p1a: Sinistcha\n|-damage|p2b: Heatran|72\/100|[from] item: Life Orb\n|move|p1b: Ceruledge|Close Combat|p2b: Heatran\n|-supereffective|p2b: Heatran\n|-damage|p2b: Heatran|0 fnt\n|-unboost|p1b: Ceruledge|def|1\n|-unboost|p1b: Ceruledge|spd|1\n|faint|p2b: Heatran\n|move|p2a: Ogerpon|Ivy Cudgel|p1b: Ceruledge\n|-supereffective|p1b: Ceruledge\n|-damage|p1b: Ceruledge|0 fnt\n|faint|p1b: Ceruledge\n|\n|win|superseriousboi\n|raw|AutumnMatic's rating: 1297 &rarr; <strong>1271<\/strong><br \/>(-26 for losing)\n|raw|superseriousboi's rating: 1283 &rarr; <strong>1309<\/strong><br \/>(+26 for winning)\n|l|\u2606AutumnMatic\n","uploadtime":1699935718,"views":7,"p1id":"autumnmatic","p2id":"superseriousboi","formatid":"gen9vgc2023regulatione","rating":1271,"private":0,"password":""}