{"id":"gen9vgc2023regulatione-1990145015","p1":"Iluminador","p2":"bobforte22","format":"[Gen 9] VGC 2023 Regulation E","log":"|j|\u2606Iluminador\n|j|\u2606bobforte22\n|t:|1699929456\n|gametype|doubles\n|player|p1|Iluminador|2|1289\n|player|p2|bobforte22|pilot|1226\n|teamsize|p1|6\n|teamsize|p2|6\n|gen|9\n|tier|[Gen 9] VGC 2023 Regulation E\n|rated|\n|rule|Species Clause: Limit one of each Pok\u00e9mon\n|rule|Item Clause: Limit one of each item\n|clearpoke\n|poke|p1|Toxicroak, L50, M|\n|poke|p1|Uxie, L50|\n|poke|p1|Heatran, L50, M|\n|poke|p1|Bronzong, L50|\n|poke|p1|Spiritomb, L50, M|\n|poke|p1|Pachirisu, L50, M|\n|poke|p2|Chi-Yu, L50|\n|poke|p2|Jolteon, L50, M|\n|poke|p2|Iron Hands, L50|\n|poke|p2|Iron Bundle, L50|\n|poke|p2|Arcanine, L50, M|\n|poke|p2|Iron Jugulis, L50|\n|teampreview|4\n|inactive|Battle timer is ON: inactive players will automatically lose when time's up. (requested by Iluminador)\n|\n|t:|1699929480\n|start\n|switch|p1a: Toxicroak|Toxicroak, L50, M|100\/100\n|switch|p1b: Spiritomb|Spiritomb, L50, M|100\/100\n|switch|p2a: Chi-Yu|Chi-Yu, L50|100\/100\n|switch|p2b: Jolteon|Jolteon, L50, M|100\/100\n|-ability|p2a: Chi-Yu|Beads of Ruin\n|turn|1\n|\n|t:|1699929501\n|-terastallize|p2a: Chi-Yu|Ghost\n|move|p1a: Toxicroak|Fake Out|p2a: Chi-Yu\n|-immune|p2a: Chi-Yu\n|move|p2b: Jolteon|Fake Tears|p1b: Spiritomb\n|-unboost|p1b: Spiritomb|spd|2\n|move|p2a: Chi-Yu|Heat Wave|p1b: Spiritomb|[spread] p1a,p1b\n|-damage|p1a: Toxicroak|12\/100\n|-damage|p1b: Spiritomb|0 fnt\n|faint|p1b: Spiritomb\n|\n|-heal|p1a: Toxicroak|18\/100|[from] item: Leftovers\n|upkeep\n|\n|t:|1699929508\n|switch|p1b: Bronzong|Bronzong, L50|100\/100\n|turn|2\n|\n|t:|1699929518\n|-terastallize|p1b: Bronzong|Fire\n|move|p2b: Jolteon|Fake Tears|p1b: Bronzong\n|-unboost|p1b: Bronzong|spd|2\n|move|p2a: Chi-Yu|Heat Wave|p1a: Toxicroak|[spread] p1a,p1b\n|-resisted|p1b: Bronzong\n|-damage|p1a: Toxicroak|0 fnt\n|-damage|p1b: Bronzong|29\/100\n|faint|p1a: Toxicroak\n|move|p1b: Bronzong|Psychic|p2a: Chi-Yu\n|-damage|p2a: Chi-Yu|41\/100\n|\n|upkeep\n|\n|t:|1699929521\n|switch|p1a: Uxie|Uxie, L50|100\/100\n|turn|3\n|\n|t:|1699929533\n|move|p2b: Jolteon|Fake Tears|p1a: Uxie\n|-unboost|p1a: Uxie|spd|2\n|move|p2a: Chi-Yu|Heat Wave|p1b: Bronzong|[spread] p1a,p1b\n|-resisted|p1b: Bronzong\n|-damage|p1a: Uxie|4\/100\n|-damage|p1b: Bronzong|0 fnt\n|faint|p1b: Bronzong\n|move|p1a: Uxie|Dazzling Gleam|p2b: Jolteon|[spread] p2a,p2b\n|-damage|p2a: Chi-Yu|26\/100\n|-damage|p2b: Jolteon|80\/100\n|\n|upkeep\n|turn|4\n|-message|Iluminador forfeited.\n|\n|win|bobforte22\n|raw|Iluminador's rating: 1255 &rarr; <strong>1228<\/strong><br \/>(-27 for losing)\n|raw|bobforte22's rating: 1226 &rarr; <strong>1253<\/strong><br \/>(+27 for winning)\n|l|\u2606Iluminador\n","uploadtime":1699929553,"views":6,"p1id":"iluminador","p2id":"bobforte22","formatid":"gen9vgc2023regulatione","rating":1228,"private":0,"password":""}