{"id":"gen9vgc2023regulatione-1989135242","p1":"LupinAlpha","p2":"OceanRayClark","format":"[Gen 9] VGC 2023 Regulation E","log":"|j|\u2606LupinAlpha\n|j|\u2606OceanRayClark\n|t:|1699816005\n|gametype|doubles\n|player|p1|LupinAlpha|101|1011\n|player|p2|OceanRayClark|marshal|1078\n|teamsize|p1|6\n|teamsize|p2|6\n|gen|9\n|tier|[Gen 9] VGC 2023 Regulation E\n|rated|\n|rule|Species Clause: Limit one of each Pok\u00e9mon\n|rule|Item Clause: Limit one of each item\n|clearpoke\n|poke|p1|Coalossal, L50, F|\n|poke|p1|Dragapult, L50, F|\n|poke|p1|Clefairy, L50, M|\n|poke|p1|Chien-Pao, L50|\n|poke|p1|Amoonguss, L50, F|\n|poke|p1|Gyarados, L50, M|\n|poke|p2|Annihilape, L50, M|\n|poke|p2|Gallade, L50, M|\n|poke|p2|Iron Hands, L50|\n|poke|p2|Glimmora, L50, F|\n|poke|p2|Ninetales-Alola, L50, F|\n|poke|p2|Altaria, L50, F|\n|teampreview|4\n|inactive|Battle timer is ON: inactive players will automatically lose when time's up. (requested by OceanRayClark)\nOceanRayClark rejected open team sheets.\n|inactive|OceanRayClark has 60 seconds left.\n|c|\u2606LupinAlpha|Glhf\n|\n|t:|1699816043\n|start\n|switch|p1a: Dragapult|Dragapult, L50, F|100\/100\n|switch|p1b: Coalossal|Coalossal, L50, F|100\/100\n|switch|p2a: Milky Rose\ud83c\udf39|Glimmora, L50, F|100\/100\n|switch|p2b: Princess|Ninetales-Alola, L50, F|100\/100\n|-weather|Snow|[from] ability: Snow Warning|[of] p2b: Princess\n|turn|1\n|c|\u2606OceanRayClark|same to you :)\n|\n|t:|1699816067\n|-terastallize|p1b: Coalossal|Water\n|move|p1a: Dragapult|Surf|p2a: Milky Rose\ud83c\udf39|[spread] p1b,p2a,p2b\n|-resisted|p1b: Coalossal\n|-supereffective|p2a: Milky Rose\ud83c\udf39\n|-damage|p1b: Coalossal|94\/100\n|-damage|p2a: Milky Rose\ud83c\udf39|46\/100\n|-damage|p2b: Princess|77\/100\n|-ability|p1b: Coalossal|Steam Engine|boost\n|-boost|p1b: Coalossal|spe|6\n|move|p1b: Coalossal|Flare Blitz|p2b: Princess\n|-supereffective|p2b: Princess\n|-damage|p2b: Princess|8\/100\n|-damage|p1b: Coalossal|77\/100|[from] Recoil\n|move|p2b: Princess|Blizzard|p1b: Coalossal|[spread] p1a,p1b\n|-supereffective|p1a: Dragapult\n|-resisted|p1b: Coalossal\n|-damage|p1a: Dragapult|13\/100\n|-damage|p1b: Coalossal|69\/100\n|-status|p1b: Coalossal|frz\n|move|p2a: Milky Rose\ud83c\udf39|Dazzling Gleam|p1b: Coalossal|[spread] p1a,p1b\n|-supereffective|p1a: Dragapult\n|-damage|p1a: Dragapult|0 fnt\n|-damage|p1b: Coalossal|55\/100 frz\n|faint|p1a: Dragapult\n|\n|-weather|Snow|[upkeep]\n|-heal|p2a: Milky Rose\ud83c\udf39|52\/100|[from] item: Black Sludge\n|upkeep\n|c|\u2606OceanRayClark|but I should warn you\n|\n|t:|1699816087\n|switch|p1a: Chien-Pao|Chien-Pao, L50|100\/100\n|-ability|p1a: Chien-Pao|Sword of Ruin\n|turn|2\n|\n|t:|1699816100\n|move|p1a: Chien-Pao|Sucker Punch|p2b: Princess\n|-resisted|p2b: Princess\n|-damage|p2b: Princess|0 fnt\n|faint|p2b: Princess\n|cant|p1b: Coalossal|frz\n|move|p2a: Milky Rose\ud83c\udf39|Power Gem|p1a: Chien-Pao\n|-supereffective|p1a: Chien-Pao\n|-enditem|p1a: Chien-Pao|Focus Sash\n|-damage|p1a: Chien-Pao|1\/100\n|\n|-weather|Snow|[upkeep]\n|-heal|p2a: Milky Rose\ud83c\udf39|58\/100|[from] item: Black Sludge\n|upkeep\n|\n|t:|1699816112\n|switch|p2b: Beetlemon|Iron Hands, L50, shiny|100\/100\n|-enditem|p2b: Beetlemon|Booster Energy\n|-activate|p2b: Beetlemon|ability: Quark Drive|[fromitem]\n|-start|p2b: Beetlemon|quarkdriveatk\n|turn|3\n|\n|t:|1699816130\n|-curestatus|p1b: Coalossal|frz|[from] move: Flare Blitz\n|move|p1b: Coalossal|Flare Blitz|p2b: Beetlemon\n|-damage|p2b: Beetlemon|61\/100\n|-damage|p1b: Coalossal|41\/100|[from] Recoil\n|move|p1a: Chien-Pao|Acrobatics|p2b: Beetlemon\n|-damage|p2b: Beetlemon|28\/100\n|move|p2a: Milky Rose\ud83c\udf39|Dazzling Gleam|p1a: Chien-Pao|[spread] p1a,p1b\n|-supereffective|p1a: Chien-Pao\n|-crit|p1b: Coalossal\n|-damage|p1a: Chien-Pao|0 fnt\n|-damage|p1b: Coalossal|24\/100\n|faint|p1a: Chien-Pao\n|move|p2b: Beetlemon|Thunder Punch|p1b: Coalossal\n|-supereffective|p1b: Coalossal\n|-damage|p1b: Coalossal|0 fnt\n|faint|p1b: Coalossal\n|\n|-weather|Snow|[upkeep]\n|-heal|p2a: Milky Rose\ud83c\udf39|64\/100|[from] item: Black Sludge\n|upkeep\n|\n|t:|1699816136\n|switch|p1b: Clefairy|Clefairy, L50, M|100\/100\n|turn|4\n|-message|LupinAlpha forfeited.\n|\n|win|OceanRayClark\n|raw|LupinAlpha's rating: 1011 &rarr; <strong>1002<\/strong><br \/>(-9 for losing)\n|raw|OceanRayClark's rating: 1078 &rarr; <strong>1101<\/strong><br \/>(+23 for winning)\n|l|\u2606LupinAlpha\n|c|\u2606OceanRayClark|GG\n","uploadtime":1699816153,"views":20,"p1id":"lupinalpha","p2id":"oceanrayclark","formatid":"gen9vgc2023regulatione","rating":1002,"private":0,"password":""}