{"id":"gen9vgc2023regulatione-1991432204","p1":"WeRrsome","p2":"Nervoneo","format":"[Gen 9] VGC 2023 Regulation E","log":"|j|\u2606WeRrsome\n|j|\u2606Nervoneo\n|t:|1700076610\n|gametype|doubles\n|player|p1|WeRrsome|101|1062\n|player|p2|Nervoneo|101|1048\n|teamsize|p1|6\n|teamsize|p2|6\n|gen|9\n|tier|[Gen 9] VGC 2023 Regulation E\n|rated|\n|rule|Species Clause: Limit one of each Pok\u00e9mon\n|rule|Item Clause: Limit one of each item\n|clearpoke\n|poke|p1|Slaking, L50, F|\n|poke|p1|Weezing-Galar, L50, M|\n|poke|p1|Flutter Mane, L50|\n|poke|p1|Torkoal, L50, F|\n|poke|p1|Lilligant-Hisui, L50, F|\n|poke|p1|Ogerpon-Hearthflame, L50, F|\n|poke|p2|Clodsire, L50, M|\n|poke|p2|Dipplin, L50, M|\n|poke|p2|Iron Bundle, L50|\n|poke|p2|Tauros-Paldea-Blaze, L50, M|\n|poke|p2|Landorus-Therian, L50, M|\n|poke|p2|Farigiraf, L50, M|\n|teampreview|4\n|\n|t:|1700076650\n|start\n|switch|p1a: Torkoal|Torkoal, L50, F|100\/100\n|switch|p1b: Flutter Mane|Flutter Mane, L50|100\/100\n|switch|p2a: Tauros|Tauros-Paldea-Blaze, L50, M|100\/100\n|switch|p2b: Iron Bundle|Iron Bundle, L50|100\/100\n|-ability|p2a: Tauros|Intimidate|boost\n|-unboost|p1a: Torkoal|atk|1\n|-unboost|p1b: Flutter Mane|atk|1\n|-weather|SunnyDay|[from] ability: Drought|[of] p1a: Torkoal\n|-activate|p1b: Flutter Mane|ability: Protosynthesis\n|-start|p1b: Flutter Mane|protosynthesisspa\n|-enditem|p2b: Iron Bundle|Booster Energy\n|-activate|p2b: Iron Bundle|ability: Quark Drive|[fromitem]\n|-start|p2b: Iron Bundle|quarkdrivespe\n|turn|1\n|\n|t:|1700076686\n|switch|p1a: Weezing|Weezing-Galar, L50, M|100\/100\n|-ability|p1a: Weezing|Neutralizing Gas\n|move|p2b: Iron Bundle|Freeze-Dry|p1b: Flutter Mane\n|-damage|p1b: Flutter Mane|61\/100\n|move|p1b: Flutter Mane|Shadow Ball|p2b: Iron Bundle\n|-damage|p2b: Iron Bundle|0 fnt\n|faint|p2b: Iron Bundle\n|-end|p2b: Iron Bundle|Quark Drive|[silent]\n|move|p2a: Tauros|Raging Bull|p1b: Flutter Mane\n|-damage|p1b: Flutter Mane|0 fnt\n|faint|p1b: Flutter Mane\n|-end|p1b: Flutter Mane|Protosynthesis|[silent]\n|\n|-weather|SunnyDay|[upkeep]\n|upkeep\n|\n|t:|1700076706\n|switch|p2b: Clodsire|Clodsire, L50, M|100\/100\n|switch|p1b: Lilligant|Lilligant-Hisui, L50, F|100\/100\n|turn|2\n|\n|t:|1700076731\n|-end|p1a: Weezing|ability: Neutralizing Gas\n|-ability|p2a: Tauros|Intimidate|boost\n|-unboost|p1a: Weezing|atk|1\n|-unboost|p1b: Lilligant|atk|1\n|switch|p1a: Torkoal|Torkoal, L50, F|100\/100\n|move|p1b: Lilligant|Protect|p1b: Lilligant\n|-singleturn|p1b: Lilligant|Protect\n|move|p2a: Tauros|Raging Bull|p1b: Lilligant\n|-activate|p1b: Lilligant|move: Protect\n|move|p2b: Clodsire|Yawn|p1a: Torkoal\n|-start|p1a: Torkoal|move: Yawn|[of] p2b: Clodsire\n|\n|-weather|SunnyDay|[upkeep]\n|upkeep\n|turn|3\n|\n|t:|1700076767\n|-terastallize|p1a: Torkoal|Fire\n|move|p1b: Lilligant|Brick Break|p2a: Tauros\n|-damage|p2a: Tauros|74\/100\n|move|p2a: Tauros|Raging Bull|p1b: Lilligant\n|-supereffective|p1b: Lilligant\n|-enditem|p1b: Lilligant|Focus Sash\n|-damage|p1b: Lilligant|1\/100\n|move|p2b: Clodsire|Stomping Tantrum|p1b: Lilligant\n|-resisted|p1b: Lilligant\n|-damage|p1b: Lilligant|0 fnt\n|faint|p1b: Lilligant\n|move|p1a: Torkoal|Eruption|p2b: Clodsire|[spread] p2a,p2b\n|-resisted|p2a: Tauros\n|-damage|p2a: Tauros|26\/100\n|-damage|p2b: Clodsire|28\/100\n|\n|-weather|SunnyDay|[upkeep]\n|-end|p1a: Torkoal|move: Yawn|[silent]\n|-status|p1a: Torkoal|slp\n|upkeep\n|\n|t:|1700076782\n|switch|p1b: Weezing|Weezing-Galar, L50, M|100\/100\n|-ability|p1b: Weezing|Neutralizing Gas\n|turn|4\n|-message|WeRrsome forfeited.\n|\n|win|Nervoneo\n|raw|WeRrsome's rating: 1062 &rarr; <strong>1042<\/strong><br \/>(-20 for losing)\n|raw|Nervoneo's rating: 1048 &rarr; <strong>1082<\/strong><br \/>(+34 for winning)\n|l|\u2606WeRrsome\n","uploadtime":1700076792,"views":26,"p1id":"werrsome","p2id":"nervoneo","formatid":"gen9vgc2023regulatione","rating":1042,"private":0,"password":""}