{"id":"gen9vgc2023regulatione-1993508144","p1":"DragonairJordan23","p2":"crayvien","format":"[Gen 9] VGC 2023 Regulation E","log":"|j|\u2606DragonairJordan23\n|j|\u2606crayvien\n|t:|1700326131\n|gametype|doubles\n|player|p1|DragonairJordan23|kiawe|1375\n|player|p2|crayvien|silver-masters|1269\n|teamsize|p1|6\n|teamsize|p2|6\n|gen|9\n|tier|[Gen 9] VGC 2023 Regulation E\n|rated|\n|rule|Species Clause: Limit one of each Pok\u00e9mon\n|rule|Item Clause: Limit one of each item\n|clearpoke\n|poke|p1|Indeedee-F, L50, F|\n|poke|p1|Armarouge, L50, M|\n|poke|p1|Sinistcha, L50|\n|poke|p1|Iron Hands, L50|\n|poke|p1|Ninetales-Alola, L50, F|\n|poke|p1|Roaring Moon, L50|\n|poke|p2|Typhlosion-Hisui, L50, M|\n|poke|p2|Torkoal, L50, M|\n|poke|p2|Landorus-Therian, L50, M|\n|poke|p2|Iron Hands, L50|\n|poke|p2|Baxcalibur, L50, M|\n|poke|p2|Clefairy, L50, M|\n|teampreview|4\n|inactive|Battle timer is ON: inactive players will automatically lose when time's up. (requested by crayvien)\ncrayvien has agreed to open team sheets.\n|inactive|DragonairJordan23 has 60 seconds left.\n|inactive|crayvien has 60 seconds left.\nDragonairJordan23 has agreed to open team sheets.\n|\n|t:|1700326181\n|start\n|switch|p1a: Armarouge|Armarouge, L50, M|100\/100\n|switch|p1b: Indeedee|Indeedee-F, L50, F|100\/100\n|switch|p2a: Iron Hands|Iron Hands, L50, shiny|100\/100\n|switch|p2b: Baxcalibur|Baxcalibur, L50, M, shiny|100\/100\n|-fieldstart|move: Psychic Terrain|[from] ability: Psychic Surge|[of] p1b: Indeedee\n|turn|1\n|inactive|crayvien has 30 seconds left.\n|\n|t:|1700326213\n|-terastallize|p1a: Armarouge|Psychic\n|move|p1b: Indeedee|Follow Me|p1b: Indeedee\n|-singleturn|p1b: Indeedee|move: Follow Me\n|move|p2b: Baxcalibur|Icicle Spear|p1b: Indeedee\n|-damage|p1b: Indeedee|86\/100\n|-damage|p1b: Indeedee|71\/100\n|-crit|p1b: Indeedee\n|-damage|p1b: Indeedee|49\/100\n|-damage|p1b: Indeedee|35\/100\n|-damage|p1b: Indeedee|21\/100\n|-hitcount|p1b: Indeedee|5\n|move|p1a: Armarouge|Expanding Force|p2b: Baxcalibur|[spread] p2a,p2b\n|-supereffective|p2a: Iron Hands\n|-damage|p2a: Iron Hands|0 fnt\n|-damage|p2b: Baxcalibur|0 fnt\n|faint|p2a: Iron Hands\n|-end|p2a: Iron Hands|Quark Drive|[silent]\n|faint|p2b: Baxcalibur\n|-damage|p1a: Armarouge|91\/100|[from] item: Life Orb\n|\n|upkeep\n|\n|t:|1700326223\n|switch|p2b: Torkoal|Torkoal, L50, M, shiny|100\/100\n|switch|p2a: Typhlosion|Typhlosion-Hisui, L50, M, shiny|100\/100\n|-weather|SunnyDay|[from] ability: Drought|[of] p2b: Torkoal\n|turn|2\n|\n|t:|1700326237\n|-terastallize|p2a: Typhlosion|Fire\n|move|p2b: Torkoal|Helping Hand|p2a: Typhlosion\n|-singleturn|p2a: Typhlosion|Helping Hand|[of] p2b: Torkoal\n|move|p1b: Indeedee|Follow Me|p1b: Indeedee\n|-singleturn|p1b: Indeedee|move: Follow Me\n|move|p2a: Typhlosion|Eruption|p1a: Armarouge|[spread] p1b\n|-start|p1a: Armarouge|ability: Flash Fire\n|-damage|p1b: Indeedee|0 fnt\n|faint|p1b: Indeedee\n|move|p1a: Armarouge|Expanding Force|p2b: Torkoal|[spread] p2a,p2b\n|-damage|p2a: Typhlosion|0 fnt\n|-damage|p2b: Torkoal|0 fnt\n|faint|p2a: Typhlosion\n|faint|p2b: Torkoal\n|-damage|p1a: Armarouge|81\/100|[from] item: Life Orb\n|\n|win|DragonairJordan23\n|raw|DragonairJordan23's rating: 1375 &rarr; <strong>1389<\/strong><br \/>(+14 for winning)\n|raw|crayvien's rating: 1269 &rarr; <strong>1251<\/strong><br \/>(-18 for losing)\n|l|\u2606crayvien\n","uploadtime":1700326256,"views":9,"p1id":"dragonairjordan23","p2id":"crayvien","formatid":"gen9vgc2023regulatione","rating":1251,"private":0,"password":""}