{"id":"gen9vgc2023regulatione-1998413058","p1":"whyismynamejeff","p2":"N0v3mber","format":"[Gen 9] VGC 2023 Regulation E","log":"|j|\u2606whyismynamejeff\n|j|\u2606N0v3mber\n|t:|1700939516\n|gametype|doubles\n|player|p1|whyismynamejeff|musician|1070\n|player|p2|N0v3mber|burgh|1000\n|teamsize|p1|6\n|teamsize|p2|6\n|gen|9\n|tier|[Gen 9] VGC 2023 Regulation E\n|rated|\n|rule|Species Clause: Limit one of each Pok\u00e9mon\n|rule|Item Clause: Limit one of each item\n|clearpoke\n|poke|p1|Ogerpon-Wellspring, L50, F|\n|poke|p1|Regieleki, L50|\n|poke|p1|Indeedee-F, L50, F|\n|poke|p1|Tornadus, L50, M|\n|poke|p1|Chi-Yu, L50|\n|poke|p1|Flutter Mane, L50|\n|poke|p2|Volcarona, L50, M|\n|poke|p2|Vikavolt, L50, F|\n|poke|p2|Leavanny, L50, F|\n|poke|p2|Scyther, L50, M|\n|poke|p2|Lokix, L50, F|\n|poke|p2|Masquerain, L50, M|\n|teampreview|4\n|inactive|Battle timer is ON: inactive players will automatically lose when time's up. (requested by N0v3mber)\n|c|\u2606whyismynamejeff|mono dark\n|c|\u2606whyismynamejeff|bug\n|c|\u2606whyismynamejeff|im stoopid\n|inactive|N0v3mber has 60 seconds left.\n|\n|t:|1700939553\n|start\n|switch|p1a: Chi-Yu|Chi-Yu, L50|100\/100\n|switch|p1b: Indeedee|Indeedee-F, L50, F|100\/100\n|switch|p2a: Masquerain|Masquerain, L50, M|100\/100\n|switch|p2b: Scyther|Scyther, L50, M|100\/100\n|-ability|p1a: Chi-Yu|Beads of Ruin\n|-fieldstart|move: Psychic Terrain|[from] ability: Psychic Surge|[of] p1b: Indeedee\n|-enditem|p1b: Indeedee|Psychic Seed\n|-boost|p1b: Indeedee|spd|1|[from] item: Psychic Seed\n|-ability|p2a: Masquerain|Intimidate|boost\n|-unboost|p1a: Chi-Yu|atk|1\n|-unboost|p1b: Indeedee|atk|1\n|turn|1\n|inactive|whyismynamejeff has 30 seconds left.\n|inactive|N0v3mber has 30 seconds left.\n|\n|t:|1700939586\n|move|p1b: Indeedee|Follow Me|p1b: Indeedee\n|-singleturn|p1b: Indeedee|move: Follow Me\n|move|p2b: Scyther|Dual Wingbeat|p1b: Indeedee\n|-damage|p1b: Indeedee|75\/100\n|-damage|p1b: Indeedee|50\/100\n|-hitcount|p1b: Indeedee|2\n|move|p1a: Chi-Yu|Heat Wave|p2b: Scyther|[spread] p2b\n|-miss|p1a: Chi-Yu|p2a: Masquerain\n|-supereffective|p2b: Scyther\n|-damage|p2b: Scyther|0 fnt\n|faint|p2b: Scyther\n|-damage|p1a: Chi-Yu|91\/100|[from] item: Life Orb\n|move|p2a: Masquerain|Stun Spore|p1b: Indeedee\n|-status|p1b: Indeedee|par\n|\n|upkeep\n|\n|t:|1700939602\n|switch|p2b: Vikavolt|Vikavolt, L50, F|100\/100\n|turn|2\n|\n|t:|1700939626\n|-terastallize|p2b: Vikavolt|Electric\n|move|p1b: Indeedee|Follow Me|p1b: Indeedee\n|-singleturn|p1b: Indeedee|move: Follow Me\n|move|p1a: Chi-Yu|Heat Wave|p2a: Masquerain|[spread] p2a,p2b\n|-supereffective|p2a: Masquerain\n|-crit|p2b: Vikavolt\n|-damage|p2a: Masquerain|0 fnt\n|-damage|p2b: Vikavolt|15\/100\n|faint|p2a: Masquerain\n|-damage|p1a: Chi-Yu|81\/100|[from] item: Life Orb\n|move|p2b: Vikavolt|Thunderbolt|p1b: Indeedee\n|-damage|p1b: Indeedee|0 fnt\n|faint|p1b: Indeedee\n|\n|upkeep\n|\n|t:|1700939641\n|switch|p1b: Regieleki|Regieleki, L50|100\/100\n|switch|p2a: Lokix|Lokix, L50, F|100\/100\n|turn|3\n|inactive|N0v3mber has 30 seconds left.\n|c|\u2606whyismynamejeff|chi yu is faster than vikavolt\n|inactive|N0v3mber has 20 seconds left.\n|\n|t:|1700939676\n|-terastallize|p1b: Regieleki|Ice\n|move|p2a: Lokix|First Impression|p1b: Regieleki\n|-activate|p1b: Regieleki|move: Psychic Terrain\n|move|p1b: Regieleki|Tera Blast|p2b: Vikavolt|[anim] Tera Blast Ice\n|-damage|p2b: Vikavolt|0 fnt\n|faint|p2b: Vikavolt\n|move|p1a: Chi-Yu|Overheat|p2a: Lokix\n|-supereffective|p2a: Lokix\n|-damage|p2a: Lokix|0 fnt\n|-unboost|p1a: Chi-Yu|spa|2\n|faint|p2a: Lokix\n|-damage|p1a: Chi-Yu|71\/100|[from] item: Life Orb\n|\n|win|whyismynamejeff\n|raw|whyismynamejeff's rating: 1070 &rarr; <strong>1094<\/strong><br \/>(+24 for winning)\n|raw|N0v3mber's rating: 1000 &rarr; <strong>1000<\/strong><br \/>(+0 for losing)\n|l|\u2606N0v3mber\n","uploadtime":1700939705,"views":12,"p1id":"whyismynamejeff","p2id":"n0v3mber","formatid":"gen9vgc2023regulatione","rating":1000,"private":0,"password":""}