{"id":"gen9vgc2023regulatione-1993712545","p1":"Steve9998","p2":"Driver Zip","format":"[Gen 9] VGC 2023 Regulation E","log":"|j|\u2606Steve9998\n|j|\u2606Driver Zip\n|t:|1700348420\n|gametype|doubles\n|player|p1|Steve9998|266|1079\n|player|p2|Driver Zip|sabrina|1101\n|teamsize|p1|6\n|teamsize|p2|6\n|gen|9\n|tier|[Gen 9] VGC 2023 Regulation E\n|rated|\n|rule|Species Clause: Limit one of each Pok\u00e9mon\n|rule|Item Clause: Limit one of each item\n|clearpoke\n|poke|p1|Urshifu-*, L50, F|\n|poke|p1|Iron Hands, L50|\n|poke|p1|Chien-Pao, L50|\n|poke|p1|Tornadus, L50, M|\n|poke|p1|Gholdengo, L50|\n|poke|p1|Arcanine-Hisui, L50, F|\n|poke|p2|Golduck, L50, F|\n|poke|p2|Pelipper, L50, F|\n|poke|p2|Kommo-o, L50, F|\n|poke|p2|Sinistcha-Masterpiece, L50|\n|poke|p2|Arcanine-Hisui, L50, F|\n|poke|p2|Landorus-Therian, L50, M|\n|teampreview|4\n|inactive|Battle timer is ON: inactive players will automatically lose when time's up. (requested by Driver Zip)\n|\n|t:|1700348447\n|start\n|switch|p1a: Tornadus|Tornadus, L50, M|100\/100\n|switch|p1b: Urshifu|Urshifu-Rapid-Strike, L50, F|100\/100\n|switch|p2a: Pelipper|Pelipper, L50, F|100\/100\n|switch|p2b: Golduck|Golduck, L50, F|100\/100\n|-weather|RainDance|[from] ability: Drizzle|[of] p2a: Pelipper\n|turn|1\n|inactive|Steve9998 has 30 seconds left.\n|\n|t:|1700348473\n|-terastallize|p1b: Urshifu|Water\n|move|p2b: Golduck|Protect|p2b: Golduck\n|-singleturn|p2b: Golduck|Protect\n|move|p1b: Urshifu|Surging Strikes|p2b: Golduck\n|-resisted|p2b: Golduck\n|-crit|p2b: Golduck\n|-damage|p2b: Golduck|76\/100\n|-resisted|p2b: Golduck\n|-crit|p2b: Golduck\n|-damage|p2b: Golduck|52\/100\n|-resisted|p2b: Golduck\n|-crit|p2b: Golduck\n|-damage|p2b: Golduck|28\/100\n|-hitcount|p2b: Golduck|3\n|move|p1a: Tornadus|Bleakwind Storm|p2a: Pelipper|[spread] p2a\n|-activate|p2b: Golduck|move: Protect\n|-damage|p2a: Pelipper|63\/100\n|-unboost|p2a: Pelipper|spe|1\n|move|p2a: Pelipper|U-turn|p1a: Tornadus\n|-resisted|p1a: Tornadus\n|-damage|p1a: Tornadus|95\/100\n|\n|t:|1700348479\n|switch|p2a: Kommo-o|Kommo-o, L50, F|100\/100|[from] U-turn\n|\n|-weather|RainDance|[upkeep]\n|upkeep\n|turn|2\n|inactive|Steve9998 has 30 seconds left.\n|\n|t:|1700348505\n|-terastallize|p2a: Kommo-o|Steel\n|move|p2b: Golduck|Simple Beam|p2a: Kommo-o\n|-endability|p2a: Kommo-o|Bulletproof|[from] move: Simple Beam\n|-ability|p2a: Kommo-o|Simple|[from] move: Simple Beam\n|move|p1b: Urshifu|Surging Strikes|p2a: Kommo-o\n|-crit|p2a: Kommo-o\n|-damage|p2a: Kommo-o|65\/100\n|-crit|p2a: Kommo-o\n|-damage|p2a: Kommo-o|31\/100\n|-crit|p2a: Kommo-o\n|-damage|p2a: Kommo-o|0 fnt\n|faint|p2a: Kommo-o\n|-hitcount|p2: Kommo-o|3\n|move|p1a: Tornadus|Bleakwind Storm|p2b: Golduck\n|-damage|p2b: Golduck|0 fnt\n|faint|p2b: Golduck\n|\n|-weather|RainDance|[upkeep]\n|upkeep\n|-message|Driver Zip forfeited.\n|\n|win|Steve9998\n|raw|Steve9998's rating: 1079 &rarr; <strong>1109<\/strong><br \/>(+30 for winning)\n|raw|Driver Zip's rating: 1101 &rarr; <strong>1074<\/strong><br \/>(-27 for losing)\n|l|\u2606Driver Zip\n","uploadtime":1700348528,"views":10,"p1id":"steve9998","p2id":"driverzip","formatid":"gen9vgc2023regulatione","rating":1074,"private":0,"password":""}