{"id":"gen9vgc2023regulatione-1987936588","p1":"zanethrillseek","p2":"Ionaii","format":"[Gen 9] VGC 2023 Regulation E","log":"|j|\u2606zanethrillseek\n|j|\u2606Ionaii\n|t:|1699650903\n|gametype|doubles\n|player|p1|zanethrillseek|hilbert-wonderlauncher|1171\n|player|p2|Ionaii|1|1255\n|teamsize|p1|6\n|teamsize|p2|6\n|gen|9\n|tier|[Gen 9] VGC 2023 Regulation E\n|rated|\n|rule|Species Clause: Limit one of each Pok\u00e9mon\n|rule|Item Clause: Limit one of each item\n|clearpoke\n|poke|p1|Tornadus, L50, M|\n|poke|p1|Chien-Pao, L50|\n|poke|p1|Rillaboom, L50, M|\n|poke|p1|Arcanine-Hisui, L50, F|\n|poke|p1|Flutter Mane, L50|\n|poke|p1|Urshifu-*, L50, F|\n|poke|p2|Gholdengo, L50|\n|poke|p2|Urshifu-*, L50, F|\n|poke|p2|Ogerpon-Hearthflame, L50, F|\n|poke|p2|Chien-Pao, L50|\n|poke|p2|Landorus-Therian, L50, M|\n|poke|p2|Clefairy, L50, M|\n|teampreview|4\nzanethrillseek has agreed to open team sheets.\nIonaii rejected open team sheets.\n|c|\u2606Ionaii|sorry\n|c|\u2606Ionaii|im testing this team for online ladder\n|c|\u2606zanethrillseek|ok lol\n|\n|t:|1699650970\n|start\n|switch|p1a: Tornadus|Tornadus, L50, M|100\/100\n|switch|p1b: Urshifu|Urshifu-Rapid-Strike, L50, F|100\/100\n|switch|p2a: Gholdengo|Gholdengo, L50|100\/100\n|switch|p2b: Clefairy|Clefairy, L50, M|100\/100\n|turn|1\n|\n|t:|1699650997\n|-terastallize|p1b: Urshifu|Water\n|move|p2b: Clefairy|Follow Me|p2b: Clefairy\n|-singleturn|p2b: Clefairy|move: Follow Me\n|move|p1a: Tornadus|Rain Dance|p1a: Tornadus\n|-weather|RainDance\n|move|p2a: Gholdengo|Nasty Plot|p2a: Gholdengo\n|-boost|p2a: Gholdengo|spa|2\n|move|p1b: Urshifu|Surging Strikes|p2b: Clefairy\n|-crit|p2b: Clefairy\n|-damage|p2b: Clefairy|37\/100\n|-crit|p2b: Clefairy\n|-damage|p2b: Clefairy|0 fnt\n|faint|p2b: Clefairy\n|-hitcount|p2: Clefairy|2\n|\n|-weather|RainDance|[upkeep]\n|upkeep\n|\n|t:|1699651008\n|switch|p2b: Landorus|Landorus-Therian, L50, M|100\/100\n|-ability|p2b: Landorus|Intimidate|boost\n|-unboost|p1a: Tornadus|atk|1\n|-unboost|p1b: Urshifu|atk|1\n|turn|2\n|\n|t:|1699651024\n|-terastallize|p2b: Landorus|Flying\n|move|p1a: Tornadus|Tailwind|p1a: Tornadus\n|-sidestart|p1: zanethrillseek|move: Tailwind\n|move|p1b: Urshifu|Surging Strikes|p2b: Landorus\n|-crit|p2b: Landorus\n|-damage|p2b: Landorus|38\/100\n|-crit|p2b: Landorus\n|-damage|p2b: Landorus|0 fnt\n|faint|p2b: Landorus\n|-hitcount|p2: Landorus|2\n|move|p2a: Gholdengo|Shadow Ball|p1b: Urshifu\n|-damage|p1b: Urshifu|0 fnt\n|faint|p1b: Urshifu\n|\n|-weather|RainDance|[upkeep]\n|upkeep\n|\n|t:|1699651042\n|switch|p2b: Chien-Pao|Chien-Pao, L50|100\/100\n|switch|p1b: Flutter Mane|Flutter Mane, L50|100\/100\n|-ability|p2b: Chien-Pao|Sword of Ruin\n|-enditem|p1b: Flutter Mane|Booster Energy\n|-activate|p1b: Flutter Mane|ability: Protosynthesis|[fromitem]\n|-start|p1b: Flutter Mane|protosynthesisspa\n|turn|3\n|\n|t:|1699651067\n|move|p2b: Chien-Pao|Sucker Punch|p1b: Flutter Mane\n|-damage|p1b: Flutter Mane|35\/100\n|move|p1b: Flutter Mane|Shadow Ball|p2a: Gholdengo\n|-supereffective|p2a: Gholdengo\n|-damage|p2a: Gholdengo|0 fnt\n|faint|p2a: Gholdengo\n|move|p1a: Tornadus|Bleakwind Storm|p2b: Chien-Pao\n|-damage|p2b: Chien-Pao|37\/100\n|\n|-weather|RainDance|[upkeep]\n|upkeep\n|turn|4\n|\n|t:|1699651088\n|move|p1b: Flutter Mane|Protect|p1b: Flutter Mane\n|-singleturn|p1b: Flutter Mane|Protect\n|move|p1a: Tornadus|Bleakwind Storm|p2b: Chien-Pao\n|-damage|p2b: Chien-Pao|0 fnt\n|faint|p2b: Chien-Pao\n|\n|win|zanethrillseek\n|raw|zanethrillseek's rating: 1171 &rarr; <strong>1202<\/strong><br \/>(+31 for winning)\n|raw|Ionaii's rating: 1255 &rarr; <strong>1224<\/strong><br \/>(-31 for losing)\n|l|\u2606Ionaii\n","uploadtime":1699651099,"views":14,"p1id":"zanethrillseek","p2id":"ionaii","formatid":"gen9vgc2023regulatione","rating":1202,"private":0,"password":""}