{"id":"gen9vgc2023regulatione-1994664440","p1":"LifeOrbPex","p2":"metronome11","format":"[Gen 9] VGC 2023 Regulation E","log":"|j|\u2606LifeOrbPex\n|j|\u2606metronome11\n|n|\u2606LifeOrbPex|lifeorbpex\n|n|\u2606metronome11|metronome11\n|html|View the match progress at <a href=\"\/game-bestof3-gen9vgc2023regulatione-1994664439\">game-bestof3-gen9vgc2023regulatione-1994664439<\/a>\n|t:|1700477715\n|gametype|doubles\n|player|p1|LifeOrbPex|265|\n|player|p2|metronome11|170|\n|teamsize|p1|6\n|teamsize|p2|6\n|gen|9\n|tier|[Gen 9] VGC 2023 Regulation E\n|rated|Tournament battle\n|rule|Species Clause: Limit one of each Pok\u00e9mon\n|rule|Item Clause: Limit one of each item\n|clearpoke\n|poke|p1|Landorus-Therian, L50, M|\n|poke|p1|Iron Hands, L50|\n|poke|p1|Ogerpon-Wellspring, L50, F|\n|poke|p1|Heatran, L50, M|\n|poke|p1|Ninetales-Alola, L50, F|\n|poke|p1|Baxcalibur, L50, M|\n|poke|p2|Iron Hands, L50|\n|poke|p2|Sinistcha, L50|\n|poke|p2|Mamoswine, L50, F|\n|poke|p2|Ursaluna-Bloodmoon, L50, M|\n|poke|p2|Armarouge, L50, F|\n|poke|p2|Indeedee-F, L50, F|\n|teampreview|4\n|showteam|p1|Landorus-Therian||ChoiceBand|Intimidate|StompingTantrum,TeraBlast,RockTomb,Uturn|||M|||50|,,,,,Flying]Iron Hands||AssaultVest|QuarkDrive|DrainPunch,WildCharge,HeavySlam,FakeOut||||||50|,,,,,Fairy]Ogerpon-Wellspring||WellspringMask|WaterAbsorb|IvyCudgel,HornLeech,FollowMe,SpikyShield|||F|||50|,,,,,Water]Heatran||ShucaBerry|FlashFire|HeatWave,EarthPower,FlashCannon,Protect|||M|||50|,,,,,Grass]Ninetales-Alola||LightClay|SnowWarning|AuroraVeil,Blizzard,IcyWind,Protect|||F|||50|,,,,,Water]Baxcalibur||LoadedDice|IceBody|IcicleSpear,ScaleShot,SwordsDance,Protect|||M|||50|,,,,,Poison\n|showteam|p2|Iron Hands||AssaultVest|QuarkDrive|FakeOut,HeavySlam,DrainPunch,WildCharge||||||50|,,,,,Fire]Sinistcha||MentalHerb|Hospitality|TrickRoom,MatchaGotcha,Protect,NastyPlot||||||50|,,,,,Fire]Mamoswine||RockyHelmet|Oblivious|IceShard,HighHorsepower,IcicleCrash,Protect|||F|||50|,,,,,Water]Ursaluna-Bloodmoon||ThroatSpray|MindsEye|BloodMoon,HyperVoice,EarthPower,Protect|||M|||50|,,,,,Normal]Armarouge||LifeOrb|FlashFire|ArmorCannon,ExpandingForce,WideGuard,AuraSphere|||F|||50|,,,,,Grass]Indeedee-F||PsychicSeed|PsychicSurge|FollowMe,TrickRoom,Protect,HelpingHand|||F|||50|,,,,,Grass\n|j| road2stafflol\n|c| road2stafflol|ooo\n|c| road2stafflol|bax atales\n|c| road2stafflol|ive been making a team like that\n|\n|t:|1700477784\n|start\n|switch|p1a: NotLikeOtherLandos|Landorus-Therian, L50, M, shiny|100\/100\n|switch|p1b: FuegoFavritoMexico|Heatran, L50, M, shiny|100\/100\n|switch|p2a: Armarouge|Armarouge, L50, F|100\/100\n|switch|p2b: Indeedee|Indeedee-F, L50, F|100\/100\n|-ability|p1a: NotLikeOtherLandos|Intimidate|boost\n|-unboost|p2a: Armarouge|atk|1\n|-unboost|p2b: Indeedee|atk|1\n|-fieldstart|move: Psychic Terrain|[from] ability: Psychic Surge|[of] p2b: Indeedee\n|-enditem|p2b: Indeedee|Psychic Seed\n|-boost|p2b: Indeedee|spd|1|[from] item: Psychic Seed\n|turn|1\n|\n|t:|1700477851\n|-terastallize|p1a: NotLikeOtherLandos|Flying\n|-terastallize|p2a: Armarouge|Grass\n|move|p1a: NotLikeOtherLandos|Tera Blast|p2a: Armarouge|[anim] Tera Blast Flying\n|-supereffective|p2a: Armarouge\n|-damage|p2a: Armarouge|0 fnt\n|faint|p2a: Armarouge\n|move|p1b: FuegoFavritoMexico|Earth Power|p2b: Indeedee\n|-crit|p2b: Indeedee\n|-damage|p2b: Indeedee|54\/100\n|move|p2b: Indeedee|Trick Room|p2b: Indeedee\n|-fieldstart|move: Trick Room|[of] p2b: Indeedee\n|\n|upkeep\n|c|\u2606metronome11|wp\n|\n|t:|1700477861\n|switch|p2a: Mamoswine|Mamoswine, L50, F|100\/100\n|turn|2\n|\n|t:|1700477879\n|switch|p1a: Zapata|Iron Hands, L50, shiny|100\/100\n|move|p2b: Indeedee|Follow Me|p2b: Indeedee\n|-singleturn|p2b: Indeedee|move: Follow Me\n|move|p2a: Mamoswine|High Horsepower|p1b: FuegoFavritoMexico\n|-supereffective|p1b: FuegoFavritoMexico\n|-enditem|p1b: FuegoFavritoMexico|Shuca Berry|[eat]\n|-enditem|p1b: FuegoFavritoMexico|Shuca Berry|[weaken]\n|-damage|p1b: FuegoFavritoMexico|1\/100\n|move|p1b: FuegoFavritoMexico|Heat Wave|p2a: Mamoswine|[spread] p2a,p2b\n|-supereffective|p2a: Mamoswine\n|-damage|p2a: Mamoswine|0 fnt\n|-damage|p2b: Indeedee|28\/100\n|faint|p2a: Mamoswine\n|\n|upkeep\n|c|\u2606LifeOrbPex|LETS GO\n|c| road2stafflol|ayo\n|c|\u2606metronome11|nooo\n|c|\u2606metronome11|1\n|j| randomuser0000\n|c| road2stafflol|thats crazy eving\n|c|\u2606LifeOrbPex|i didnt ev for that particular calc\n|c| road2stafflol|damn\n|c|\u2606metronome11|there is no way you eved mamoswine high horepower\n|c|\u2606LifeOrbPex|mamoswine is not a good mon\n|\n|t:|1700477924\n|switch|p2a: Iron Hands|Iron Hands, L50|100\/100\n|turn|3\n|c| road2stafflol|yeah I thought\n|c|\u2606LifeOrbPex|but its just a fairly bulky tran\n|c| road2stafflol|I wonder if its a roll\n|c|\u2606LifeOrbPex|that is eved for other ground hits\n|c|\u2606metronome11|def roll\n|j| MsLn\n|c|\u2606metronome11|my team needed something for lando\n|l| MsLn\n|\n|t:|1700477982\n|switch|p1b: NotLikeOtherLandos|Landorus-Therian, L50, M, shiny, tera:Flying|100\/100\n|-ability|p1b: NotLikeOtherLandos|Intimidate|boost\n|-unboost|p2a: Iron Hands|atk|1\n|-unboost|p2b: Indeedee|atk|1\n|move|p2a: Iron Hands|Fake Out|p1b: NotLikeOtherLandos\n|-hint|Psychic Terrain doesn't affect Pok\u00e9mon immune to Ground.\n|-damage|p1b: NotLikeOtherLandos|88\/100\n|move|p2b: Indeedee|Follow Me|p2b: Indeedee\n|-singleturn|p2b: Indeedee|move: Follow Me\n|move|p1a: Zapata|Drain Punch|p2b: Indeedee\n|-damage|p2b: Indeedee|0 fnt\n|faint|p2b: Indeedee\n|\n|upkeep\n|turn|4\n|c|\u2606metronome11|so I though mamo\n|c|\u2606metronome11|I forgot terain was up\n|c|\u2606metronome11|lol\n|\n|t:|1700478021\n|switch|p1b: FuegoFavritoMexico|Heatran, L50, M, shiny|1\/100\n|move|p2a: Iron Hands|Wild Charge|p1b: FuegoFavritoMexico\n|-damage|p1b: FuegoFavritoMexico|0 fnt\n|faint|p1b: FuegoFavritoMexico\n|-damage|p2a: Iron Hands|99\/100|[from] Recoil\n|move|p1a: Zapata|Drain Punch|p2a: Iron Hands\n|-damage|p2a: Iron Hands|73\/100\n|\n|upkeep\n|\n|t:|1700478031\n|switch|p1b: NotLikeOtherLandos|Landorus-Therian, L50, M, shiny, tera:Flying|88\/100\n|-ability|p1b: NotLikeOtherLandos|Intimidate|boost\n|-unboost|p2a: Iron Hands|atk|1\n|turn|5\n|j| L1Lmacncheese\n|\n|t:|1700478045\n|switch|p1b: La Llorona|Ogerpon-Wellspring, L50, F|100\/100\n|move|p2a: Iron Hands|Wild Charge|p1b: La Llorona\n|-damage|p1b: La Llorona|73\/100\n|-damage|p2a: Iron Hands|68\/100|[from] Recoil\n|move|p1a: Zapata|Drain Punch|p2a: Iron Hands\n|-damage|p2a: Iron Hands|40\/100\n|\n|-fieldend|move: Trick Room\n|-fieldend|move: Psychic Terrain\n|upkeep\n|turn|6\n|-message|metronome11 forfeited.\n|\n|win|LifeOrbPex\n|l|\u2606metronome11\n|c|&|\/uhtml prompt-metronome11,metronome11 is ready for game 2!\n|l| road2stafflol\n|c|&|\/uhtml prompt-lifeorbpex,LifeOrbPex is ready for game 2!\nBoth players are ready! Starting next match!\n|l| randomuser0000\n|j| FunneeMonkee\n","uploadtime":1700478428,"views":19,"p1id":"lifeorbpex","p2id":"metronome11","formatid":"gen9vgc2023regulatione","rating":0,"private":0,"password":""}