{"id":"gen9vgc2023regulatione-1996007901","p1":"haamgamer07","p2":"TheLambSaucer","format":"[Gen 9] VGC 2023 Regulation E","log":"|j|\u2606haamgamer07\n|j|\u2606TheLambSaucer\n|t:|1700628574\n|gametype|doubles\n|player|p1|haamgamer07|102|1230\n|player|p2|TheLambSaucer|dancer|1153\n|teamsize|p1|6\n|teamsize|p2|6\n|gen|9\n|tier|[Gen 9] VGC 2023 Regulation E\n|rated|\n|rule|Species Clause: Limit one of each Pok\u00e9mon\n|rule|Item Clause: Limit one of each item\n|clearpoke\n|poke|p1|Flutter Mane, L50|\n|poke|p1|Iron Hands, L50|\n|poke|p1|Ogerpon-Hearthflame, L50, F|\n|poke|p1|Cresselia, L50, F|\n|poke|p1|Ursaluna, L50, F|\n|poke|p1|Empoleon, L50, F|\n|poke|p2|Tornadus, L50, M|\n|poke|p2|Rillaboom, L50, F|\n|poke|p2|Arcanine-Hisui, L50, F|\n|poke|p2|Farigiraf, L50, F|\n|poke|p2|Gholdengo, L50|\n|poke|p2|Kingambit, L50, M|\n|teampreview|4\n|inactive|Battle timer is ON: inactive players will automatically lose when time's up. (requested by haamgamer07)\n|inactive|haamgamer07 has 60 seconds left.\n|inactive|TheLambSaucer has 60 seconds left.\n|inactive|haamgamer07 has 30 seconds left.\n|\n|t:|1700628649\n|start\n|switch|p1a: Ogerpon|Ogerpon-Hearthflame, L50, F|100\/100\n|switch|p1b: Cresselia|Cresselia, L50, F|100\/100\n|switch|p2a: Gholdengo|Gholdengo, L50|100\/100\n|switch|p2b: Farigiraf|Farigiraf, L50, F|100\/100\n|-ability|p1a: Ogerpon|Mold Breaker\n|turn|1\n|inactive|haamgamer07 has 30 seconds left.\n|inactive|TheLambSaucer has 30 seconds left.\n|inactive|TheLambSaucer has 20 seconds left.\n|\n|t:|1700628687\n|-terastallize|p2a: Gholdengo|Water\n|move|p1a: Ogerpon|Ivy Cudgel|p2a: Gholdengo|[anim] Ivy Cudgel Fire\n|-resisted|p2a: Gholdengo\n|-damage|p2a: Gholdengo|73\/100\n|move|p2a: Gholdengo|Tera Blast|p1a: Ogerpon|[anim] Tera Blast Water\n|-damage|p1a: Ogerpon|52\/100\n|move|p1b: Cresselia|Lunar Blessing|p1b: Cresselia|[spread] p1a,p1b\n|-heal|p1a: Ogerpon|77\/100\n|move|p2b: Farigiraf|Imprison|p2b: Farigiraf\n|-start|p2b: Farigiraf|move: Imprison\n|\n|-heal|p2a: Gholdengo|79\/100|[from] item: Leftovers\n|upkeep\n|turn|2\n|inactive|haamgamer07 has 30 seconds left.\n|inactive|haamgamer07 has 20 seconds left.\n|inactive|haamgamer07 has 15 seconds left.\n|\n|t:|1700628731\n|switch|p2a: Kingambit|Kingambit, L50, M|100\/100\n|switch|p1b: Ursaluna|Ursaluna, L50, F|100\/100\n|move|p1a: Ogerpon|Horn Leech|p2a: Kingambit\n|-resisted|p2a: Kingambit\n|-damage|p2a: Kingambit|85\/100\n|-heal|p1a: Ogerpon|86\/100|[from] drain|[of] p2a: Kingambit\n|move|p2b: Farigiraf|Trick Room|p2b: Farigiraf\n|-fieldstart|move: Trick Room|[of] p2b: Farigiraf\n|\n|-status|p1b: Ursaluna|brn|[from] item: Flame Orb\n|upkeep\n|turn|3\n|inactive|haamgamer07 has 30 seconds left.\n|inactive|TheLambSaucer has 30 seconds left.\n|inactive|TheLambSaucer has 20 seconds left.\n|inactive|TheLambSaucer has 15 seconds left.\n|inactive|TheLambSaucer has 10 seconds left.\n|inactive|TheLambSaucer has 5 seconds left.\n|\n|t:|1700628784\n|move|p1a: Ogerpon|Follow Me|p1a: Ogerpon\n|-singleturn|p1a: Ogerpon|move: Follow Me\n|move|p1b: Ursaluna|Headlong Rush|p2a: Kingambit\n|-supereffective|p2a: Kingambit\n|-damage|p2a: Kingambit|0 fnt\n|-unboost|p1b: Ursaluna|def|1\n|-unboost|p1b: Ursaluna|spd|1\n|faint|p2a: Kingambit\n|move|p2b: Farigiraf|Psychic|p1a: Ogerpon\n|-damage|p1a: Ogerpon|52\/100\n|\n|-damage|p1b: Ursaluna|94\/100 brn|[from] brn\n|upkeep\n|\n|t:|1700628791\n|switch|p2a: Gholdengo|Gholdengo, L50, tera:Water|79\/100\n|turn|4\n|\n|t:|1700628808\n|move|p1b: Ursaluna|Facade|p2a: Gholdengo\n|-damage|p2a: Gholdengo|0 fnt\n|faint|p2a: Gholdengo\n|move|p2b: Farigiraf|Psychic|p1b: Ursaluna\n|-damage|p1b: Ursaluna|56\/100 brn\n|move|p1a: Ogerpon|Horn Leech|p2b: Farigiraf\n|-crit|p2b: Farigiraf\n|-damage|p2b: Farigiraf|50\/100\n|-heal|p1a: Ogerpon|84\/100|[from] drain|[of] p2b: Farigiraf\n|-enditem|p2b: Farigiraf|Sitrus Berry|[eat]\n|-heal|p2b: Farigiraf|75\/100|[from] item: Sitrus Berry\n|\n|-damage|p1b: Ursaluna|50\/100 brn|[from] brn\n|upkeep\n|-message|TheLambSaucer forfeited.\n|\n|win|haamgamer07\n|raw|haamgamer07's rating: 1230 &rarr; <strong>1250<\/strong><br \/>(+20 for winning)\n|raw|TheLambSaucer's rating: 1153 &rarr; <strong>1133<\/strong><br \/>(-20 for losing)\n|l|\u2606TheLambSaucer\n","uploadtime":1700628866,"views":6,"p1id":"haamgamer07","p2id":"thelambsaucer","formatid":"gen9vgc2023regulatione","rating":1133,"private":0,"password":""}