{"id":"gen9vgc2023regulatione-1989366316","p1":"borgulanta","p2":"Kamish's struggle","format":"[Gen 9] VGC 2023 Regulation E","log":"|j|\u2606borgulanta\n|j|\u2606Kamish's struggle\n|t:|1699841340\n|gametype|doubles\n|player|p1|borgulanta|bertha|1252\n|player|p2|Kamish's struggle|veteran|1216\n|teamsize|p1|6\n|teamsize|p2|6\n|gen|9\n|tier|[Gen 9] VGC 2023 Regulation E\n|rated|\n|rule|Species Clause: Limit one of each Pok\u00e9mon\n|rule|Item Clause: Limit one of each item\n|clearpoke\n|poke|p1|Rillaboom, L50, M|\n|poke|p1|Tornadus, L50, M|\n|poke|p1|Ursaluna-Bloodmoon, L50, M|\n|poke|p1|Iron Moth, L50|\n|poke|p1|Urshifu-*, L50, F|\n|poke|p1|Maushold-Four, L50|\n|poke|p2|Flutter Mane, L50|\n|poke|p2|Ogerpon-Hearthflame, L50, F|\n|poke|p2|Fezandipiti, L50, M|\n|poke|p2|Urshifu-*, L50, M|\n|poke|p2|Tornadus, L50, M|\n|poke|p2|Landorus-Therian, L50, M|\n|teampreview|4\n|inactive|Battle timer is ON: inactive players will automatically lose when time's up. (requested by borgulanta)\n|\n|t:|1699841369\n|start\n|switch|p1a: Urshifu|Urshifu-Rapid-Strike, L50, F|100\/100\n|switch|p1b: Maushold|Maushold-Four, L50|100\/100\n|switch|p2a: Tornadus|Tornadus, L50, M|100\/100\n|switch|p2b: Fezandipiti|Fezandipiti, L50, M|100\/100\n|turn|1\n|\n|t:|1699841390\n|-terastallize|p1a: Urshifu|Water\n|move|p2a: Tornadus|Taunt|p1b: Maushold\n|-start|p1b: Maushold|move: Taunt\n|move|p1a: Urshifu|Surging Strikes|p2b: Fezandipiti\n|-crit|p2b: Fezandipiti\n|-damage|p2b: Fezandipiti|65\/100\n|-crit|p2b: Fezandipiti\n|-damage|p2b: Fezandipiti|29\/100\n|-crit|p2b: Fezandipiti\n|-damage|p2b: Fezandipiti|0 fnt\n|faint|p2b: Fezandipiti\n|-hitcount|p2: Fezandipiti|3\n|move|p1b: Maushold|Population Bomb|p2a: Tornadus\n|-crit|p2a: Tornadus\n|-damage|p2a: Tornadus|76\/100\n|-damage|p2a: Tornadus|61\/100\n|-damage|p2a: Tornadus|45\/100\n|-damage|p2a: Tornadus|31\/100\n|-damage|p2a: Tornadus|15\/100\n|-crit|p2a: Tornadus\n|-damage|p2a: Tornadus|0 fnt\n|faint|p2a: Tornadus\n|-hitcount|p2: Tornadus|6\n|\n|upkeep\n|\n|t:|1699841410\n|switch|p2a: Ogerpon|Ogerpon-Hearthflame, L50, F|100\/100\n|switch|p2b: Landorus|Landorus-Therian, L50, M|100\/100\n|-ability|p2a: Ogerpon|Mold Breaker\n|-ability|p2b: Landorus|Intimidate|boost\n|-unboost|p1a: Urshifu|atk|1\n|-unboost|p1b: Maushold|atk|1\n|turn|2\n|\n|t:|1699841430\n|switch|p1a: Iron Moth|Iron Moth, L50|100\/100\n|-enditem|p1a: Iron Moth|Booster Energy\n|-activate|p1a: Iron Moth|ability: Quark Drive|[fromitem]\n|-start|p1a: Iron Moth|quarkdrivespa\n|-terastallize|p2b: Landorus|Grass\n|move|p2a: Ogerpon|Wood Hammer|p1a: Iron Moth\n|-resisted|p1a: Iron Moth\n|-damage|p1a: Iron Moth|72\/100\n|-damage|p2a: Ogerpon|91\/100|[from] Recoil\n|move|p1b: Maushold|Population Bomb|p2a: Ogerpon\n|-crit|p2a: Ogerpon\n|-damage|p2a: Ogerpon|66\/100\n|-damage|p2a: Ogerpon|56\/100\n|-damage|p2a: Ogerpon|43\/100\n|-damage|p2a: Ogerpon|33\/100\n|-damage|p2a: Ogerpon|22\/100\n|-damage|p2a: Ogerpon|11\/100\n|-damage|p2a: Ogerpon|1\/100\n|-damage|p2a: Ogerpon|0 fnt\n|faint|p2a: Ogerpon\n|-hitcount|p2: Ogerpon|8\n|move|p2b: Landorus|Stealth Rock|p1b: Maushold\n|-sidestart|p1: borgulanta|move: Stealth Rock\n|\n|upkeep\n|turn|3\n|-message|Kamish's struggle forfeited.\n|\n|win|borgulanta\n|raw|borgulanta's rating: 1252 &rarr; <strong>1274<\/strong><br \/>(+22 for winning)\n|raw|Kamish&apos;s struggle's rating: 1216 &rarr; <strong>1194<\/strong><br \/>(-22 for losing)\n|l|\u2606Kamish's struggle\n","uploadtime":1699841473,"views":12,"p1id":"borgulanta","p2id":"kamishsstruggle","formatid":"gen9vgc2023regulatione","rating":1194,"private":0,"password":""}