{"id":"gen9vgc2023regulatione-1990686306","p1":"givi","p2":"Thacrow","format":"[Gen 9] VGC 2023 Regulation E","log":"|j|\u2606givi\n|j|\u2606Thacrow\n|t:|1699991722\n|gametype|doubles\n|player|p1|givi|lucas|\n|player|p2|Thacrow|steven|\n|teamsize|p1|6\n|teamsize|p2|6\n|gen|9\n|tier|[Gen 9] VGC 2023 Regulation E\n|rated|Tournament battle\n|rule|Species Clause: Limit one of each Pok\u00e9mon\n|rule|Item Clause: Limit one of each item\n|clearpoke\n|poke|p1|Roaring Moon, L50|\n|poke|p1|Flutter Mane, L50|\n|poke|p1|Iron Hands, L50|\n|poke|p1|Chien-Pao, L50|\n|poke|p1|Scream Tail, L50|\n|poke|p1|Sinistcha-Masterpiece, L50|\n|poke|p2|Iron Bundle, L50|\n|poke|p2|Flutter Mane, L50|\n|poke|p2|Tornadus, L50, M|\n|poke|p2|Iron Hands, L50|\n|poke|p2|Landorus-Therian, L50, M|\n|poke|p2|Heatran, L50, F|\n|teampreview|4\n|showteam|p1|Roaring Moon||BoosterEnergy|Protosynthesis|Tailwind,KnockOff,Acrobatics,BreakingSwipe||||||50|,,,,,Flying]Flutter Mane||ChoiceSpecs|Protosynthesis|Moonblast,DazzlingGleam,ShadowBall,IcyWind||||||50|,,,,,Fairy]Iron Hands||AssaultVest|QuarkDrive|FakeOut,WildCharge,DrainPunch,HeavySlam||||||50|,,,,,Water]Chien-Pao||FocusSash|SwordofRuin|IcicleCrash,Crunch,SuckerPunch,Protect||||||50|,,,,,Ghost]Scream Tail||MentalHerb|Protosynthesis|Howl,Encore,Disable,PsychicFangs||||||50|,,,,,Water]Sinistcha-Masterpiece||RockyHelmet|Hospitality|MatchaGotcha,RagePowder,StrengthSap,TrickRoom||||||50|,,,,,Water\n|showteam|p2|Iron Bundle||BoosterEnergy|QuarkDrive|IcyWind,FreezeDry,HydroPump,Protect||||||50|,,,,,Ghost]Flutter Mane||ChoiceSpecs|Protosynthesis|DazzlingGleam,ShadowBall,Moonblast,IcyWind||||||50|,,,,,Fairy]Tornadus||FocusSash|Prankster|BleakwindStorm,Tailwind,Protect,RainDance|||M|||50|,,,,,Grass]Iron Hands||AssaultVest|QuarkDrive|DrainPunch,WildCharge,HeavySlam,FakeOut||||||50|,,,,,Grass]Landorus-Therian||ChoiceScarf|Intimidate|Uturn,StompingTantrum,TeraBlast,RockSlide|||M|||50|,,,,,Flying]Heatran||LifeOrb|FlashFire|FlashCannon,HeatWave,Protect,EarthPower|||F|||50|,,,,,Fairy\n|inactive|Battle timer is ON: inactive players will automatically lose when time's up. (requested by Thacrow)\n|j| amlo follaburros\n|inactive|Thacrow has 60 seconds left.\n|\n|t:|1699991766\n|start\n|switch|p1a: Iron Hands|Iron Hands, L50|100\/100\n|switch|p1b: Sinistcha|Sinistcha-Masterpiece, L50|100\/100\n|switch|p2a: Iron Bundle|Iron Bundle, L50|100\/100\n|switch|p2b: Flutter Mane|Flutter Mane, L50|100\/100\n|-enditem|p2a: Iron Bundle|Booster Energy\n|-activate|p2a: Iron Bundle|ability: Quark Drive|[fromitem]\n|-start|p2a: Iron Bundle|quarkdrivespe\n|turn|1\n|inactive|givi has 30 seconds left.\n|inactive|Thacrow has 30 seconds left.\n|inactive|Thacrow has 20 seconds left.\n|inactive|Thacrow has 15 seconds left.\n|\n|t:|1699991807\n|switch|p1b: Scream Tail|Scream Tail, L50|100\/100\n|-terastallize|p2a: Iron Bundle|Ghost\n|-terastallize|p1a: Iron Hands|Water\n|move|p2a: Iron Bundle|Freeze-Dry|p1b: Scream Tail\n|-damage|p1b: Scream Tail|78\/100\n|move|p2b: Flutter Mane|Dazzling Gleam|p1a: Iron Hands|[spread] p1a,p1b\n|-damage|p1a: Iron Hands|81\/100\n|-damage|p1b: Scream Tail|46\/100\n|move|p1a: Iron Hands|Heavy Slam|p2b: Flutter Mane\n|-supereffective|p2b: Flutter Mane\n|-damage|p2b: Flutter Mane|0 fnt\n|faint|p2b: Flutter Mane\n|-end|p2b: Flutter Mane|Protosynthesis|[silent]\n|\n|upkeep\n|j| MinamiSimp\n|\n|t:|1699991831\n|switch|p2b: Iron Hands|Iron Hands, L50|100\/100\n|turn|2\n|\n|t:|1699991852\n|move|p2a: Iron Bundle|Icy Wind|p1b: Scream Tail|[spread] p1a,p1b\n|-resisted|p1a: Iron Hands\n|-damage|p1a: Iron Hands|76\/100\n|-damage|p1b: Scream Tail|32\/100\n|-unboost|p1a: Iron Hands|spe|1\n|-unboost|p1b: Scream Tail|spe|1\n|move|p1b: Scream Tail|Disable|p2a: Iron Bundle\n|-start|p2a: Iron Bundle|Disable|Icy Wind\n|move|p2b: Iron Hands|Wild Charge|p1a: Iron Hands\n|-supereffective|p1a: Iron Hands\n|-damage|p1a: Iron Hands|6\/100\n|-damage|p2b: Iron Hands|83\/100|[from] Recoil\n|move|p1a: Iron Hands|Wild Charge|p2a: Iron Bundle\n|-damage|p2a: Iron Bundle|47\/100\n|-damage|p1a: Iron Hands|0 fnt|[from] Recoil\n|faint|p1a: Iron Hands\n|-end|p1a: Iron Hands|Quark Drive|[silent]\n|\n|upkeep\n|\n|t:|1699991856\n|switch|p1a: Flutter Mane|Flutter Mane, L50|100\/100\n|turn|3\n|inactive|Thacrow has 30 seconds left.\n|\n|t:|1699991886\n|move|p2a: Iron Bundle|Hydro Pump|p1b: Scream Tail\n|-damage|p1b: Scream Tail|0 fnt\n|faint|p1b: Scream Tail\n|-end|p1b: Scream Tail|Protosynthesis|[silent]\n|move|p1a: Flutter Mane|Moonblast|p2b: Iron Hands\n|-supereffective|p2b: Iron Hands\n|-damage|p2b: Iron Hands|0 fnt\n|faint|p2b: Iron Hands\n|-end|p2b: Iron Hands|Quark Drive|[silent]\n|\n|upkeep\n|\n|t:|1699991893\n|switch|p1b: Sinistcha|Sinistcha-Masterpiece, L50|100\/100\n|switch|p2b: Heatran|Heatran, L50, F, shiny|100\/100\n|turn|4\n|\n|t:|1699991908\n|move|p2a: Iron Bundle|Protect|p2a: Iron Bundle\n|-singleturn|p2a: Iron Bundle|Protect\n|move|p1a: Flutter Mane|Moonblast|p2b: Heatran\n|-resisted|p2b: Heatran\n|-damage|p2b: Heatran|84\/100\n|move|p2b: Heatran|Heat Wave|p1a: Flutter Mane|[spread] p1a,p1b\n|-supereffective|p1b: Sinistcha\n|-damage|p1a: Flutter Mane|50\/100\n|-damage|p1b: Sinistcha|0 fnt\n|faint|p1b: Sinistcha\n|-damage|p2b: Heatran|75\/100|[from] item: Life Orb\n|\n|upkeep\n|turn|5\n|-message|givi forfeited.\n|\n|win|Thacrow\n|n|\u2606givi|givi\n|n|\u2606Thacrow|thacrow\n|n| amlo follaburros|amlofollaburros\n|n| MinamiSimp|minamisimp\n","uploadtime":1699991919,"views":10,"p1id":"givi","p2id":"thacrow","formatid":"gen9vgc2023regulatione","rating":0,"private":0,"password":""}