{"id":"gen9vgc2023regulatione-1998695384","p1":"Abellot","p2":"FinalL0Y","format":"[Gen 9] VGC 2023 Regulation E","log":"|j|\u2606Abellot\n|j|\u2606FinalL0Y\n|t:|1700973750\n|gametype|doubles\n|player|p1|Abellot|benga|1260\n|player|p2|FinalL0Y|hooligans|1240\n|teamsize|p1|6\n|teamsize|p2|6\n|gen|9\n|tier|[Gen 9] VGC 2023 Regulation E\n|rated|\n|rule|Species Clause: Limit one of each Pok\u00e9mon\n|rule|Item Clause: Limit one of each item\n|clearpoke\n|poke|p1|Iron Hands, L50|\n|poke|p1|Tornadus, L50, M|\n|poke|p1|Flutter Mane, L50|\n|poke|p1|Chi-Yu, L50|\n|poke|p1|Urshifu-*, L50, F|\n|poke|p1|Sinistcha, L50|\n|poke|p2|Chandelure, L50, M|\n|poke|p2|Tornadus, L50, M|\n|poke|p2|Gastrodon, L50, M|\n|poke|p2|Chi-Yu, L50|\n|poke|p2|Landorus-Therian, L50, M|\n|poke|p2|Rillaboom, L50, M|\n|teampreview|4\n|inactive|Battle timer is ON: inactive players will automatically lose when time's up. (requested by Abellot)\n|\n|t:|1700973777\n|start\n|switch|p1a: Tornado|Tornadus, L50, M|100\/100\n|switch|p1b: Fish boy|Chi-Yu, L50|100\/100\n|switch|p2a: Tornadus|Tornadus, L50, M|100\/100\n|switch|p2b: Chandelure|Chandelure, L50, M|100\/100\n|-ability|p1b: Fish boy|Beads of Ruin\n|turn|1\n|\n|t:|1700973785\n|-terastallize|p2b: Chandelure|Fire\n|move|p1b: Fish boy|Protect|p1b: Fish boy\n|-singleturn|p1b: Fish boy|Protect\n|move|p1a: Tornado|Tailwind|p1a: Tornado\n|-sidestart|p1: Abellot|move: Tailwind\n|move|p2a: Tornadus|Sunny Day|p2a: Tornadus\n|-weather|SunnyDay\n|move|p2b: Chandelure|Heat Wave|p1a: Tornado|[spread] p1a\n|-activate|p1b: Fish boy|move: Protect\n|-enditem|p1a: Tornado|Focus Sash\n|-damage|p1a: Tornado|1\/100\n|-damage|p2b: Chandelure|91\/100|[from] item: Life Orb\n|\n|-weather|SunnyDay|[upkeep]\n|upkeep\n|turn|2\n|\n|t:|1700973800\n|move|p1a: Tornado|Taunt|p2a: Tornadus\n|-start|p2a: Tornadus|move: Taunt\n|cant|p2a: Tornadus|move: Taunt|Tailwind\n|move|p1b: Fish boy|Heat Wave|p2a: Tornadus|[spread] p2a\n|-start|p2b: Chandelure|ability: Flash Fire\n|-damage|p2a: Tornadus|16\/100\n|-damage|p1b: Fish boy|91\/100|[from] item: Life Orb\n|move|p2b: Chandelure|Heat Wave|p1a: Tornado|[spread] p1a,p1b\n|-resisted|p1b: Fish boy\n|-damage|p1a: Tornado|0 fnt\n|-damage|p1b: Fish boy|0 fnt\n|faint|p1a: Tornado\n|faint|p1b: Fish boy\n|-damage|p2b: Chandelure|81\/100|[from] item: Life Orb\n|\n|-weather|SunnyDay|[upkeep]\n|upkeep\n|\n|t:|1700973809\n|switch|p1a: Ursh|Urshifu-Rapid-Strike, L50, F|100\/100\n|switch|p1b: Shiny Mane|Flutter Mane, L50, shiny|100\/100\n|-activate|p1b: Shiny Mane|ability: Protosynthesis\n|-start|p1b: Shiny Mane|protosynthesisspe\n|turn|3\n|\n|t:|1700973818\n|switch|p2a: Gastrodon|Gastrodon, L50, M|100\/100\n|-terastallize|p1a: Ursh|Water\n|move|p1b: Shiny Mane|Dazzling Gleam|p2b: Chandelure|[spread] p2a,p2b\n|-resisted|p2b: Chandelure\n|-damage|p2a: Gastrodon|71\/100\n|-damage|p2b: Chandelure|57\/100\n|move|p1a: Ursh|Surging Strikes|p2a: Gastrodon\n|-activate|p2a: Gastrodon|ability: Storm Drain\n|-ability|p2a: Gastrodon|Storm Drain|boost\n|-boost|p2a: Gastrodon|spa|1\n|move|p2b: Chandelure|Heat Wave|p1b: Shiny Mane|[spread] p1a,p1b\n|-resisted|p1a: Ursh\n|-damage|p1a: Ursh|0 fnt\n|-damage|p1b: Shiny Mane|0 fnt\n|faint|p1a: Ursh\n|faint|p1b: Shiny Mane\n|-end|p1b: Shiny Mane|Protosynthesis|[silent]\n|-damage|p2b: Chandelure|47\/100|[from] item: Life Orb\n|\n|win|FinalL0Y\n|raw|Abellot's rating: 1260 &rarr; <strong>1234<\/strong><br \/>(-26 for losing)\n|raw|FinalL0Y's rating: 1240 &rarr; <strong>1266<\/strong><br \/>(+26 for winning)\n|l|\u2606Abellot\n","uploadtime":1700973841,"views":2,"p1id":"abellot","p2id":"finall0y","formatid":"gen9vgc2023regulatione","rating":1234,"private":0,"password":""}