{"id":"gen9vgc2023regulatione-1994777254","p1":"Xenoreascxl","p2":"werejustnormalmen","format":"[Gen 9] VGC 2023 Regulation E","log":"|j|\u2606Xenoreascxl\n|j|\u2606werejustnormalmen\n|t:|1700491747\n|gametype|doubles\n|player|p1|Xenoreascxl|caitlin|1504\n|player|p2|werejustnormalmen|linebacker|1438\n|teamsize|p1|6\n|teamsize|p2|6\n|gen|9\n|tier|[Gen 9] VGC 2023 Regulation E\n|rated|\n|rule|Species Clause: Limit one of each Pok\u00e9mon\n|rule|Item Clause: Limit one of each item\n|clearpoke\n|poke|p1|Golem-Alola, L50, F|\n|poke|p1|Basculegion, L50, M|\n|poke|p1|Pelipper, L50, F|\n|poke|p1|Pawmot, L50, F|\n|poke|p1|Landorus-Therian, L50, M|\n|poke|p1|Grafaiai, L50, F|\n|poke|p2|Arcanine-Hisui, L50, M|\n|poke|p2|Urshifu-*, L50, M|\n|poke|p2|Amoonguss, L50, F|\n|poke|p2|Flutter Mane, L50|\n|poke|p2|Roaring Moon, L50|\n|poke|p2|Iron Hands, L50|\n|teampreview|4\n|inactive|Battle timer is ON: inactive players will automatically lose when time's up. (requested by Xenoreascxl)\n|inactive|werejustnormalmen has 60 seconds left.\n|\n|t:|1700491796\n|start\n|switch|p1a: Pawmot|Pawmot, L50, F|100\/100\n|switch|p1b: Golem|Golem-Alola, L50, F|100\/100\n|switch|p2a: Iron Hands|Iron Hands, L50|100\/100\n|switch|p2b: Roaring Moon|Roaring Moon, L50|100\/100\n|-enditem|p2b: Roaring Moon|Booster Energy\n|-activate|p2b: Roaring Moon|ability: Protosynthesis|[fromitem]\n|-start|p2b: Roaring Moon|protosynthesisspe\n|turn|1\n|inactive|Xenoreascxl has 30 seconds left.\n|inactive|werejustnormalmen has 30 seconds left.\n|inactive|Xenoreascxl has 20 seconds left.\n|inactive|Xenoreascxl has 15 seconds left.\n|inactive|Xenoreascxl has 10 seconds left.\n|\n|t:|1700491843\n|move|p2b: Roaring Moon|Protect|p2b: Roaring Moon\n|-singleturn|p2b: Roaring Moon|Protect\n|move|p1a: Pawmot|Fake Out|p2a: Iron Hands\n|-damage|p2a: Iron Hands|92\/100\n|cant|p2a: Iron Hands|flinch\n|move|p1b: Golem|Explosion|p2b: Roaring Moon|[spread] p2a\n|-activate|p2b: Roaring Moon|move: Protect\n|-immune|p1a: Pawmot|[from] ability: Volt Absorb\n|-resisted|p2a: Iron Hands\n|-damage|p2a: Iron Hands|53\/100\n|faint|p1b: Golem\n|\n|upkeep\n|\n|t:|1700491848\n|switch|p1b: Grafaiai|Grafaiai, L50, F|100\/100\n|turn|2\n|inactive|Xenoreascxl has 30 seconds left.\n|inactive|werejustnormalmen has 30 seconds left.\n|inactive|werejustnormalmen has 20 seconds left.\n|\n|t:|1700491885\n|-terastallize|p2b: Roaring Moon|Poison\n|-terastallize|p1a: Pawmot|Ghost\n|move|p1b: Grafaiai|Copycat|p1b: Grafaiai\n|move|p1b: Grafaiai|Explosion|p2b: Roaring Moon|[from]move: Copycat|[spread] p2a,p2b\n|-immune|p1a: Pawmot\n|-damage|p2a: Iron Hands|0 fnt\n|-damage|p2b: Roaring Moon|0 fnt\n|faint|p1b: Grafaiai\n|faint|p2a: Iron Hands\n|-end|p2a: Iron Hands|Quark Drive|[silent]\n|faint|p2b: Roaring Moon\n|-end|p2b: Roaring Moon|Protosynthesis|[silent]\n|move|p1a: Pawmot|Revival Blessing|p1a: Pawmot\n|c|\u2606werejustnormalmen|lol omg\n|c|\u2606werejustnormalmen|fun\n|\n|t:|1700491899\n|-heal|p1: Golem|50\/100|[from] move: Revival Blessing\n|\n|upkeep\n|\n|t:|1700491907\n|switch|p2b: Flutter Mane|Flutter Mane, L50|100\/100\n|switch|p1b: Golem|Golem-Alola, L50, F|50\/100\n|switch|p2a: Urshifu|Urshifu-Rapid-Strike, L50, M|100\/100\n|turn|3\n|\n|t:|1700491926\n|move|p1b: Golem|Endure|p1b: Golem\n|-singleturn|p1b: Golem|move: Endure\n|move|p2a: Urshifu|Aqua Jet|p1b: Golem\n|-supereffective|p1b: Golem\n|-damage|p1b: Golem|4\/100\n|move|p2b: Flutter Mane|Shadow Ball|p1a: Pawmot\n|-supereffective|p1a: Pawmot\n|-enditem|p1a: Pawmot|Focus Sash\n|-damage|p1a: Pawmot|1\/100\n|move|p1a: Pawmot|Close Combat|p2a: Urshifu\n|-damage|p2a: Urshifu|40\/100\n|-unboost|p1a: Pawmot|def|1\n|-unboost|p1a: Pawmot|spd|1\n|\n|upkeep\n|turn|4\n|inactive|Xenoreascxl has 30 seconds left.\n|inactive|werejustnormalmen has 30 seconds left.\n|-enditem|p1b: Golem|Custap Berry|[eat]\n|-activate|p1b: Golem|item: Custap Berry|[consumed]\n|\n|t:|1700491955\n|move|p1b: Golem|Explosion|p2b: Flutter Mane|[spread] p2a,p2b\n|-heal|p1a: Pawmot|26\/100|[from] ability: Volt Absorb|[of] p1b: Golem\n|-supereffective|p2a: Urshifu\n|-damage|p2a: Urshifu|0 fnt\n|-damage|p2b: Flutter Mane|0 fnt\n|faint|p1b: Golem\n|faint|p2a: Urshifu\n|faint|p2b: Flutter Mane\n|-end|p2b: Flutter Mane|Protosynthesis|[silent]\n|\n|win|Xenoreascxl\n|raw|Xenoreascxl's rating: 1504 &rarr; <strong>1520<\/strong><br \/>(+16 for winning)\n|raw|werejustnormalmen's rating: 1438 &rarr; <strong>1422<\/strong><br \/>(-16 for losing)\n","uploadtime":1700491976,"views":1,"p1id":"xenoreascxl","p2id":"werejustnormalmen","formatid":"gen9vgc2023regulatione","rating":1422,"private":0,"password":""}