{"id":"gen9vgc2023regulatione-1996896964","p1":"Erick0M03","p2":"noahthenumbat","format":"[Gen 9] VGC 2023 Regulation E","log":"|j|\u2606Erick0M03\n|j|\u2606noahthenumbat\n|n|\u2606Erick0M03|erick0m03\n|n|\u2606noahthenumbat|noahthenumbat\n|html|View the match progress at <a href=\"\/game-bestof3-gen9vgc2023regulatione-1996894964\">game-bestof3-gen9vgc2023regulatione-1996894964<\/a>\n|t:|1700741866\n|gametype|doubles\n|player|p1|Erick0M03|bugcatcher-gen4dp|\n|player|p2|noahthenumbat|backersf|\n|teamsize|p1|6\n|teamsize|p2|6\n|gen|9\n|tier|[Gen 9] VGC 2023 Regulation E\n|rule|Species Clause: Limit one of each Pok\u00e9mon\n|rule|Item Clause: Limit one of each item\n|clearpoke\n|poke|p1|Tandemaus, L50|\n|poke|p1|Foongus, L50, F|\n|poke|p1|Grimer-Alola, L50, M|\n|poke|p1|Meditite, L50, M|\n|poke|p1|Greavard, L50, F|\n|poke|p1|Mareanie, L50, F|\n|poke|p2|Girafarig, L50, M|\n|poke|p2|Mankey, L50, M|\n|poke|p2|Pawniard, L50, M|\n|poke|p2|Hoppip, L50, F|\n|poke|p2|Wingull, L50, F|\n|poke|p2|Diglett-Alola, L50, F|\n|teampreview|4\n|inactive|Battle timer is ON: inactive players will automatically lose when time's up. (requested by Erick0M03)\n|c|\u2606noahthenumbat|glhf\n|inactive|Erick0M03 has 60 seconds left.\n|inactive|noahthenumbat has 60 seconds left.\n|c|\u2606Erick0M03|Good luck!\n|inactive|Erick0M03 has 30 seconds left.\n|inactive|noahthenumbat has 30 seconds left.\n|inactive|Erick0M03 has 20 seconds left.\n|inactive|Erick0M03 has 15 seconds left.\n|inactive|noahthenumbat has 20 seconds left.\n|inactive|Erick0M03 has 10 seconds left.\n|\n|t:|1700741947\n|start\n|switch|p1a: Biriboo|Tandemaus, L50|100\/100\n|switch|p1b: Grimer|Grimer-Alola, L50, M|100\/100\n|switch|p2a: Girafarig|Girafarig, L50, M|100\/100\n|switch|p2b: Hoppip|Hoppip, L50, F|100\/100\n|turn|1\n|inactive|Erick0M03 has 30 seconds left.\n|inactive|noahthenumbat has 30 seconds left.\n|inactive|Erick0M03 has 20 seconds left.\n|inactive|Erick0M03 has 15 seconds left.\n|inactive|noahthenumbat has 20 seconds left.\n|inactive|Erick0M03 has 10 seconds left.\n|\n|t:|1700741994\n|move|p1a: Biriboo|Substitute|p1a: Biriboo\n|-start|p1a: Biriboo|Substitute\n|-damage|p1a: Biriboo|75\/100\n|move|p2a: Girafarig|Reflect|p2a: Girafarig\n|-sidestart|p2: noahthenumbat|Reflect\n|move|p2b: Hoppip|Strength Sap|p1b: Grimer\n|-unboost|p1b: Grimer|atk|1\n|move|p1b: Grimer|Knock Off|p2a: Girafarig\n|-supereffective|p2a: Girafarig\n|-damage|p2a: Girafarig|60\/100\n|-enditem|p2a: Girafarig|Weakness Policy\n|-boost|p2a: Girafarig|atk|2|[from] item: Weakness Policy\n|-boost|p2a: Girafarig|spa|2|[from] item: Weakness Policy\n|\n|upkeep\n|turn|2\n|inactive|noahthenumbat has 30 seconds left.\n|inactive|noahthenumbat has 20 seconds left.\n|c|\u2606Erick0M03|A client, can we stop the timer?\n|inactive|noahthenumbat has 15 seconds left.\n|c|\u2606noahthenumbat|i dont mind\n|inactive|noahthenumbat has 10 seconds left.\n|inactiveoff|Battle timer is now OFF.\n|c|\u2606noahthenumbat|oh\n|c|\u2606noahthenumbat|i didnt realise i turned it on\n|c|\u2606noahthenumbat|so sorry\n|c|\u2606noahthenumbat|it was freaking me out too lol\n|\n|t:|1700742078\n|move|p2b: Hoppip|Rage Powder|p2b: Hoppip\n|-singleturn|p2b: Hoppip|move: Rage Powder\n|move|p1a: Biriboo|Encore|p2b: Hoppip\n|-start|p2b: Hoppip|Encore\n|move|p2a: Girafarig|High Horsepower|p1b: Grimer\n|-supereffective|p1b: Grimer\n|-damage|p1b: Grimer|0 fnt\n|faint|p1b: Grimer\n|\n|upkeep\n|\n|t:|1700742164\n|switch|p1b: Medito|Meditite, L50, M|100\/100\n|turn|3\n|\n|t:|1700742185\n|-terastallize|p2a: Girafarig|Ghost\n|move|p2b: Hoppip|Rage Powder|p2b: Hoppip\n|-singleturn|p2b: Hoppip|move: Rage Powder\n|move|p1a: Biriboo|Population Bomb|p2b: Hoppip\n|-damage|p2b: Hoppip|95\/100\n|-damage|p1a: Biriboo|59\/100|[from] item: Rocky Helmet|[of] p2b: Hoppip\n|-damage|p2b: Hoppip|90\/100\n|-damage|p1a: Biriboo|42\/100|[from] item: Rocky Helmet|[of] p2b: Hoppip\n|-damage|p2b: Hoppip|85\/100\n|-damage|p1a: Biriboo|25\/100|[from] item: Rocky Helmet|[of] p2b: Hoppip\n|-damage|p2b: Hoppip|79\/100\n|-damage|p1a: Biriboo|9\/100|[from] item: Rocky Helmet|[of] p2b: Hoppip\n|-damage|p2b: Hoppip|74\/100\n|-damage|p1a: Biriboo|0 fnt|[from] item: Rocky Helmet|[of] p2b: Hoppip\n|faint|p1a: Biriboo\n|-hitcount|p2b: Hoppip|5\n|move|p2a: Girafarig|Psychic Fangs|p1b: Medito\n|-damage|p1b: Medito|18\/100\n|move|p1b: Medito|Bulk Up|p1b: Medito\n|-boost|p1b: Medito|atk|1\n|-boost|p1b: Medito|def|1\n|\n|upkeep\n|\n|t:|1700742231\n|switch|p1a: Mareanie|Mareanie, L50, F, shiny|100\/100\n|turn|4\n|\n|t:|1700742326\n|move|p2b: Hoppip|Rage Powder|p2b: Hoppip\n|-singleturn|p2b: Hoppip|move: Rage Powder\n|move|p1b: Medito|Bullet Punch|p2b: Hoppip\n|-damage|p2b: Hoppip|51\/100\n|-damage|p1b: Medito|1\/100|[from] item: Rocky Helmet|[of] p2b: Hoppip\n|move|p2a: Girafarig|Psychic Fangs|p1a: Mareanie\n|-supereffective|p1a: Mareanie\n|-damage|p1a: Mareanie|0 fnt\n|faint|p1a: Mareanie\n|\n|upkeep\n|turn|5\n|c|\u2606Erick0M03|Ggs\n|c|\u2606noahthenumbat|gg\n|\n|t:|1700742348\n|move|p2b: Hoppip|Rage Powder|p2b: Hoppip\n|-singleturn|p2b: Hoppip|move: Rage Powder\n|move|p1b: Medito|Bullet Punch|p2b: Hoppip\n|-damage|p2b: Hoppip|29\/100\n|-damage|p1b: Medito|0 fnt|[from] item: Rocky Helmet|[of] p2b: Hoppip\n|faint|p1b: Medito\n|\n|win|noahthenumbat\n|l|\u2606Erick0M03\n","uploadtime":1700742656,"views":11,"p1id":"erick0m03","p2id":"noahthenumbat","formatid":"gen9vgc2023regulatione","rating":0,"private":0,"password":""}