{"id":"gen9vgc2023regulatione-1990729127","p1":"Tbbfgh","p2":"AXELLARAMENA","format":"[Gen 9] VGC 2023 Regulation E","log":"|j|\u2606Tbbfgh\n|j|\u2606AXELLARAMENA\n|t:|1699995416\n|gametype|doubles\n|player|p1|Tbbfgh|170|1000\n|player|p2|AXELLARAMENA|101|1099\n|teamsize|p1|6\n|teamsize|p2|6\n|gen|9\n|tier|[Gen 9] VGC 2023 Regulation E\n|rated|\n|rule|Species Clause: Limit one of each Pok\u00e9mon\n|rule|Item Clause: Limit one of each item\n|clearpoke\n|poke|p1|Baxcalibur, L50, F|\n|poke|p1|Kingambit, L50, F|\n|poke|p1|Ogerpon-Hearthflame, L50, F|\n|poke|p1|Flutter Mane, L50|\n|poke|p1|Ursaluna-Bloodmoon, L50, M|\n|poke|p1|Empoleon, L50, F|\n|poke|p2|Torterra, L50, M|\n|poke|p2|Sinistcha, L50|\n|poke|p2|Kommo-o, L50, F|\n|poke|p2|Grumpig, L50, F|\n|poke|p2|Talonflame, L50, F|\n|poke|p2|Ursaluna-Bloodmoon, L50, M|\n|teampreview|4\n|\n|t:|1699995451\n|start\n|switch|p1a: Baxcalibur|Baxcalibur, L50, F|100\/100\n|switch|p1b: Ogerpon|Ogerpon-Hearthflame, L50, F|100\/100\n|switch|p2a: Torterra|Torterra, L50, M, shiny|100\/100\n|switch|p2b: Grumpig|Grumpig, L50, F, shiny|100\/100\n|-ability|p1b: Ogerpon|Mold Breaker\n|turn|1\n|\n|t:|1699995471\n|-terastallize|p2a: Torterra|Fire\n|move|p1b: Ogerpon|Ivy Cudgel|p2b: Grumpig|[anim] Ivy Cudgel Fire\n|-damage|p2b: Grumpig|31\/100\n|move|p1a: Baxcalibur|Icicle Spear|p2a: Torterra\n|-resisted|p2a: Torterra\n|-damage|p2a: Torterra|93\/100\n|-resisted|p2a: Torterra\n|-damage|p2a: Torterra|86\/100\n|-resisted|p2a: Torterra\n|-damage|p2a: Torterra|79\/100\n|-resisted|p2a: Torterra\n|-damage|p2a: Torterra|73\/100\n|-hitcount|p2a: Torterra|4\n|move|p2b: Grumpig|Simple Beam|p2a: Torterra\n|-endability|p2a: Torterra|Shell Armor|[from] move: Simple Beam\n|-ability|p2a: Torterra|Simple|[from] move: Simple Beam\n|move|p2a: Torterra|Shell Smash|p2a: Torterra\n|-unboost|p2a: Torterra|def|2\n|-unboost|p2a: Torterra|spd|2\n|-boost|p2a: Torterra|atk|4\n|-boost|p2a: Torterra|spa|4\n|-boost|p2a: Torterra|spe|4\n|-enditem|p2a: Torterra|White Herb\n|-clearnegativeboost|p2a: Torterra|[silent]\n|\n|upkeep\n|turn|2\n|\n|t:|1699995503\n|move|p1b: Ogerpon|Spiky Shield|p1b: Ogerpon\n|-singleturn|p1b: Ogerpon|move: Protect\n|move|p2a: Torterra|Rock Slide|p1a: Baxcalibur|[spread] p1a\n|-activate|p1b: Ogerpon|move: Protect\n|-supereffective|p1a: Baxcalibur\n|-damage|p1a: Baxcalibur|9\/100\n|move|p1a: Baxcalibur|Scale Shot|p2a: Torterra\n|-damage|p2a: Torterra|59\/100\n|-crit|p2a: Torterra\n|-damage|p2a: Torterra|39\/100\n|-damage|p2a: Torterra|25\/100\n|-damage|p2a: Torterra|12\/100\n|-hitcount|p2a: Torterra|4\n|-unboost|p1a: Baxcalibur|def|1\n|-boost|p1a: Baxcalibur|spe|1\n|move|p2b: Grumpig|Taunt|p1b: Ogerpon\n|-activate|p1b: Ogerpon|move: Protect\n|\n|upkeep\n|turn|3\n|\n|t:|1699995538\n|switch|p2b: Sinistcha|Sinistcha, L50, shiny|100\/100\n|-heal|p2a: Torterra|36\/100|[from] ability: Hospitality|[of] p2b: Sinistcha\n|move|p2a: Torterra|Rock Slide|p1a: Baxcalibur|[spread] p1a,p1b\n|-supereffective|p1a: Baxcalibur\n|-supereffective|p1b: Ogerpon\n|-damage|p1a: Baxcalibur|0 fnt\n|-damage|p1b: Ogerpon|0 fnt\n|faint|p1a: Baxcalibur\n|faint|p1b: Ogerpon\n|\n|upkeep\n|\n|t:|1699995550\n|switch|p1b: Ursaluna|Ursaluna-Bloodmoon, L50, M|100\/100\n|switch|p1a: Empoleon|Empoleon, L50, F|100\/100\n|turn|4\n|\n|t:|1699995581\n|move|p2a: Torterra|Earthquake|p1b: Ursaluna|[spread] p2b,p1a,p1b\n|-resisted|p2b: Sinistcha\n|-supereffective|p1a: Empoleon\n|-damage|p2b: Sinistcha|56\/100\n|-damage|p1a: Empoleon|0 fnt\n|-damage|p1b: Ursaluna|35\/100\n|faint|p1a: Empoleon\n|move|p2b: Sinistcha|Matcha Gotcha|p1b: Ursaluna\n|-supereffective|p1b: Ursaluna\n|-damage|p1b: Ursaluna|0 fnt\n|-heal|p2b: Sinistcha|79\/100|[from] drain|[of] p1b: Ursaluna\n|faint|p1b: Ursaluna\n|\n|win|AXELLARAMENA\n|raw|Tbbfgh's rating: 1000 &rarr; <strong>1000<\/strong><br \/>(+0 for losing)\n|raw|AXELLARAMENA's rating: 1099 &rarr; <strong>1117<\/strong><br \/>(+18 for winning)\n|l|\u2606Tbbfgh\n","uploadtime":1699995595,"views":7,"p1id":"tbbfgh","p2id":"axellaramena","formatid":"gen9vgc2023regulatione","rating":1000,"private":0,"password":""}