{"id":"gen9vgc2023regulatione-1993234277","p1":"pp-phobia","p2":"dsmooth_supprise","format":"[Gen 9] VGC 2023 Regulation E","log":"|j|\u2606pp-phobia\n|j|\u2606dsmooth_supprise\n|t:|1700281840\n|gametype|doubles\n|player|p1|pp-phobia|265|1075\n|player|p2|dsmooth_supprise|n|1106\n|teamsize|p1|6\n|teamsize|p2|6\n|gen|9\n|tier|[Gen 9] VGC 2023 Regulation E\n|rated|\n|rule|Species Clause: Limit one of each Pok\u00e9mon\n|rule|Item Clause: Limit one of each item\n|clearpoke\n|poke|p1|Roaring Moon, L50|\n|poke|p1|Chi-Yu, L50|\n|poke|p1|Flutter Mane, L50|\n|poke|p1|Tornadus, L50, M|\n|poke|p1|Iron Hands, L50|\n|poke|p1|Ogerpon-Hearthflame, L50, F|\n|poke|p2|Indeedee-F, L50, F|\n|poke|p2|Armarouge, L50, F|\n|poke|p2|Iron Thorns, L50|\n|poke|p2|Great Tusk, L50|\n|poke|p2|Thundurus, L50, M|\n|poke|p2|Dragonite, L50, F|\n|teampreview|4\n|\n|t:|1700281868\n|start\n|switch|p1a: Tornadus|Tornadus, L50, M|100\/100\n|switch|p1b: Roaring Moon|Roaring Moon, L50|100\/100\n|switch|p2a: boohoo blau|Thundurus, L50, M|100\/100\n|switch|p2b: mecha godzilla|Iron Thorns, L50, shiny|100\/100\n|turn|1\n|-message|pp-phobia forfeited.\n|\n|win|dsmooth_supprise\n|raw|pp-phobia's rating: 1075 &rarr; <strong>1056<\/strong><br \/>(-19 for losing)\n|raw|dsmooth_supprise's rating: 1106 &rarr; <strong>1129<\/strong><br \/>(+23 for winning)\n|l|\u2606pp-phobia\n","uploadtime":1700281903,"views":14,"p1id":"ppphobia","p2id":"dsmoothsupprise","formatid":"gen9vgc2023regulatione","rating":1056,"private":0,"password":""}