{"id":"gen9vgc2023regulatione-1994461435","p1":"Shixue","p2":"gmck1398","format":"[Gen 9] VGC 2023 Regulation E","log":"|j|\u2606Shixue\n|j|\u2606gmck1398\n|t:|1700446589\n|gametype|doubles\n|player|p1|Shixue|lillie-masters|1157\n|player|p2|gmck1398|170|1100\n|teamsize|p1|6\n|teamsize|p2|6\n|gen|9\n|tier|[Gen 9] VGC 2023 Regulation E\n|rated|\n|rule|Species Clause: Limit one of each Pok\u00e9mon\n|rule|Item Clause: Limit one of each item\n|clearpoke\n|poke|p1|Roaring Moon, L50|\n|poke|p1|Weezing, L50, M|\n|poke|p1|Flutter Mane, L50|\n|poke|p1|Iron Hands, L50|\n|poke|p1|Landorus-Therian, L50, M|\n|poke|p1|Ogerpon-Hearthflame, L50, F|\n|poke|p2|Flamigo, L50, M|\n|poke|p2|Snorlax, L50, F|\n|poke|p2|Ogerpon-Wellspring, L50, F|\n|poke|p2|Cresselia, L50, F|\n|poke|p2|Flutter Mane, L50|\n|poke|p2|Iron Hands, L50|\n|teampreview|4\n|inactive|Battle timer is ON: inactive players will automatically lose when time's up. (requested by Shixue)\n|\n|t:|1700446616\n|start\n|switch|p1a: Roaring Moon|Roaring Moon, L50|100\/100\n|switch|p1b: Weezing|Weezing, L50, M|100\/100\n|switch|p2a: Cresselia|Cresselia, L50, F|100\/100\n|switch|p2b: Snorlax|Snorlax, L50, F|100\/100\n|-ability|p1b: Weezing|Neutralizing Gas\n|-enditem|p1a: Roaring Moon|Booster Energy\n|-activate|p1a: Roaring Moon|ability: Protosynthesis|[fromitem]\n|-start|p1a: Roaring Moon|protosynthesisspe\n|turn|1\n|\n|t:|1700446643\n|-terastallize|p2a: Cresselia|Electric\n|move|p1a: Roaring Moon|Knock Off|p2b: Snorlax\n|-damage|p2b: Snorlax|64\/100\n|-enditem|p2b: Snorlax|Sitrus Berry|[from] move: Knock Off|[of] p1a: Roaring Moon\n|move|p1b: Weezing|Taunt|p2a: Cresselia\n|-start|p2a: Cresselia|move: Taunt\n|move|p2b: Snorlax|Belly Drum|p2b: Snorlax\n|-damage|p2b: Snorlax|14\/100\n|-setboost|p2b: Snorlax|atk|6|[from] move: Belly Drum\n|cant|p2a: Cresselia|move: Taunt|Trick Room\n|\n|upkeep\n|turn|2\n|\n|t:|1700446665\n|switch|p2a: Flamigo|Flamigo, L50, M|100\/100\n|move|p2b: Snorlax|Protect|p2b: Snorlax\n|-singleturn|p2b: Snorlax|Protect\n|move|p1a: Roaring Moon|Acrobatics|p2b: Snorlax\n|-activate|p2b: Snorlax|move: Protect\n|move|p1b: Weezing|Will-O-Wisp|p2a: Flamigo\n|-status|p2a: Flamigo|brn\n|\n|-damage|p2a: Flamigo|95\/100 brn|[from] brn\n|upkeep\n|turn|3\n|c|\u2606gmck1398|neautralizing gas\n|c|\u2606gmck1398|smh\n|c|\u2606gmck1398|i forgot\n|c|\u2606gmck1398|gg\n|-message|gmck1398 forfeited.\n|\n|win|Shixue\n|raw|Shixue's rating: 1157 &rarr; <strong>1178<\/strong><br \/>(+21 for winning)\n|raw|gmck1398's rating: 1100 &rarr; <strong>1079<\/strong><br \/>(-21 for losing)\n|l|\u2606gmck1398\n|l|\u2606Shixue\n|j|\u2606Shixue\n|player|p1|Shixue|lillie-masters\n","uploadtime":1700446735,"views":5,"p1id":"shixue","p2id":"gmck1398","formatid":"gen9vgc2023regulatione","rating":1079,"private":0,"password":""}