{"id":"gen9vgc2023regulatione-1996874685","p1":"arcane river","p2":"ErSamuh","format":"[Gen 9] VGC 2023 Regulation E","log":"|j|\u2606arcane river\n|j|\u2606ErSamuh\n|t:|1700738756\n|gametype|doubles\n|player|p1|arcane river|265|1427\n|player|p2|ErSamuh|gambler|1475\n|teamsize|p1|6\n|teamsize|p2|6\n|gen|9\n|tier|[Gen 9] VGC 2023 Regulation E\n|rated|\n|rule|Species Clause: Limit one of each Pok\u00e9mon\n|rule|Item Clause: Limit one of each item\n|clearpoke\n|poke|p1|Indeedee-F, L50, F|\n|poke|p1|Urshifu-*, L50, M|\n|poke|p1|Ursaluna-Bloodmoon, L50, M|\n|poke|p1|Tornadus, L50, M|\n|poke|p1|Armarouge, L50, F|\n|poke|p1|Flutter Mane, L50|\n|poke|p2|Chien-Pao, L50|\n|poke|p2|Dragonite, L50, F|\n|poke|p2|Tatsugiri, L50, M|\n|poke|p2|Dondozo, L50, F|\n|poke|p2|Flutter Mane, L50|\n|poke|p2|Urshifu-*, L50, M|\n|teampreview|4\n|inactive|Battle timer is ON: inactive players will automatically lose when time's up. (requested by ErSamuh)\nErSamuh has agreed to open team sheets.\n|\n|t:|1700738784\n|start\n|switch|p1a: Tornadus|Tornadus, L50, M|100\/100\n|switch|p1b: Urshifu|Urshifu-Rapid-Strike, L50, M|100\/100\n|switch|p2a: Chien-Pao|Chien-Pao, L50|100\/100\n|switch|p2b: Flutter Mane|Flutter Mane, L50|100\/100\n|-ability|p2a: Chien-Pao|Sword of Ruin\n|turn|1\n|\n|t:|1700738794\n|-terastallize|p1b: Urshifu|Water\n|move|p1a: Tornadus|Tailwind|p1a: Tornadus\n|-sidestart|p1: arcane river|move: Tailwind\n|move|p1b: Urshifu|Surging Strikes|p2a: Chien-Pao\n|-crit|p2a: Chien-Pao\n|-damage|p2a: Chien-Pao|47\/100\n|-crit|p2a: Chien-Pao\n|-damage|p2a: Chien-Pao|0 fnt\n|faint|p2a: Chien-Pao\n|-hitcount|p2: Chien-Pao|2\n|move|p2b: Flutter Mane|Moonblast|p1b: Urshifu\n|-damage|p1b: Urshifu|25\/100\n|\n|upkeep\n|\n|t:|1700738802\n|switch|p2a: Tatsugiri|Tatsugiri, L50, M|100\/100\n|turn|2\n|inactive|arcane river has 30 seconds left.\n|\n|t:|1700738827\n|-end|p2b: Flutter Mane|Protosynthesis|[silent]\n|switch|p2b: Dondozo|Dondozo, L50, F|100\/100\n|-activate|p2a: Tatsugiri|ability: Commander|[of] p2b: Dondozo\n|-boost|p2b: Dondozo|atk|2\n|-boost|p2b: Dondozo|spa|2\n|-boost|p2b: Dondozo|spe|2\n|-boost|p2b: Dondozo|def|2\n|-boost|p2b: Dondozo|spd|2\n|move|p1a: Tornadus|Grass Knot|p2b: Dondozo\n|-supereffective|p2b: Dondozo\n|-damage|p2b: Dondozo|69\/100\n|move|p1b: Urshifu|Surging Strikes|p2b: Dondozo\n|-resisted|p2b: Dondozo\n|-crit|p2b: Dondozo\n|-damage|p2b: Dondozo|57\/100\n|-resisted|p2b: Dondozo\n|-crit|p2b: Dondozo\n|-damage|p2b: Dondozo|46\/100\n|-resisted|p2b: Dondozo\n|-crit|p2b: Dondozo\n|-damage|p2b: Dondozo|36\/100\n|-hitcount|p2b: Dondozo|3\n|\n|-heal|p2b: Dondozo|42\/100|[from] item: Leftovers\n|upkeep\n|turn|3\n|\n|t:|1700738850\n|move|p1a: Tornadus|Grass Knot|p2b: Dondozo\n|-supereffective|p2b: Dondozo\n|-damage|p2b: Dondozo|12\/100\n|move|p1b: Urshifu|Surging Strikes|p2b: Dondozo\n|-resisted|p2b: Dondozo\n|-crit|p2b: Dondozo\n|-damage|p2b: Dondozo|2\/100\n|-resisted|p2b: Dondozo\n|-crit|p2b: Dondozo\n|-damage|p2b: Dondozo|0 fnt\n|faint|p2b: Dondozo\n|-hitcount|p2: Dondozo|2\n|\n|upkeep\n|\n|t:|1700738852\n|switch|p2b: Flutter Mane|Flutter Mane, L50|100\/100\n|turn|4\n|\n|t:|1700738867\n|-terastallize|p2b: Flutter Mane|Fairy\n|move|p1a: Tornadus|Bleakwind Storm|p2b: Flutter Mane|[spread] p2a,p2b\n|-damage|p2a: Tatsugiri|56\/100\n|-damage|p2b: Flutter Mane|72\/100\n|-unboost|p2a: Tatsugiri|spe|1\n|move|p1b: Urshifu|Surging Strikes|p2b: Flutter Mane\n|-crit|p2b: Flutter Mane\n|-damage|p2b: Flutter Mane|25\/100\n|-crit|p2b: Flutter Mane\n|-damage|p2b: Flutter Mane|0 fnt\n|faint|p2b: Flutter Mane\n|-end|p2b: Flutter Mane|Protosynthesis|[silent]\n|-hitcount|p2: Flutter Mane|2\n|move|p2a: Tatsugiri|Dragon Pulse|p1b: Urshifu\n|-damage|p1b: Urshifu|0 fnt\n|faint|p1b: Urshifu\n|\n|-sideend|p1: arcane river|move: Tailwind\n|upkeep\n|-message|ErSamuh forfeited.\n|\n|win|arcane river\n|raw|arcane river's rating: 1427 &rarr; <strong>1450<\/strong><br \/>(+23 for winning)\n|raw|ErSamuh's rating: 1475 &rarr; <strong>1452<\/strong><br \/>(-23 for losing)\n|l|\u2606ErSamuh\n","uploadtime":1700738890,"views":8,"p1id":"arcaneriver","p2id":"ersamuh","formatid":"gen9vgc2023regulatione","rating":1450,"private":0,"password":""}