{"id":"gen9vgc2023regulatione-1989652617","p1":"rawadoqs","p2":"rogerfed123","format":"[Gen 9] VGC 2023 Regulation E","log":"|j|\u2606rawadoqs\n|j|\u203drogerfed123\n|t:|1699883452\n|gametype|doubles\n|player|p1|rawadoqs|riley|1043\n|player|p2|rogerfed123|lance|1000\n|teamsize|p1|6\n|teamsize|p2|6\n|gen|9\n|tier|[Gen 9] VGC 2023 Regulation E\n|rated|\n|rule|Species Clause: Limit one of each Pok\u00e9mon\n|rule|Item Clause: Limit one of each item\n|clearpoke\n|poke|p1|Sneasler, L50, F|\n|poke|p1|Indeedee-F, L50, F|\n|poke|p1|Armarouge, L50, F|\n|poke|p1|Urshifu-*, L50, M|\n|poke|p1|Chien-Pao, L50|\n|poke|p1|Tornadus, L50, M|\n|poke|p2|Slaking, L50, F|\n|poke|p2|Grafaiai, L50, F|\n|poke|p2|Flutter Mane, L50|\n|poke|p2|Dragonite, L50, F|\n|poke|p2|Annihilape, L50, F|\n|poke|p2|Maushold-Four, L50|\n|teampreview|4\n|\n|t:|1699883466\n|start\n|switch|p1a: Armarouge|Armarouge, L50, F|100\/100\n|switch|p1b: Urshifu|Urshifu-Rapid-Strike, L50, M|100\/100\n|switch|p2a: Annihilape|Annihilape, L50, F, shiny|100\/100\n|switch|p2b: Maushold|Maushold-Four, L50|100\/100\n|turn|1\n|\n|t:|1699883495\n|move|p1a: Armarouge|Wide Guard|p1a: Armarouge\n|-singleturn|p1a: Armarouge|Wide Guard\n|move|p1b: Urshifu|U-turn|p2b: Maushold\n|-damage|p2b: Maushold|74\/100\n|\n|t:|1699883501\n|switch|p1b: Indeedee|Indeedee-F, L50, F|100\/100|[from] U-turn\n|-fieldstart|move: Psychic Terrain|[from] ability: Psychic Surge|[of] p1b: Indeedee\n|move|p2b: Maushold|Beat Up|p2a: Annihilape\n|-damage|p2a: Annihilape|99\/100\n|-damage|p2a: Annihilape|97\/100\n|-damage|p2a: Annihilape|95\/100\n|-damage|p2a: Annihilape|93\/100\n|-hitcount|p2a: Annihilape|4\n|move|p2a: Annihilape|Bulk Up|p2a: Annihilape\n|-boost|p2a: Annihilape|atk|1\n|-boost|p2a: Annihilape|def|1\n|\n|upkeep\n|turn|2\n|\n|t:|1699883530\n|move|p1b: Indeedee|Helping Hand|p1a: Armarouge\n|-singleturn|p1a: Armarouge|Helping Hand|[of] p1b: Indeedee\n|move|p2b: Maushold|Follow Me|p2b: Maushold\n|-singleturn|p2b: Maushold|move: Follow Me\n|move|p1a: Armarouge|Expanding Force|p2b: Maushold|[spread] p2a,p2b\n|-supereffective|p2a: Annihilape\n|-crit|p2b: Maushold\n|-damage|p2a: Annihilape|0 fnt\n|-damage|p2b: Maushold|0 fnt\n|faint|p2a: Annihilape\n|faint|p2b: Maushold\n|\n|upkeep\n|inactive|Battle timer is ON: inactive players will automatically lose when time's up. (requested by rawadoqs)\n|\n|t:|1699883547\n|switch|p2b: Dragonite|Dragonite, L50, F|100\/100\n|switch|p2a: Flutter Mane|Flutter Mane, L50|100\/100\n|turn|3\n|\n|t:|1699883565\n|-terastallize|p2a: Flutter Mane|Fairy\n|move|p1b: Indeedee|Helping Hand|p1a: Armarouge\n|-singleturn|p1a: Armarouge|Helping Hand|[of] p1b: Indeedee\n|move|p2a: Flutter Mane|Moonblast|p1b: Indeedee\n|-damage|p1b: Indeedee|7\/100\n|move|p1a: Armarouge|Expanding Force|p2b: Dragonite|[spread] p2a,p2b\n|-damage|p2a: Flutter Mane|3\/100\n|-damage|p2b: Dragonite|52\/100\n|move|p2b: Dragonite|Dragon Dance|p2b: Dragonite\n|-boost|p2b: Dragonite|atk|1\n|-boost|p2b: Dragonite|spe|1\n|\n|upkeep\n|turn|4\n|\n|t:|1699883580\n|move|p1b: Indeedee|Protect|p1b: Indeedee\n|-singleturn|p1b: Indeedee|Protect\n|move|p2a: Flutter Mane|Moonblast|p1b: Indeedee\n|-activate|p1b: Indeedee|move: Protect\n|move|p2b: Dragonite|Earthquake|p1a: Armarouge|[spread] p2a,p1a\n|-activate|p1b: Indeedee|move: Protect\n|-supereffective|p1a: Armarouge\n|-damage|p2a: Flutter Mane|0 fnt\n|-damage|p1a: Armarouge|5\/100\n|-ability|p1a: Armarouge|Weak Armor|boost\n|-unboost|p1a: Armarouge|def|1\n|-boost|p1a: Armarouge|spe|2\n|faint|p2a: Flutter Mane\n|-end|p2a: Flutter Mane|Protosynthesis|[silent]\n|move|p1a: Armarouge|Expanding Force|p2b: Dragonite\n|-damage|p2b: Dragonite|0 fnt\n|faint|p2b: Dragonite\n|\n|win|rawadoqs\n|raw|rawadoqs's rating: 1043 &rarr; <strong>1072<\/strong><br \/>(+29 for winning)\n|raw|rogerfed123's rating: 1000 &rarr; <strong>1000<\/strong><br \/>(+0 for losing)\n|l|\u203drogerfed123\n","uploadtime":1699883599,"views":19,"p1id":"rawadoqs","p2id":"rogerfed123","formatid":"gen9vgc2023regulatione","rating":1000,"private":0,"password":""}