{"id":"gen9vgc2023regulatione-1991869197","p1":"jakewise","p2":"Alowmein","format":"[Gen 9] VGC 2023 Regulation E","log":"|j|\u2606jakewise\n|j|\u2606Alowmein\n|t:|1700131182\n|gametype|doubles\n|player|p1|jakewise|2|1000\n|player|p2|Alowmein|doctor|1047\n|teamsize|p1|6\n|teamsize|p2|6\n|gen|9\n|tier|[Gen 9] VGC 2023 Regulation E\n|rated|\n|rule|Species Clause: Limit one of each Pok\u00e9mon\n|rule|Item Clause: Limit one of each item\n|clearpoke\n|poke|p1|Salamence, L50, M|\n|poke|p1|Urshifu-*, L50, F|\n|poke|p1|Zoroark-Hisui, L50, M|\n|poke|p1|Gholdengo, L50|\n|poke|p1|Amoonguss, L50, F|\n|poke|p1|Pelipper, L50, M|\n|poke|p2|Urshifu-*, L50, M|\n|poke|p2|Talonflame, L50, M|\n|poke|p2|Flutter Mane, L50|\n|poke|p2|Ogerpon-Hearthflame, L50, F|\n|poke|p2|Landorus-Therian, L50, M|\n|poke|p2|Rillaboom, L50, M|\n|teampreview|4\n|inactive|Battle timer is ON: inactive players will automatically lose when time's up. (requested by jakewise)\n|inactive|jakewise has 60 seconds left.\n|inactive|Alowmein has 60 seconds left.\n|\n|t:|1700131235\n|start\n|switch|p1a: Salamence|Salamence, L50, M|100\/100\n|switch|p1b: Pelipper|Pelipper, L50, M|100\/100\n|switch|p2a: Talonflame|Talonflame, L50, M|100\/100\n|switch|p2b: Rillaboom|Rillaboom, L50, M|100\/100\n|-ability|p1a: Salamence|Intimidate|boost\n|-unboost|p2a: Talonflame|atk|1\n|-unboost|p2b: Rillaboom|atk|1\n|-fieldstart|move: Grassy Terrain|[from] ability: Grassy Surge|[of] p2b: Rillaboom\n|turn|1\n|\n|t:|1700131256\n|move|p2b: Rillaboom|Fake Out|p1b: Pelipper\n|-immune|p1b: Pelipper\n|move|p1a: Salamence|Tailwind|p1a: Salamence\n|-sidestart|p1: jakewise|move: Tailwind\n|move|p1b: Pelipper|Hyper Voice|p2a: Talonflame|[spread] p2a,p2b\n|-damage|p2a: Talonflame|58\/100\n|-damage|p2b: Rillaboom|63\/100\n|-enditem|p1b: Pelipper|Throat Spray\n|-boost|p1b: Pelipper|spa|1|[from] item: Throat Spray\n|move|p2a: Talonflame|Will-O-Wisp|p1a: Salamence\n|-status|p1a: Salamence|brn\n|\n|-heal|p2b: Rillaboom|69\/100|[from] Grassy Terrain\n|-damage|p1a: Salamence|95\/100 brn|[from] brn\n|upkeep\n|turn|2\n|inactive|jakewise has 30 seconds left.\n|inactive|Alowmein has 30 seconds left.\n|\n|t:|1700131288\n|switch|p1a: Pelipper|Pelipper, L50, M|100\/100\n|-weather|RainDance|[from] ability: Drizzle|[of] p1a: Pelipper\n|switch|p2b: Flutter Mane|Flutter Mane, L50|100\/100\n|-enditem|p2b: Flutter Mane|Booster Energy\n|-activate|p2b: Flutter Mane|ability: Protosynthesis|[fromitem]\n|-start|p2b: Flutter Mane|protosynthesisspa\n|move|p1b: Pelipper|Hyper Voice|p2a: Talonflame|[spread] p2a\n|-immune|p2b: Flutter Mane\n|-damage|p2a: Talonflame|0 fnt\n|faint|p2a: Talonflame\n|\n|-weather|RainDance|[upkeep]\n|upkeep\n|-message|Alowmein forfeited.\n|\n|win|jakewise\n|raw|jakewise's rating: 1000 &rarr; <strong>1045<\/strong><br \/>(+45 for winning)\n|raw|Alowmein's rating: 1047 &rarr; <strong>1028<\/strong><br \/>(-19 for losing)\n|l|\u2606Alowmein\n","uploadtime":1700131306,"views":32,"p1id":"jakewise","p2id":"alowmein","formatid":"gen9vgc2023regulatione","rating":1028,"private":0,"password":""}