{"id":"gen9vgc2023regulatione-1999202818","p1":"TestGanon","p2":"Calmnic","format":"[Gen 9] VGC 2023 Regulation E","log":"|j|\u2606TestGanon\n|j|\u2606Calmnic\n|t:|1701044912\n|gametype|doubles\n|player|p1|TestGanon|170|1354\n|player|p2|Calmnic|petrel|1262\n|teamsize|p1|6\n|teamsize|p2|6\n|gen|9\n|tier|[Gen 9] VGC 2023 Regulation E\n|rated|\n|rule|Species Clause: Limit one of each Pok\u00e9mon\n|rule|Item Clause: Limit one of each item\n|clearpoke\n|poke|p1|Tornadus, L50, M|\n|poke|p1|Landorus, L50, M|\n|poke|p1|Sableye, L50, F|\n|poke|p1|Corviknight, L50, M|\n|poke|p1|Urshifu-*, L50, F|\n|poke|p1|Sinistcha, L50|\n|poke|p2|Amoonguss, L50, F|\n|poke|p2|Tornadus, L50, M|\n|poke|p2|Iron Hands, L50|\n|poke|p2|Arcanine-Hisui, L50, F|\n|poke|p2|Gholdengo, L50|\n|poke|p2|Urshifu-*, L50, F|\n|teampreview|4\n|inactive|Battle timer is ON: inactive players will automatically lose when time's up. (requested by TestGanon)\n|inactive|Calmnic also wants the timer to be on.\n|inactive|TestGanon has 60 seconds left.\n|inactive|Calmnic has 60 seconds left.\n|\n|t:|1701044969\n|start\n|switch|p1a: Tornadus|Tornadus, L50, M|100\/100\n|switch|p1b: Sableye|Sableye, L50, F|100\/100\n|switch|p2a: Tornadus|Tornadus, L50, M|100\/100\n|switch|p2b: Urshifu|Urshifu-Rapid-Strike, L50, F|100\/100\n|turn|1\n|\n|t:|1701044988\n|-terastallize|p2b: Urshifu|Water\n|move|p2a: Tornadus|Tailwind|p2a: Tornadus\n|-sidestart|p2: Calmnic|move: Tailwind\n|move|p1a: Tornadus|Tailwind|p1a: Tornadus\n|-sidestart|p1: TestGanon|move: Tailwind\n|move|p1b: Sableye|Gravity|p1b: Sableye\n|-fieldstart|move: Gravity\n|move|p2b: Urshifu|Surging Strikes|p1a: Tornadus\n|-crit|p1a: Tornadus\n|-damage|p1a: Tornadus|59\/100\n|-crit|p1a: Tornadus\n|-damage|p1a: Tornadus|16\/100\n|-crit|p1a: Tornadus\n|-damage|p1a: Tornadus|0 fnt\n|faint|p1a: Tornadus\n|-hitcount|p1: Tornadus|3\n|\n|upkeep\n|\n|t:|1701044998\n|switch|p1a: Landorus|Landorus, L50, M|100\/100\n|turn|2\n|\n|t:|1701045015\n|-terastallize|p1a: Landorus|Ground\n|move|p2a: Tornadus|Rain Dance|p2a: Tornadus\n|-weather|RainDance\n|move|p1b: Sableye|Disable|p2b: Urshifu\n|-start|p2b: Urshifu|Disable|Surging Strikes\n|move|p1a: Landorus|Sandsear Storm|p2a: Tornadus|[spread] p2a,p2b\n|-damage|p2a: Tornadus|0 fnt\n|-damage|p2b: Urshifu|0 fnt\n|faint|p2a: Tornadus\n|faint|p2b: Urshifu\n|\n|-weather|RainDance|[upkeep]\n|upkeep\n|\n|t:|1701045025\n|switch|p2a: Arcanine|Arcanine-Hisui, L50, F|100\/100\n|switch|p2b: Gholdengo|Gholdengo, L50|100\/100\n|-ability|p2a: Arcanine|Intimidate|boost\n|-unboost|p1a: Landorus|atk|1\n|-unboost|p1b: Sableye|atk|1\n|turn|3\n|inactive|Calmnic has 30 seconds left.\n|\n|t:|1701045054\n|switch|p1b: Corviknight|Corviknight, L50, M|100\/100\n|move|p1a: Landorus|Sandsear Storm|p2a: Arcanine|[spread] p2a,p2b\n|-supereffective|p2a: Arcanine\n|-supereffective|p2b: Gholdengo\n|-damage|p2a: Arcanine|0 fnt\n|-damage|p2b: Gholdengo|0 fnt\n|faint|p2a: Arcanine\n|faint|p2b: Gholdengo\n|\n|win|TestGanon\n|raw|TestGanon's rating: 1354 &rarr; <strong>1369<\/strong><br \/>(+15 for winning)\n|raw|Calmnic's rating: 1262 &rarr; <strong>1243<\/strong><br \/>(-19 for losing)\n","uploadtime":1701045067,"views":1,"p1id":"testganon","p2id":"calmnic","formatid":"gen9vgc2023regulatione","rating":1243,"private":0,"password":""}