{"id":"gen9vgc2023regulatione-1996019525","p1":"grumbumbum23","p2":"TheRicoSuave","format":"[Gen 9] VGC 2023 Regulation E","log":"|j|\u2606grumbumbum23\n|j|\u2606TheRicoSuave\n|t:|1700630317\n|gametype|doubles\n|player|p1|grumbumbum23|cheren-gen5bw2|1258\n|player|p2|TheRicoSuave|170|1162\n|teamsize|p1|6\n|teamsize|p2|6\n|gen|9\n|tier|[Gen 9] VGC 2023 Regulation E\n|rated|\n|rule|Species Clause: Limit one of each Pok\u00e9mon\n|rule|Item Clause: Limit one of each item\n|clearpoke\n|poke|p1|Grumpig, L50, F|\n|poke|p1|Sinistcha-Masterpiece, L50|\n|poke|p1|Roaring Moon, L50|\n|poke|p1|Urshifu-*, L50, M|\n|poke|p1|Iron Hands, L50|\n|poke|p1|Arcanine-Hisui, L50, M|\n|poke|p2|Kingambit, L50, M|\n|poke|p2|Sinistcha-Masterpiece, L50|\n|poke|p2|Arcanine-Hisui, L50, F|\n|poke|p2|Tornadus, L50, M|\n|poke|p2|Ogerpon-Wellspring, L50, F|\n|poke|p2|Regidrago, L50|\n|teampreview|4\n|inactive|Battle timer is ON: inactive players will automatically lose when time's up. (requested by TheRicoSuave)\n|inactive|TheRicoSuave has 60 seconds left.\ngrumbumbum23 rejected open team sheets.\n|inactive|TheRicoSuave has 30 seconds left.\n|inactive|TheRicoSuave has 20 seconds left.\n|\n|t:|1700630400\n|start\n|switch|p1a: Roaring Moon|Roaring Moon, L50, shiny|100\/100\n|switch|p1b: Urshifu|Urshifu-Rapid-Strike, L50, M|100\/100\n|switch|p2a: Regidrago|Regidrago, L50|100\/100\n|switch|p2b: Tornadus|Tornadus, L50, M|100\/100\n|-enditem|p1a: Roaring Moon|Booster Energy\n|-activate|p1a: Roaring Moon|ability: Protosynthesis|[fromitem]\n|-start|p1a: Roaring Moon|protosynthesisatk\n|turn|1\n|\n|t:|1700630418\n|-terastallize|p1b: Urshifu|Water\n|move|p1b: Urshifu|Aqua Jet|p2a: Regidrago\n|-resisted|p2a: Regidrago\n|-damage|p2a: Regidrago|82\/100\n|move|p2b: Tornadus|Tailwind|p2b: Tornadus\n|-sidestart|p2: TheRicoSuave|move: Tailwind\n|move|p2a: Regidrago|Dragon Energy|p1a: Roaring Moon|[spread] p1a,p1b\n|-supereffective|p1a: Roaring Moon\n|-damage|p1a: Roaring Moon|0 fnt\n|-damage|p1b: Urshifu|9\/100\n|faint|p1a: Roaring Moon\n|-end|p1a: Roaring Moon|Protosynthesis|[silent]\n|\n|upkeep\n|\n|t:|1700630433\n|switch|p1a: Arcanine|Arcanine-Hisui, L50, M|100\/100\n|-ability|p1a: Arcanine|Intimidate|boost\n|-unboost|p2a: Regidrago|atk|1\n|-unboost|p2b: Tornadus|atk|1\n|turn|2\n|\n|t:|1700630444\n|move|p2a: Regidrago|Protect|p2a: Regidrago\n|-singleturn|p2a: Regidrago|Protect\n|move|p2b: Tornadus|Bleakwind Storm|p1b: Urshifu|[spread] p1b\n|-miss|p2b: Tornadus|p1a: Arcanine\n|-damage|p1b: Urshifu|0 fnt\n|faint|p1b: Urshifu\n|move|p1a: Arcanine|Rock Slide|p2a: Regidrago|[spread] p2b\n|-activate|p2a: Regidrago|move: Protect\n|-supereffective|p2b: Tornadus\n|-damage|p2b: Tornadus|22\/100\n|\n|upkeep\n|\n|t:|1700630456\n|switch|p1b: Sinistcha|Sinistcha-Masterpiece, L50|100\/100\n|turn|3\n|\n|t:|1700630465\n|switch|p2b: Sinistcha|Sinistcha-Masterpiece, L50|100\/100\n|-heal|p2a: Regidrago|100\/100|[from] ability: Hospitality|[of] p2b: Sinistcha\n|move|p2a: Regidrago|Dragon Energy|p1a: Arcanine|[spread] p1a,p1b\n|-damage|p1a: Arcanine|0 fnt\n|-damage|p1b: Sinistcha|7\/100\n|faint|p1a: Arcanine\n|move|p1b: Sinistcha|Matcha Gotcha|p2b: Sinistcha|[spread] p2a,p2b\n|-resisted|p2a: Regidrago\n|-resisted|p2b: Sinistcha\n|-damage|p2a: Regidrago|89\/100\n|-heal|p1b: Sinistcha|16\/100|[from] drain|[of] p2a: Regidrago\n|-damage|p2b: Sinistcha|86\/100\n|-heal|p1b: Sinistcha|24\/100|[from] drain|[of] p2b: Sinistcha\n|\n|upkeep\n|turn|4\n|-message|grumbumbum23 forfeited.\n|\n|win|TheRicoSuave\n|raw|grumbumbum23's rating: 1258 &rarr; <strong>1226<\/strong><br \/>(-32 for losing)\n|raw|TheRicoSuave's rating: 1162 &rarr; <strong>1194<\/strong><br \/>(+32 for winning)\n|l|\u2606grumbumbum23\n","uploadtime":1700630481,"views":9,"p1id":"grumbumbum23","p2id":"thericosuave","formatid":"gen9vgc2023regulatione","rating":1194,"private":0,"password":""}