{"id":"gen9vgc2023regulatione-1995240010","p1":"InferiorCizy","p2":"yoyogetout","format":"[Gen 9] VGC 2023 Regulation E","log":"|j|\u2606InferiorCizy\n|j|\u2606yoyogetout\n|t:|1700538723\n|gametype|doubles\n|player|p1|InferiorCizy|benga|1172\n|player|p2|yoyogetout|102|1269\n|teamsize|p1|6\n|teamsize|p2|6\n|gen|9\n|tier|[Gen 9] VGC 2023 Regulation E\n|rated|\n|rule|Species Clause: Limit one of each Pok\u00e9mon\n|rule|Item Clause: Limit one of each item\n|clearpoke\n|poke|p1|Urshifu-*, L50, M|\n|poke|p1|Rillaboom, L50, M|\n|poke|p1|Gholdengo, L50|\n|poke|p1|Tornadus, L50, M|\n|poke|p1|Arcanine-Hisui, L50, M|\n|poke|p1|Flutter Mane, L50|\n|poke|p2|Roaring Moon, L50|\n|poke|p2|Gholdengo, L50|\n|poke|p2|Arcanine-Hisui, L50, M|\n|poke|p2|Sinistcha, L50|\n|poke|p2|Kingambit, L50, M|\n|poke|p2|Urshifu-*, L50, M|\n|teampreview|4\nInferiorCizy has agreed to open team sheets.\n|\n|t:|1700538783\n|start\n|switch|p1a: Dig Prime|Tornadus, L50, M|100\/100\n|switch|p1b: nathan|Urshifu-Rapid-Strike, L50, M|100\/100\n|switch|p2a: Kingambit|Kingambit, L50, M|100\/100\n|switch|p2b: Urshifu|Urshifu-Rapid-Strike, L50, M|100\/100\n|turn|1\n|\n|t:|1700538824\n|switch|p2a: Sinistcha|Sinistcha, L50|100\/100\n|move|p1a: Dig Prime|Tailwind|p1a: Dig Prime\n|-sidestart|p1: InferiorCizy|move: Tailwind\n|move|p1b: nathan|Close Combat|p2a: Sinistcha\n|-immune|p2a: Sinistcha\n|move|p2b: Urshifu|Surging Strikes|p1a: Dig Prime\n|-crit|p1a: Dig Prime\n|-damage|p1a: Dig Prime|81\/100\n|-crit|p1a: Dig Prime\n|-damage|p1a: Dig Prime|61\/100\n|-crit|p1a: Dig Prime\n|-damage|p1a: Dig Prime|41\/100\n|-hitcount|p1a: Dig Prime|3\n|\n|upkeep\n|turn|2\n|\n|t:|1700538858\n|switch|p2a: Arcanine|Arcanine-Hisui, L50, M|100\/100\n|-ability|p2a: Arcanine|Intimidate|boost\n|-unboost|p1a: Dig Prime|atk|1\n|-unboost|p1b: nathan|atk|1\n|-terastallize|p1b: nathan|Water\n|move|p1b: nathan|Surging Strikes|p2a: Arcanine\n|-supereffective|p2a: Arcanine\n|-crit|p2a: Arcanine\n|-damage|p2a: Arcanine|0 fnt\n|faint|p2a: Arcanine\n|-hitcount|p2: Arcanine|1\n|move|p1a: Dig Prime|Bleakwind Storm|p2b: Urshifu\n|-supereffective|p2b: Urshifu\n|-damage|p2b: Urshifu|0 fnt\n|faint|p2b: Urshifu\n|\n|upkeep\n|-message|yoyogetout forfeited.\n|\n|win|InferiorCizy\n|raw|InferiorCizy's rating: 1172 &rarr; <strong>1204<\/strong><br \/>(+32 for winning)\n|raw|yoyogetout's rating: 1269 &rarr; <strong>1237<\/strong><br \/>(-32 for losing)\n|l|\u2606yoyogetout\n","uploadtime":1700538877,"views":12,"p1id":"inferiorcizy","p2id":"yoyogetout","formatid":"gen9vgc2023regulatione","rating":1204,"private":0,"password":""}