{"id":"gen9vgc2023regulatione-1990389640","p1":"AlbertoWar","p2":"Osamabld","format":"[Gen 9] VGC 2023 Regulation E","log":"|j|\u2606AlbertoWar\n|j|\u2606Osamabld\n|t:|1699965793\n|gametype|doubles\n|player|p1|AlbertoWar|pokemaniac|1128\n|player|p2|Osamabld|170|1174\n|teamsize|p1|6\n|teamsize|p2|6\n|gen|9\n|tier|[Gen 9] VGC 2023 Regulation E\n|rated|\n|rule|Species Clause: Limit one of each Pok\u00e9mon\n|rule|Item Clause: Limit one of each item\n|clearpoke\n|poke|p1|Gligar, L50, M|\n|poke|p1|Slowking-Galar, L50, F|\n|poke|p1|Abomasnow, L50, F|\n|poke|p1|Crawdaunt, L50, M|\n|poke|p1|Sandslash-Alola, L50, M|\n|poke|p1|Thundurus-Therian, L50, M|\n|poke|p2|Iron Hands, L50|\n|poke|p2|Landorus-Therian, L50, M|\n|poke|p2|Tornadus, L50, M|\n|poke|p2|Flutter Mane, L50|\n|poke|p2|Arcanine, L50, F|\n|poke|p2|Urshifu-*, L50, M|\n|teampreview|4\n|inactive|Battle timer is ON: inactive players will automatically lose when time's up. (requested by Osamabld)\n|inactive|AlbertoWar has 60 seconds left.\n|\n|t:|1699965832\n|start\n|switch|p1a: Slowking|Slowking-Galar, L50, F|100\/100\n|switch|p1b: Abomasnow|Abomasnow, L50, F|100\/100\n|switch|p2a: Wind Mage|Tornadus, L50, M|100\/100\n|switch|p2b: Aqua Warrior|Urshifu-Rapid-Strike, L50, M|100\/100\n|-weather|Snow|[from] ability: Snow Warning|[of] p1b: Abomasnow\n|turn|1\n|\n|t:|1699965843\n|-terastallize|p2b: Aqua Warrior|Water\n|move|p1b: Abomasnow|Protect|p1b: Abomasnow\n|-singleturn|p1b: Abomasnow|Protect\n|move|p2a: Wind Mage|Rain Dance|p2a: Wind Mage\n|-weather|RainDance\n|move|p2b: Aqua Warrior|Surging Strikes|p1a: Slowking\n|-crit|p1a: Slowking\n|-damage|p1a: Slowking|56\/100\n|-crit|p1a: Slowking\n|-damage|p1a: Slowking|15\/100\n|-crit|p1a: Slowking\n|-damage|p1a: Slowking|0 fnt\n|faint|p1a: Slowking\n|-hitcount|p1: Slowking|3\n|\n|-weather|RainDance|[upkeep]\n|upkeep\n|\n|t:|1699965857\n|switch|p1a: Thundurus|Thundurus-Therian, L50, M|100\/100\n|turn|2\n|\n|t:|1699965876\n|switch|p1b: Crawdaunt|Crawdaunt, L50, M|100\/100\n|move|p2a: Wind Mage|Tailwind|p2a: Wind Mage\n|-sidestart|p2: Osamabld|move: Tailwind\n|move|p2b: Aqua Warrior|Surging Strikes|p1a: Thundurus\n|-crit|p1a: Thundurus\n|-damage|p1a: Thundurus|33\/100\n|-crit|p1a: Thundurus\n|-damage|p1a: Thundurus|0 fnt\n|faint|p1a: Thundurus\n|-hitcount|p1: Thundurus|2\n|\n|-weather|RainDance|[upkeep]\n|upkeep\n|-message|AlbertoWar forfeited.\n|\n|win|Osamabld\n|raw|AlbertoWar's rating: 1128 &rarr; <strong>1106<\/strong><br \/>(-22 for losing)\n|raw|Osamabld's rating: 1174 &rarr; <strong>1196<\/strong><br \/>(+22 for winning)\n|l|\u2606AlbertoWar\n|l|\u2606Osamabld\n","uploadtime":1699965965,"views":18,"p1id":"albertowar","p2id":"osamabld","formatid":"gen9vgc2023regulatione","rating":1106,"private":0,"password":""}