{"id":"gen9vgc2023regulatione-1992047160","p1":"Treeman480","p2":"w0rkj0","format":"[Gen 9] VGC 2023 Regulation E","log":"|j|\u2606Treeman480\n|j|\u2606w0rkj0\n|t:|1700150637\n|gametype|doubles\n|player|p1|Treeman480|n|1147\n|player|p2|w0rkj0|acetrainer-gen4|1180\n|teamsize|p1|6\n|teamsize|p2|6\n|gen|9\n|tier|[Gen 9] VGC 2023 Regulation E\n|rated|\n|rule|Species Clause: Limit one of each Pok\u00e9mon\n|rule|Item Clause: Limit one of each item\n|clearpoke\n|poke|p1|Iron Hands, L50|\n|poke|p1|Urshifu-*, L50, F|\n|poke|p1|Heatran, L50, F|\n|poke|p1|Chien-Pao, L50|\n|poke|p1|Cresselia, L50, F|\n|poke|p1|Amoonguss, L50, F|\n|poke|p2|Landorus, L50, M|\n|poke|p2|Clefairy, L50, F|\n|poke|p2|Arcanine-Hisui, L50, M|\n|poke|p2|Ogerpon-Wellspring, L50, F|\n|poke|p2|Roaring Moon, L50|\n|poke|p2|Iron Hands, L50|\n|teampreview|4\n|\n|t:|1700150748\n|start\n|switch|p1a: Iron-Hams|Iron Hands, L50|100\/100\n|switch|p1b: Ursharing|Urshifu-Rapid-Strike, L50, F|100\/100\n|switch|p2a: Clefairy|Clefairy, L50, F|100\/100\n|switch|p2b: Arcanine|Arcanine-Hisui, L50, M|100\/100\n|-ability|p2b: Arcanine|Intimidate|boost\n|-unboost|p1a: Iron-Hams|atk|1\n|-unboost|p1b: Ursharing|atk|1\n|turn|1\n|\n|t:|1700150780\n|-terastallize|p2b: Arcanine|Fairy\n|move|p2a: Clefairy|Helping Hand|p2b: Arcanine\n|-singleturn|p2b: Arcanine|Helping Hand|[of] p2a: Clefairy\n|move|p1a: Iron-Hams|Fake Out|p2a: Clefairy\n|-crit|p2a: Clefairy\n|-damage|p2a: Clefairy|80\/100\n|move|p1b: Ursharing|Surging Strikes|p2b: Arcanine\n|-crit|p2b: Arcanine\n|-damage|p2b: Arcanine|82\/100\n|-crit|p2b: Arcanine\n|-damage|p2b: Arcanine|63\/100\n|-crit|p2b: Arcanine\n|-damage|p2b: Arcanine|44\/100\n|-hitcount|p2b: Arcanine|3\n|move|p2b: Arcanine|Tera Blast|p1b: Ursharing|[anim] Tera Blast Fairy\n|-supereffective|p1b: Ursharing\n|-damage|p1b: Ursharing|0 fnt\n|faint|p1b: Ursharing\n|\n|upkeep\n|\n|t:|1700150797\n|switch|p1b: Amongus|Amoonguss, L50, F|100\/100\n|turn|2\n|-message|Treeman480 forfeited.\n|\n|win|w0rkj0\n|raw|Treeman480's rating: 1147 &rarr; <strong>1124<\/strong><br \/>(-23 for losing)\n|raw|w0rkj0's rating: 1180 &rarr; <strong>1203<\/strong><br \/>(+23 for winning)\n|l|\u2606Treeman480\n","uploadtime":1700150813,"views":9,"p1id":"treeman480","p2id":"w0rkj0","formatid":"gen9vgc2023regulatione","rating":1124,"private":0,"password":""}