{"id":"gen9vgc2023regulatione-1988982675","p1":"deathdragon25o","p2":"Squirly","format":"[Gen 9] VGC 2023 Regulation E","log":"|j|\u2606deathdragon25o\n|j|\u2606Squirly\n|n|\u2606deathdragon25o|deathdragon25o\n|n|\u2606Squirly|squirly\n|html|View the match progress at <a href=\"\/game-bestof3-gen9vgc2023regulatione-1988979736\">game-bestof3-gen9vgc2023regulatione-1988979736<\/a>\n|t:|1699798149\n|gametype|doubles\n|player|p1|deathdragon25o|cress|\n|player|p2|Squirly|170|\n|teamsize|p1|6\n|teamsize|p2|6\n|gen|9\n|tier|[Gen 9] VGC 2023 Regulation E\n|rule|Species Clause: Limit one of each Pok\u00e9mon\n|rule|Item Clause: Limit one of each item\n|clearpoke\n|poke|p1|Regidrago, L50|\n|poke|p1|Espathra, L50, F|\n|poke|p1|Flutter Mane, L50|\n|poke|p1|Landorus-Therian, L50, M|\n|poke|p1|Roaring Moon, L50|\n|poke|p1|Ninetales, L50, M|\n|poke|p2|Rillaboom, L50, F|\n|poke|p2|Chien-Pao, L50|\n|poke|p2|Kingambit, L50, F|\n|poke|p2|Iron Hands, L50|\n|poke|p2|Ogerpon-Hearthflame, L50, F|\n|poke|p2|Landorus-Therian, L50, M|\n|teampreview|4\n|inactive|Battle timer is ON: inactive players will automatically lose when time's up. (requested by deathdragon25o)\n|j| Bolt-Beam Studios\ndeathdragon25o has agreed to open team sheets.\n|inactive|Squirly has 60 seconds left.\nSquirly has agreed to open team sheets.\n|showteam|p1|Regidrago||ChoiceSpecs|DragonsMaw|TeraBlast,DragonEnergy,DracoMeteor,EarthPower||||||50|,,,,,Steel]Espathra||FocusSash|SpeedBoost|DazzlingGleam,LuminaCrash,Protect,Hypnosis|||F|||50|,,,,,Fairy]Flutter Mane||FairyFeather|Protosynthesis|DazzlingGleam,Protect,ShadowBall,Moonblast||||||50|,,,,,Fairy]Landorus-Therian||AssaultVest|Intimidate|Uturn,Earthquake,RockSlide,StompingTantrum|||M|||50|,,,,,Steel]Roaring Moon||BoosterEnergy|Protosynthesis|KnockOff,Protect,Tailwind,IronHead||||||50|,,,,,Poison]Ninetales||LifeOrb|Drought|HeatWave,SolarBeam,Disable,Extrasensory|||M|||50|,,,,,Fire\n|showteam|p2|Rillaboom||MiracleSeed|GrassySurge|FakeOut,WoodHammer,GrassyGlide,Uturn|||F|||50|,,,,,Fire]Chien-Pao||ClearAmulet|SwordofRuin|IceShard,IcicleCrash,ThroatChop,Protect||||||50|,,,,,Poison]Kingambit||BlackGlasses|Defiant|SuckerPunch,KowtowCleave,SwordsDance,Protect|||F|||50|,,,,,Dark]Iron Hands||AssaultVest|QuarkDrive|FakeOut,WildCharge,DrainPunch,VoltSwitch||||||50|,,,,,Water]Ogerpon-Hearthflame||HearthflameMask|MoldBreaker|IvyCudgel,GrassyGlide,SwordsDance,SpikyShield|||F|||50|,,,,,Fire]Landorus-Therian||ChoiceScarf|Intimidate|StompingTantrum,TeraBlast,RockSlide,Uturn|||M|||50|,,,,,Flying\n|inactive|Squirly has 30 seconds left.\n|inactive|Squirly has 20 seconds left.\n|inactive|Squirly has 15 seconds left.\n|inactive|Squirly has 10 seconds left.\n|\n|t:|1699798244\n|start\n|switch|p1a: Ninetales|Ninetales, L50, M|100\/100\n|switch|p1b: Flutter Mane|Flutter Mane, L50|100\/100\n|switch|p2a: Ogerpon|Ogerpon-Hearthflame, L50, F|100\/100\n|switch|p2b: Rillaboom|Rillaboom, L50, F|100\/100\n|-ability|p2a: Ogerpon|Mold Breaker\n|-weather|SunnyDay|[from] ability: Drought|[of] p1a: Ninetales\n|-activate|p1b: Flutter Mane|ability: Protosynthesis\n|-start|p1b: Flutter Mane|protosynthesisspe\n|-fieldstart|move: Grassy Terrain|[from] ability: Grassy Surge|[of] p2b: Rillaboom\n|turn|1\n|\n|t:|1699798260\n|-terastallize|p2a: Ogerpon|Fire\n|detailschange|p2a: Ogerpon|Ogerpon-Hearthflame-Tera, L50, F, tera:Fire\n|-ability|p2a: Ogerpon|Embody Aspect (Hearthflame)|boost\n|-boost|p2a: Ogerpon|atk|1\n|move|p1b: Flutter Mane|Protect|p1b: Flutter Mane\n|-singleturn|p1b: Flutter Mane|Protect\n|move|p2b: Rillaboom|Fake Out|p1a: Ninetales\n|-damage|p1a: Ninetales|82\/100\n|move|p2a: Ogerpon|Ivy Cudgel|p1a: Ninetales\n|-resisted|p1a: Ninetales\n|-damage|p1a: Ninetales|0 fnt\n|faint|p1a: Ninetales\n|\n|-weather|SunnyDay|[upkeep]\n|upkeep\n|\n|t:|1699798269\n|switch|p1a: Roaring Moon|Roaring Moon, L50|100\/100\n|-activate|p1a: Roaring Moon|ability: Protosynthesis\n|-start|p1a: Roaring Moon|protosynthesisspe\n|turn|2\n|\n|t:|1699798285\n|switch|p2b: Chien-Pao|Chien-Pao, L50|100\/100\n|-ability|p2b: Chien-Pao|Sword of Ruin\n|move|p2a: Ogerpon|Grassy Glide|p1b: Flutter Mane\n|-damage|p1b: Flutter Mane|0 fnt\n|faint|p1b: Flutter Mane\n|-end|p1b: Flutter Mane|Protosynthesis|[silent]\n|move|p1a: Roaring Moon|Tailwind|p1a: Roaring Moon\n|-sidestart|p1: deathdragon25o|move: Tailwind\n|\n|-weather|SunnyDay|[upkeep]\n|upkeep\n|\n|t:|1699798291\n|switch|p1b: Regidrago|Regidrago, L50|100\/100\n|turn|3\n|\n|t:|1699798314\n|-terastallize|p1b: Regidrago|Steel\n|move|p2b: Chien-Pao|Ice Shard|p1b: Regidrago\n|-resisted|p1b: Regidrago\n|-damage|p1b: Regidrago|86\/100\n|move|p1a: Roaring Moon|Iron Head|p2b: Chien-Pao\n|-supereffective|p2b: Chien-Pao\n|-damage|p2b: Chien-Pao|23\/100\n|move|p1b: Regidrago|Dragon Energy|p2a: Ogerpon|[spread] p2a,p2b\n|-damage|p2a: Ogerpon|0 fnt\n|-damage|p2b: Chien-Pao|0 fnt\n|faint|p2a: Ogerpon\n|faint|p2b: Chien-Pao\n|\n|-weather|SunnyDay|[upkeep]\n|-heal|p1b: Regidrago|92\/100|[from] Grassy Terrain\n|upkeep\n|c|\u2606Squirly|oh wtf\n|inactive|Squirly has 30 seconds left.\n|c|\u2606Squirly|the ots changes threw me off\n|inactive|Squirly has 20 seconds left.\n|c|\u2606Squirly|i thought tera type: fairy meant flutter had terad, but it was just the ots\n|inactive|Squirly has 15 seconds left.\n|inactive|Squirly has 10 seconds left.\n|\n|t:|1699798360\n|switch|p2b: Rillaboom|Rillaboom, L50, F|100\/100\n|switch|p2a: Landorus|Landorus-Therian, L50, M|100\/100\n|-ability|p2a: Landorus|Intimidate|boost\n|-unboost|p1a: Roaring Moon|atk|1\n|-unboost|p1b: Regidrago|atk|1\n|turn|4\n|\n|t:|1699798385\n|move|p2b: Rillaboom|Fake Out|p1b: Regidrago\n|-resisted|p1b: Regidrago\n|-damage|p1b: Regidrago|83\/100\n|move|p1a: Roaring Moon|Knock Off|p2a: Landorus\n|-damage|p2a: Landorus|60\/100\n|-enditem|p2a: Landorus|Choice Scarf|[from] move: Knock Off|[of] p1a: Roaring Moon\n|cant|p1b: Regidrago|flinch\n|move|p2a: Landorus|Stomping Tantrum|p1b: Regidrago\n|-supereffective|p1b: Regidrago\n|-damage|p1b: Regidrago|0 fnt\n|faint|p1b: Regidrago\n|\n|-weather|SunnyDay|[upkeep]\n|upkeep\n|turn|5\n|\n|t:|1699798401\n|move|p1a: Roaring Moon|Knock Off|p2b: Rillaboom\n|-damage|p2b: Rillaboom|69\/100\n|-enditem|p2b: Rillaboom|Miracle Seed|[from] move: Knock Off|[of] p1a: Roaring Moon\n|move|p2a: Landorus|U-turn|p1a: Roaring Moon\n|-supereffective|p1a: Roaring Moon\n|-damage|p1a: Roaring Moon|27\/100\n|move|p2b: Rillaboom|U-turn|p1a: Roaring Moon\n|-supereffective|p1a: Roaring Moon\n|-damage|p1a: Roaring Moon|0 fnt\n|faint|p1a: Roaring Moon\n|-end|p1a: Roaring Moon|Protosynthesis|[silent]\n|\n|win|Squirly\n|c|\u2606Squirly|ggs\n|c|\u2606deathdragon25o|gg\n|l|\u2606deathdragon25o\n","uploadtime":1699798414,"views":52,"p1id":"deathdragon25o","p2id":"squirly","formatid":"gen9vgc2023regulatione","rating":0,"private":0,"password":""}