{"id":"gen9vgc2023regulatione-1997403326","p1":"KingA3","p2":"zsewqggfv","format":"[Gen 9] VGC 2023 Regulation E","log":"|j|\u2606KingA3\n|j|\u2606zsewqggfv\n|t:|1700799763\n|gametype|doubles\n|player|p1|KingA3|170|1321\n|player|p2|zsewqggfv|lucas|1439\n|teamsize|p1|6\n|teamsize|p2|6\n|gen|9\n|tier|[Gen 9] VGC 2023 Regulation E\n|rated|\n|rule|Species Clause: Limit one of each Pok\u00e9mon\n|rule|Item Clause: Limit one of each item\n|clearpoke\n|poke|p1|Indeedee-F, L50, F|\n|poke|p1|Armarouge, L50, F|\n|poke|p1|Hatterene, L50, F|\n|poke|p1|Ursaluna, L50, M|\n|poke|p1|Urshifu-*, L50, F|\n|poke|p1|Torkoal, L50, M|\n|poke|p2|Dusclops, L50, F|\n|poke|p2|Armarouge, L50, F|\n|poke|p2|Iron Hands, L50|\n|poke|p2|Indeedee-F, L50, F|\n|poke|p2|Torkoal, L50, F|\n|poke|p2|Shiftry, L50, M|\n|teampreview|4\n|inactive|Battle timer is ON: inactive players will automatically lose when time's up. (requested by KingA3)\n|\n|t:|1700799802\n|start\n|switch|p1a: Urshifu|Urshifu, L50, F|100\/100\n|switch|p1b: Indeedee|Indeedee-F, L50, F|100\/100\n|switch|p2a: Armarouge|Armarouge, L50, F|100\/100\n|switch|p2b: Shiftry|Shiftry, L50, M|100\/100\n|-fieldstart|move: Psychic Terrain|[from] ability: Psychic Surge|[of] p1b: Indeedee\n|-enditem|p1b: Indeedee|Psychic Seed\n|-boost|p1b: Indeedee|spd|1|[from] item: Psychic Seed\n|turn|1\n|inactive|zsewqggfv has 30 seconds left.\n|inactive|zsewqggfv has 20 seconds left.\n|inactive|zsewqggfv has 15 seconds left.\n|inactive|zsewqggfv has 10 seconds left.\n|inactive|zsewqggfv has 5 seconds left.\n|\n|t:|1700799853\n|-terastallize|p2b: Shiftry|Normal\n|move|p2a: Armarouge|Endure|p2a: Armarouge\n|-singleturn|p2a: Armarouge|move: Endure\n|move|p1a: Urshifu|Wicked Blow|p2a: Armarouge\n|-supereffective|p2a: Armarouge\n|-crit|p2a: Armarouge\n|-activate|p2a: Armarouge|move: Endure\n|-damage|p2a: Armarouge|1\/100\n|-ability|p2a: Armarouge|Weak Armor|boost\n|-unboost|p2a: Armarouge|def|1\n|-boost|p2a: Armarouge|spe|2\n|-enditem|p2a: Armarouge|Weakness Policy\n|-boost|p2a: Armarouge|atk|2|[from] item: Weakness Policy\n|-boost|p2a: Armarouge|spa|2|[from] item: Weakness Policy\n|move|p2b: Shiftry|Explosion|p1b: Indeedee|[spread] p2a,p1a,p1b\n|-enditem|p2b: Shiftry|Normal Gem|[from] gem\n|-activate|p2a: Armarouge|move: Endure\n|-damage|p2a: Armarouge|1\/100\n|-damage|p1a: Urshifu|0 fnt\n|-damage|p1b: Indeedee|0 fnt\n|-ability|p2a: Armarouge|Weak Armor|boost\n|-unboost|p2a: Armarouge|def|1\n|-boost|p2a: Armarouge|spe|2\n|faint|p2b: Shiftry\n|faint|p1a: Urshifu\n|faint|p1b: Indeedee\n|\n|upkeep\n|\n|t:|1700799878\n|switch|p1a: Hatterene|Hatterene, L50, F|100\/100\n|switch|p2b: Indeedee|Indeedee-F, L50, F|100\/100\n|switch|p1b: Ursaluna|Ursaluna, L50, M|100\/100\n|turn|2\n|inactive|KingA3 has 30 seconds left.\n|\n|t:|1700799909\n|move|p2b: Indeedee|Helping Hand|p2a: Armarouge\n|-singleturn|p2a: Armarouge|Helping Hand|[of] p2b: Indeedee\n|move|p1b: Ursaluna|Protect|p1b: Ursaluna\n|-singleturn|p1b: Ursaluna|Protect\n|move|p2a: Armarouge|Expanding Force|p1a: Hatterene|[spread] p1a\n|-activate|p1b: Ursaluna|move: Protect\n|-resisted|p1a: Hatterene\n|-damage|p1a: Hatterene|0 fnt\n|faint|p1a: Hatterene\n|\n|-status|p1b: Ursaluna|brn|[from] item: Flame Orb\n|upkeep\n|turn|3\n|\n|t:|1700799930\n|move|p2b: Indeedee|Helping Hand|p2a: Armarouge\n|-singleturn|p2a: Armarouge|Helping Hand|[of] p2b: Indeedee\n|move|p2a: Armarouge|Expanding Force|p1b: Ursaluna\n|-damage|p1b: Ursaluna|0 fnt\n|faint|p1b: Ursaluna\n|\n|win|zsewqggfv\n|raw|KingA3's rating: 1321 &rarr; <strong>1308<\/strong><br \/>(-13 for losing)\n|raw|zsewqggfv's rating: 1439 &rarr; <strong>1452<\/strong><br \/>(+13 for winning)\n|l|\u2606zsewqggfv\n","uploadtime":1700799950,"views":7,"p1id":"kinga3","p2id":"zsewqggfv","formatid":"gen9vgc2023regulatione","rating":1308,"private":0,"password":""}