{"id":"gen9vgc2023regulatione-1996553574","p1":"eastzero80","p2":"AlbedoIsUwU","format":"[Gen 9] VGC 2023 Regulation E","log":"|j|\u2606eastzero80\n|j|\u2606AlbedoIsUwU\n|t:|1700693622\n|gametype|doubles\n|player|p1|eastzero80|rood|1003\n|player|p2|AlbedoIsUwU|265|1087\n|teamsize|p1|6\n|teamsize|p2|6\n|gen|9\n|tier|[Gen 9] VGC 2023 Regulation E\n|rated|\n|rule|Species Clause: Limit one of each Pok\u00e9mon\n|rule|Item Clause: Limit one of each item\n|clearpoke\n|poke|p1|Baxcalibur, L50, F|\n|poke|p1|Iron Bundle, L50|\n|poke|p1|Oranguru, L50, M|\n|poke|p1|Grimmsnarl, L50, M|\n|poke|p1|Tyranitar, L50, M|\n|poke|p1|Arcanine, L50, M|\n|poke|p2|Hydreigon, L50, F|\n|poke|p2|Arcanine, L50, F|\n|poke|p2|Amoonguss, L50, M|\n|poke|p2|Bisharp, L50, F|\n|poke|p2|Cresselia, L50, F|\n|poke|p2|Umbreon, L50, F|\n|teampreview|4\nAlbedoIsUwU rejected open team sheets.\n|\n|t:|1700693661\n|start\n|switch|p1a: Arcanine|Arcanine, L50, M|100\/100\n|switch|p1b: Grimmsnarl|Grimmsnarl, L50, M|100\/100\n|switch|p2a: Bisharp|Bisharp, L50, F, shiny|100\/100\n|switch|p2b: Amoonguss|Amoonguss, L50, M|100\/100\n|-ability|p1a: Arcanine|Intimidate|boost\n|-unboost|p2a: Bisharp|atk|1\n|-ability|p2a: Bisharp|Defiant|boost\n|-boost|p2a: Bisharp|atk|2\n|-enditem|p1a: Arcanine|Mirror Herb\n|-boost|p1a: Arcanine|atk|2|[from] item: Mirror Herb\n|-unboost|p2b: Amoonguss|atk|1\n|turn|1\n|\n|t:|1700693698\n|-terastallize|p2b: Amoonguss|Water\n|move|p2b: Amoonguss|Rage Powder|p2b: Amoonguss\n|-singleturn|p2b: Amoonguss|move: Rage Powder\n|move|p1b: Grimmsnarl|Thunder Wave|p2b: Amoonguss\n|-status|p2b: Amoonguss|par\n|move|p1a: Arcanine|Close Combat|p2b: Amoonguss\n|-damage|p2b: Amoonguss|28\/100 par\n|-unboost|p1a: Arcanine|def|1\n|-unboost|p1a: Arcanine|spd|1\n|move|p2a: Bisharp|Swords Dance|p2a: Bisharp\n|-boost|p2a: Bisharp|atk|2\n|\n|-heal|p2b: Amoonguss|34\/100 par|[from] item: Leftovers\n|upkeep\n|turn|2\n|\n|t:|1700693744\n|move|p2a: Bisharp|Sucker Punch|p1a: Arcanine\n|-damage|p1a: Arcanine|0 fnt\n|faint|p1a: Arcanine\n|move|p1b: Grimmsnarl|Reflect|p1b: Grimmsnarl\n|-sidestart|p1: eastzero80|Reflect\n|move|p2b: Amoonguss|Spore|p1b: Grimmsnarl\n|-status|p1b: Grimmsnarl|slp|[from] move: Spore\n|\n|-heal|p2b: Amoonguss|40\/100 par|[from] item: Leftovers\n|upkeep\n|\n|t:|1700693760\n|switch|p1a: Baxcalibur|Baxcalibur, L50, F|100\/100\n|turn|3\n|\n|t:|1700693773\n|move|p2b: Amoonguss|Rage Powder|p2b: Amoonguss\n|-singleturn|p2b: Amoonguss|move: Rage Powder\n|cant|p1b: Grimmsnarl|slp\n|move|p1a: Baxcalibur|Brick Break|p2b: Amoonguss\n|-damage|p2b: Amoonguss|15\/100 par\n|move|p2a: Bisharp|Iron Head|p1a: Baxcalibur\n|-supereffective|p1a: Baxcalibur\n|-damage|p1a: Baxcalibur|0 fnt\n|faint|p1a: Baxcalibur\n|\n|-heal|p2b: Amoonguss|20\/100 par|[from] item: Leftovers\n|upkeep\n|-message|eastzero80 forfeited.\n|\n|win|AlbedoIsUwU\n|raw|eastzero80's rating: 1003 &rarr; <strong>1000<\/strong><br \/>(-3 for losing)\n|raw|AlbedoIsUwU's rating: 1087 &rarr; <strong>1108<\/strong><br \/>(+21 for winning)\n|l|\u2606eastzero80\n","uploadtime":1700693787,"views":28,"p1id":"eastzero80","p2id":"albedoisuwu","formatid":"gen9vgc2023regulatione","rating":1000,"private":0,"password":""}