{"id":"gen9vgc2023regulatione-1989781603","p1":"rawadoqs","p2":"lualga","format":"[Gen 9] VGC 2023 Regulation E","log":"|j|\u2606rawadoqs\n|j|\u2606lualga\n|t:|1699895236\n|gametype|doubles\n|player|p1|rawadoqs|riley|1006\n|player|p2|lualga|caitlin|1046\n|teamsize|p1|6\n|teamsize|p2|6\n|gen|9\n|tier|[Gen 9] VGC 2023 Regulation E\n|rated|\n|rule|Species Clause: Limit one of each Pok\u00e9mon\n|rule|Item Clause: Limit one of each item\n|clearpoke\n|poke|p1|Sneasler, L50, M|\n|poke|p1|Indeedee-F, L50, F|\n|poke|p1|Armarouge, L50, M|\n|poke|p1|Urshifu-*, L50, F|\n|poke|p1|Chien-Pao, L50|\n|poke|p1|Tornadus, L50, M|\n|poke|p2|Urshifu-*, L50, F|\n|poke|p2|Arcanine-Hisui, L50, F|\n|poke|p2|Flutter Mane, L50|\n|poke|p2|Rillaboom, L50, F|\n|poke|p2|Tornadus, L50, M|\n|poke|p2|Chien-Pao, L50|\n|teampreview|4\n|inactive|Battle timer is ON: inactive players will automatically lose when time's up. (requested by rawadoqs)\nlualga rejected open team sheets.\n|inactive|lualga has 60 seconds left.\n|\n|t:|1699895285\n|start\n|switch|p1a: Armarouge|Armarouge, L50, M|100\/100\n|switch|p1b: Urshifu|Urshifu-Rapid-Strike, L50, F|100\/100\n|switch|p2a: Chien-Pao|Chien-Pao, L50|100\/100\n|switch|p2b: Urshifu|Urshifu-Rapid-Strike, L50, F|100\/100\n|-ability|p2a: Chien-Pao|Sword of Ruin\n|turn|1\n|inactive|rawadoqs has 30 seconds left.\n|inactive|lualga has 30 seconds left.\n|inactive|lualga has 20 seconds left.\n|inactive|lualga has 15 seconds left.\n|\n|t:|1699895327\n|switch|p2a: Arcanine|Arcanine-Hisui, L50, F, shiny|100\/100\n|move|p1b: Urshifu|Close Combat|p2a: Arcanine\n|-supereffective|p2a: Arcanine\n|-damage|p2a: Arcanine|0 fnt\n|-unboost|p1b: Urshifu|def|1\n|-unboost|p1b: Urshifu|spd|1\n|faint|p2a: Arcanine\n|move|p2b: Urshifu|Surging Strikes|p1a: Armarouge\n|-supereffective|p1a: Armarouge\n|-crit|p1a: Armarouge\n|-damage|p1a: Armarouge|48\/100\n|-ability|p1a: Armarouge|Weak Armor|boost\n|-unboost|p1a: Armarouge|def|1\n|-boost|p1a: Armarouge|spe|2\n|-supereffective|p1a: Armarouge\n|-crit|p1a: Armarouge\n|-damage|p1a: Armarouge|0 fnt\n|faint|p1a: Armarouge\n|-hitcount|p1: Armarouge|2\n|\n|upkeep\n|\n|t:|1699895347\n|switch|p2a: Tornadus|Tornadus, L50, M, shiny|100\/100\n|switch|p1a: Indeedee|Indeedee-F, L50, F|100\/100\n|-fieldstart|move: Psychic Terrain|[from] ability: Psychic Surge|[of] p1a: Indeedee\n|turn|2\n|\n|t:|1699895365\n|-terastallize|p2b: Urshifu|Water\n|move|p1a: Indeedee|Helping Hand|p1b: Urshifu\n|-singleturn|p1b: Urshifu|Helping Hand|[of] p1a: Indeedee\n|move|p2a: Tornadus|Taunt|p1a: Indeedee\n|-activate|p1a: Indeedee|move: Psychic Terrain\n|move|p1b: Urshifu|Close Combat|p2b: Urshifu\n|-damage|p2b: Urshifu|6\/100\n|-unboost|p1b: Urshifu|def|1\n|-unboost|p1b: Urshifu|spd|1\n|move|p2b: Urshifu|Surging Strikes|p1a: Indeedee\n|-crit|p1a: Indeedee\n|-damage|p1a: Indeedee|60\/100\n|-damage|p2b: Urshifu|0 fnt|[from] item: Rocky Helmet|[of] p1a: Indeedee\n|faint|p2b: Urshifu\n|-hitcount|p1a: Indeedee|1\n|\n|upkeep\n|\n|t:|1699895380\n|switch|p2b: Chien-Pao|Chien-Pao, L50|100\/100\n|-ability|p2b: Chien-Pao|Sword of Ruin\n|turn|3\n|\n|t:|1699895401\n|move|p1a: Indeedee|Protect|p1a: Indeedee\n|-singleturn|p1a: Indeedee|Protect\n|move|p1b: Urshifu|Close Combat|p2b: Chien-Pao\n|-supereffective|p2b: Chien-Pao\n|-enditem|p2b: Chien-Pao|Focus Sash\n|-damage|p2b: Chien-Pao|1\/100\n|-unboost|p1b: Urshifu|def|1\n|-unboost|p1b: Urshifu|spd|1\n|move|p2b: Chien-Pao|Icicle Crash|p1a: Indeedee\n|-activate|p1a: Indeedee|move: Protect\n|move|p2a: Tornadus|Bleakwind Storm|p1a: Indeedee|[spread] p1b\n|-activate|p1a: Indeedee|move: Protect\n|-supereffective|p1b: Urshifu\n|-damage|p1b: Urshifu|0 fnt\n|faint|p1b: Urshifu\n|\n|upkeep\n|\n|t:|1699895416\n|switch|p1b: Chien-Pao|Chien-Pao, L50|100\/100\n|-ability|p1b: Chien-Pao|Sword of Ruin\n|turn|4\n|\n|t:|1699895428\n|move|p1a: Indeedee|Follow Me|p1a: Indeedee\n|-singleturn|p1a: Indeedee|move: Follow Me\n|move|p2a: Tornadus|Tailwind|p2a: Tornadus\n|-sidestart|p2: lualga|move: Tailwind\n|move|p2b: Chien-Pao|Sacred Sword|p1a: Indeedee\n|-damage|p1a: Indeedee|11\/100\n|-damage|p2b: Chien-Pao|0 fnt|[from] item: Rocky Helmet|[of] p1a: Indeedee\n|faint|p2b: Chien-Pao\n|move|p1b: Chien-Pao|Icicle Crash|p2a: Tornadus\n|-supereffective|p2a: Tornadus\n|-damage|p2a: Tornadus|0 fnt\n|faint|p2a: Tornadus\n|-damage|p1b: Chien-Pao|91\/100|[from] item: Life Orb\n|\n|win|rawadoqs\n|raw|rawadoqs's rating: 1006 &rarr; <strong>1050<\/strong><br \/>(+44 for winning)\n|raw|lualga's rating: 1046 &rarr; <strong>1027<\/strong><br \/>(-19 for losing)\n|l|\u2606lualga\n","uploadtime":1699895445,"views":8,"p1id":"rawadoqs","p2id":"lualga","formatid":"gen9vgc2023regulatione","rating":1027,"private":0,"password":""}