{"id":"gen9vgc2023regulatione-1995931444","p1":"haamgamer07","p2":"kooumie","format":"[Gen 9] VGC 2023 Regulation E","log":"|j|\u2606haamgamer07\n|j|\u203dkooumie\n|t:|1700618806\n|gametype|doubles\n|player|p1|haamgamer07|2|1121\n|player|p2|kooumie|cilan|1083\n|teamsize|p1|6\n|teamsize|p2|6\n|gen|9\n|tier|[Gen 9] VGC 2023 Regulation E\n|rated|\n|rule|Species Clause: Limit one of each Pok\u00e9mon\n|rule|Item Clause: Limit one of each item\n|clearpoke\n|poke|p1|Armarouge, L50, M|\n|poke|p1|Ursaluna, L50, M|\n|poke|p1|Torkoal, L50, M|\n|poke|p1|Roaring Moon, L50|\n|poke|p1|Bronzong, L50|\n|poke|p1|Indeedee-F, L50, F|\n|poke|p2|Iron Hands, L50|\n|poke|p2|Ogerpon-Hearthflame, L50, F|\n|poke|p2|Flutter Mane, L50|\n|poke|p2|Amoonguss, L50, M|\n|poke|p2|Urshifu-*, L50, F|\n|poke|p2|Farigiraf, L50, F|\n|teampreview|4\n|inactive|Battle timer is ON: inactive players will automatically lose when time's up. (requested by haamgamer07)\n|inactive|haamgamer07 has 60 seconds left.\n|\n|t:|1700618847\n|start\n|switch|p1a: Roaring Moon|Roaring Moon, L50|100\/100\n|switch|p1b: Armarouge|Armarouge, L50, M|100\/100\n|switch|p2a: Farigiraf|Farigiraf, L50, F|100\/100\n|switch|p2b: Urshifu|Urshifu-Rapid-Strike, L50, F|100\/100\n|-enditem|p1a: Roaring Moon|Booster Energy\n|-activate|p1a: Roaring Moon|ability: Protosynthesis|[fromitem]\n|-start|p1a: Roaring Moon|protosynthesisspe\n|turn|1\n|inactive|haamgamer07 has 30 seconds left.\n|inactive|haamgamer07 has 20 seconds left.\n|inactive|kooumie has 30 seconds left.\n|inactive|haamgamer07 has 15 seconds left.\n|inactive|haamgamer07 has 10 seconds left.\n|inactive|kooumie has 20 seconds left.\n|inactive|haamgamer07 has 5 seconds left.\n|\n|t:|1700618902\n|move|p2b: Urshifu|Detect|p2b: Urshifu\n|-singleturn|p2b: Urshifu|Protect\n|move|p1a: Roaring Moon|Breaking Swipe|p2b: Urshifu|[spread] p2a\n|-activate|p2b: Urshifu|move: Protect\n|-damage|p2a: Farigiraf|82\/100\n|-unboost|p2a: Farigiraf|atk|1\n|move|p1b: Armarouge|Expanding Force|p2a: Farigiraf\n|-resisted|p2a: Farigiraf\n|-crit|p2a: Farigiraf\n|-damage|p2a: Farigiraf|51\/100\n|move|p2a: Farigiraf|Imprison|p2a: Farigiraf\n|-start|p2a: Farigiraf|move: Imprison\n|\n|upkeep\n|turn|2\n|inactive|haamgamer07 has 30 seconds left.\n|\n|t:|1700618930\n|-terastallize|p1b: Armarouge|Psychic\n|move|p1a: Roaring Moon|U-turn|p2b: Urshifu\n|-resisted|p2b: Urshifu\n|-damage|p2b: Urshifu|88\/100\n|\n|t:|1700618935\n|-end|p1a: Roaring Moon|Protosynthesis|[silent]\n|switch|p1a: Indeedee|Indeedee-F, L50, F|100\/100|[from] U-turn\n|-fieldstart|move: Psychic Terrain|[from] ability: Psychic Surge|[of] p1a: Indeedee\n|move|p2b: Urshifu|Close Combat|p1a: Indeedee\n|-damage|p1a: Indeedee|19\/100\n|-unboost|p2b: Urshifu|def|1\n|-unboost|p2b: Urshifu|spd|1\n|move|p1b: Armarouge|Expanding Force|p2a: Farigiraf|[spread] p2a,p2b\n|-resisted|p2a: Farigiraf\n|-supereffective|p2b: Urshifu\n|-damage|p2a: Farigiraf|12\/100\n|-damage|p2b: Urshifu|0 fnt\n|-enditem|p2a: Farigiraf|Sitrus Berry|[eat]\n|-heal|p2a: Farigiraf|37\/100|[from] item: Sitrus Berry\n|faint|p2b: Urshifu\n|move|p2a: Farigiraf|Dazzling Gleam|p1b: Armarouge|[spread] p1a,p1b\n|-damage|p1a: Indeedee|7\/100\n|-damage|p1b: Armarouge|82\/100\n|\n|upkeep\n|\n|t:|1700618956\n|switch|p2b: Iron Hands|Iron Hands, L50|100\/100\n|turn|3\n|-message|kooumie forfeited.\n|\n|win|haamgamer07\n|raw|haamgamer07's rating: 1121 &rarr; <strong>1143<\/strong><br \/>(+22 for winning)\n|raw|kooumie's rating: 1083 &rarr; <strong>1063<\/strong><br \/>(-20 for losing)\n|l|\u203dkooumie\n","uploadtime":1700618976,"views":7,"p1id":"haamgamer07","p2id":"kooumie","formatid":"gen9vgc2023regulatione","rating":1063,"private":0,"password":""}