{"id":"gen9vgc2023regulatione-1992769510","p1":"casper6_14","p2":"colby2935","format":"[Gen 9] VGC 2023 Regulation E","log":"|j|\u2606casper6_14\n|j|\u2606colby2935\n|t:|1700233842\n|gametype|doubles\n|player|p1|casper6_14|102|1132\n|player|p2|colby2935|giovanni|1205\n|teamsize|p1|6\n|teamsize|p2|6\n|gen|9\n|tier|[Gen 9] VGC 2023 Regulation E\n|rated|\n|rule|Species Clause: Limit one of each Pok\u00e9mon\n|rule|Item Clause: Limit one of each item\n|clearpoke\n|poke|p1|Fezandipiti, L50, M|\n|poke|p1|Haxorus, L50, M|\n|poke|p1|Kingambit, L50, M|\n|poke|p1|Arcanine-Hisui, L50, F|\n|poke|p1|Heatran, L50, M|\n|poke|p1|Gholdengo, L50|\n|poke|p2|Medicham, L50, M|\n|poke|p2|Muk-Alola, L50, M|\n|poke|p2|Goodra-Hisui, L50, F|\n|poke|p2|Iron Bundle, L50|\n|poke|p2|Flutter Mane, L50|\n|poke|p2|Ogerpon, L50, F|\n|teampreview|4\ncolby2935 has agreed to open team sheets.\n|\n|t:|1700233867\n|start\n|switch|p1a: Fezandipiti|Fezandipiti, L50, M|100\/100\n|switch|p1b: Heatran|Heatran, L50, M|100\/100\n|switch|p2a: Iron Bundle|Iron Bundle, L50|100\/100\n|switch|p2b: Goodra|Goodra-Hisui, L50, F|100\/100\n|turn|1\n|\n|t:|1700233883\n|move|p1a: Fezandipiti|Icy Wind|p2b: Goodra|[spread] p2a,p2b\n|-resisted|p2a: Iron Bundle\n|-damage|p2a: Iron Bundle|97\/100\n|-damage|p2b: Goodra|96\/100\n|-unboost|p2a: Iron Bundle|spe|1\n|-unboost|p2b: Goodra|spe|1\n|-status|p2a: Iron Bundle|tox|[from] ability: Toxic Chain|[of] p1a: Fezandipiti\n|move|p2a: Iron Bundle|Hydro Pump|p1b: Heatran|[miss]\n|-miss|p2a: Iron Bundle|p1b: Heatran\n|move|p1b: Heatran|Heat Wave|p2b: Goodra|[spread] p2a,p2b\n|-damage|p2a: Iron Bundle|0 fnt\n|-damage|p2b: Goodra|57\/100\n|faint|p2a: Iron Bundle\n|-end|p2a: Iron Bundle|Quark Drive|[silent]\n|move|p2b: Goodra|Shelter|p2b: Goodra\n|-boost|p2b: Goodra|def|2\n|\n|-heal|p2b: Goodra|63\/100|[from] item: Leftovers\n|upkeep\n|\n|t:|1700233903\n|switch|p2a: Medicham|Medicham, L50, M|100\/100\n|turn|2\n|\n|t:|1700233908\n|move|p2a: Medicham|Fake Out|p1a: Fezandipiti\n|-damage|p1a: Fezandipiti|74\/100\n|-damage|p2a: Medicham|91\/100|[from] item: Life Orb\n|cant|p1a: Fezandipiti|flinch\n|move|p1b: Heatran|Heat Wave|p2a: Medicham|[spread] p2a,p2b\n|-damage|p2a: Medicham|0 fnt\n|-damage|p2b: Goodra|24\/100\n|-status|p2b: Goodra|brn\n|faint|p2a: Medicham\n|move|p2b: Goodra|Body Press|p1b: Heatran\n|-supereffective|p1b: Heatran\n|-crit|p1b: Heatran\n|-damage|p1b: Heatran|42\/100\n|\n|-heal|p2b: Goodra|30\/100 brn|[from] item: Leftovers\n|-damage|p2b: Goodra|24\/100 brn|[from] brn\n|upkeep\n|-message|colby2935 forfeited.\n|\n|win|casper6_14\n|raw|casper6_14's rating: 1132 &rarr; <strong>1162<\/strong><br \/>(+30 for winning)\n|raw|colby2935's rating: 1205 &rarr; <strong>1175<\/strong><br \/>(-30 for losing)\n|l|\u2606colby2935\n","uploadtime":1700233926,"views":17,"p1id":"casper614","p2id":"colby2935","formatid":"gen9vgc2023regulatione","rating":1162,"private":0,"password":""}