{"id":"gen9vgc2023regulatione-1988566145","p1":"crudo de fava","p2":"Ryugami0","format":"[Gen 9] VGC 2023 Regulation E","log":"|j|\u2606crudo de fava\n|j|\u2606Ryugami0\n|n|\u2606crudo de fava|crudodefava\n|n|\u2606Ryugami0|ryugami0\n|html|View the match progress at <a href=\"\/game-bestof3-gen9vgc2023regulatione-1988566144\">game-bestof3-gen9vgc2023regulatione-1988566144<\/a>\n|t:|1699736811\n|gametype|doubles\n|player|p1|crudo de fava|steven|\n|player|p2|Ryugami0|brycenman|\n|teamsize|p1|6\n|teamsize|p2|6\n|gen|9\n|tier|[Gen 9] VGC 2023 Regulation E\n|rule|Species Clause: Limit one of each Pok\u00e9mon\n|rule|Item Clause: Limit one of each item\n|clearpoke\n|poke|p1|Chien-Pao, L50|\n|poke|p1|Dragonite, L50, M|\n|poke|p1|Heatran, L50, M|\n|poke|p1|Farigiraf, L50, M|\n|poke|p1|Rillaboom, L50, F|\n|poke|p1|Urshifu-*, L50, M|\n|poke|p2|Tornadus, L50, M|\n|poke|p2|Flutter Mane, L50|\n|poke|p2|Rillaboom, L50, M|\n|poke|p2|Ogerpon-Hearthflame, L50, F|\n|poke|p2|Chien-Pao, L50|\n|poke|p2|Dragonite, L50, M|\n|teampreview|4\n|inactive|Battle timer is ON: inactive players will automatically lose when time's up. (requested by Ryugami0)\n|inactiveoff|Battle timer is now OFF.\ncrudo de fava has agreed to open team sheets.\nRyugami0 has agreed to open team sheets.\n|showteam|p1|Chien-Pao||FocusSash|SwordofRuin|IcicleCrash,Crunch,SuckerPunch,Protect||||||50|,,,,,Dark]Dragonite||ChoiceBand|InnerFocus|ExtremeSpeed,AerialAce,StompingTantrum,Outrage|||M|||50|,,,,,Normal]Heatran||AssaultVest|FlashFire|HeatWave,FlashCannon,EarthPower,TeraBlast|||M|||50|,,,,,Grass]Farigiraf||RockyHelmet|ArmorTail|Psychic,DazzlingGleam,TrickRoom,HelpingHand|||M|||50|,,,,,Fairy]Rillaboom||MiracleSeed|GrassySurge|WoodHammer,Protect,FakeOut,GrassyGlide|||F|||50|,,,,,Grass]Urshifu-Rapid-Strike||ChoiceScarf|UnseenFist|SurgingStrikes,CloseCombat,AquaJet,Uturn|||M|||50|,,,,,Water\n|showteam|p2|Tornadus||CovertCloak|Prankster|BleakwindStorm,SunnyDay,Tailwind,Taunt|||M|||50|,,,,,Dark]Flutter Mane||ChoiceSpecs|Protosynthesis|Moonblast,ShadowBall,DazzlingGleam,EnergyBall||||||50|,,,,,Fairy]Rillaboom||AssaultVest|GrassySurge|HighHorsepower,WoodHammer,GrassyGlide,FakeOut|||M|||50|,,,,,Water]Ogerpon-Hearthflame||HearthflameMask|MoldBreaker|IvyCudgel,SwordsDance,GrassyGlide,SpikyShield|||F|||50|,,,,,Fire]Chien-Pao||FocusSash|SwordofRuin|IcicleCrash,LashOut,SuckerPunch,Protect||||||50|,,,,,Ghost]Dragonite||ChoiceBand|InnerFocus|ExtremeSpeed,Outrage,StompingTantrum,AquaJet|||M|||50|,,,,,Normal\n|c|\u2606crudo de fava|dammi un aAttimo\n|inactive|Battle timer is ON: inactive players will automatically lose when time's up. (requested by Ryugami0)\n|c|\u2606Ryugami0|sisi\n|inactive|crudo de fava has 30 seconds left.\n|inactiveoff|Battle timer is now OFF.\n|j| Pokechiara\n|j| m4nabu\n|c|\u2606crudo de fava|eccomi scusa\n|c|\u2606Ryugami0|np\n|\n|t:|1699737367\n|start\n|switch|p1a: Farigiraf|Farigiraf, L50, M|100\/100\n|switch|p1b: Urshifu|Urshifu-Rapid-Strike, L50, M|100\/100\n|switch|p2a: DTP|Tornadus, L50, M|100\/100\n|switch|p2b: FlapFlap|Flutter Mane, L50|100\/100\n|turn|1\n|\n|t:|1699737394\n|switch|p1b: Heatran|Heatran, L50, M|100\/100\n|-terastallize|p2b: FlapFlap|Fairy\n|move|p2a: DTP|Sunny Day|p2a: DTP\n|-weather|SunnyDay\n|-activate|p2b: FlapFlap|ability: Protosynthesis\n|-start|p2b: FlapFlap|protosynthesisspa\n|move|p2b: FlapFlap|Moonblast|p1a: Farigiraf\n|-damage|p1a: Farigiraf|0 fnt\n|faint|p1a: Farigiraf\n|\n|-weather|SunnyDay|[upkeep]\n|upkeep\n|\n|t:|1699737430\n|switch|p1a: Chien-Pao|Chien-Pao, L50|100\/100\n|-ability|p1a: Chien-Pao|Sword of Ruin\n|turn|2\n|\n|t:|1699737449\n|-end|p2b: FlapFlap|Protosynthesis|[silent]\n|switch|p2b: GetPregnant|Rillaboom, L50, M|100\/100\n|-fieldstart|move: Grassy Terrain|[from] ability: Grassy Surge|[of] p2b: GetPregnant\n|move|p2a: DTP|Tailwind|p2a: DTP\n|-sidestart|p2: Ryugami0|move: Tailwind\n|move|p1a: Chien-Pao|Icicle Crash|p2b: GetPregnant\n|-supereffective|p2b: GetPregnant\n|-damage|p2b: GetPregnant|0 fnt\n|faint|p2b: GetPregnant\n|move|p1b: Heatran|Heat Wave|p2a: DTP\n|-damage|p2a: DTP|11\/100\n|\n|-weather|SunnyDay|[upkeep]\n|upkeep\n|\n|t:|1699737468\n|switch|p2b: FlapFlap|Flutter Mane, L50, tera:Fairy|100\/100\n|-activate|p2b: FlapFlap|ability: Protosynthesis\n|-start|p2b: FlapFlap|protosynthesisspa\n|turn|3\n|\n|t:|1699737512\n|move|p1a: Chien-Pao|Sucker Punch|p2a: DTP\n|-damage|p2a: DTP|0 fnt\n|faint|p2a: DTP\n|move|p2b: FlapFlap|Dazzling Gleam|p1b: Heatran|[spread] p1a,p1b\n|-supereffective|p1a: Chien-Pao\n|-resisted|p1b: Heatran\n|-enditem|p1a: Chien-Pao|Focus Sash\n|-damage|p1a: Chien-Pao|1\/100\n|-damage|p1b: Heatran|89\/100\n|move|p1b: Heatran|Flash Cannon|p2b: FlapFlap\n|-supereffective|p2b: FlapFlap\n|-damage|p2b: FlapFlap|18\/100\n|\n|-weather|SunnyDay|[upkeep]\n|-heal|p2b: FlapFlap|24\/100|[from] Grassy Terrain\n|-heal|p1a: Chien-Pao|7\/100|[from] Grassy Terrain\n|-heal|p1b: Heatran|95\/100|[from] Grassy Terrain\n|upkeep\n|\n|t:|1699737520\n|switch|p2a: Oppa|Chien-Pao, L50|100\/100\n|-ability|p2a: Oppa|Sword of Ruin\n|turn|4\n|\n|t:|1699737581\n|move|p2a: Oppa|Sucker Punch|p1a: Chien-Pao\n|-resisted|p1a: Chien-Pao\n|-damage|p1a: Chien-Pao|0 fnt\n|faint|p1a: Chien-Pao\n|move|p2b: FlapFlap|Dazzling Gleam|p1b: Heatran\n|-resisted|p1b: Heatran\n|-damage|p1b: Heatran|80\/100\n|move|p1b: Heatran|Heat Wave|p2b: FlapFlap|[spread] p2a,p2b\n|-supereffective|p2a: Oppa\n|-enditem|p2a: Oppa|Focus Sash\n|-damage|p2a: Oppa|1\/100\n|-damage|p2b: FlapFlap|0 fnt\n|faint|p2b: FlapFlap\n|-end|p2b: FlapFlap|Protosynthesis|[silent]\n|\n|-weather|SunnyDay|[upkeep]\n|-heal|p2a: Oppa|7\/100|[from] Grassy Terrain\n|-heal|p1b: Heatran|86\/100|[from] Grassy Terrain\n|upkeep\n|\n|t:|1699737592\n|switch|p1a: Urshifu|Urshifu-Rapid-Strike, L50, M|100\/100\n|turn|5\n|\n|t:|1699737601\n|move|p2a: Oppa|Icicle Crash|p1a: Urshifu\n|-resisted|p1a: Urshifu\n|-damage|p1a: Urshifu|72\/100\n|move|p1a: Urshifu|U-turn|p2a: Oppa\n|-supereffective|p2a: Oppa\n|-damage|p2a: Oppa|0 fnt\n|faint|p2a: Oppa\n|\n|win|crudo de fava\n|c|&|\/uhtml prompt-crudodefava,crudo de fava is ready for game 2!\n","uploadtime":1699737610,"views":54,"p1id":"crudodefava","p2id":"ryugami0","formatid":"gen9vgc2023regulatione","rating":0,"private":0,"password":""}