{"id":"gen9vgc2023regulatione-1994785365","p1":"Zmlt","p2":"i_epix","format":"[Gen 9] VGC 2023 Regulation E","log":"|j|\u2606Zmlt\n|j|\u2606i_epix\n|t:|1700492550\n|gametype|doubles\n|player|p1|Zmlt|1|1639\n|player|p2|i_epix|170|1562\n|teamsize|p1|6\n|teamsize|p2|6\n|gen|9\n|tier|[Gen 9] VGC 2023 Regulation E\n|rated|\n|rule|Species Clause: Limit one of each Pok\u00e9mon\n|rule|Item Clause: Limit one of each item\n|clearpoke\n|poke|p1|Landorus, L50, M|\n|poke|p1|Ninetales-Alola, L50, M|\n|poke|p1|Flutter Mane, L50|\n|poke|p1|Tornadus, L50, M|\n|poke|p1|Ogerpon-Hearthflame, L50, F|\n|poke|p1|Urshifu-*, L50, M|\n|poke|p2|Dondozo, L50, M|\n|poke|p2|Tatsugiri, L50, M|\n|poke|p2|Pawmot, L50, M|\n|poke|p2|Ogerpon-Hearthflame, L50, F|\n|poke|p2|Sinistcha, L50|\n|poke|p2|Farigiraf, L50, M|\n|teampreview|4\n|inactive|Battle timer is ON: inactive players will automatically lose when time's up. (requested by i_epix)\ni_epix rejected open team sheets.\n|\n|t:|1700492580\n|start\n|switch|p1a: Flutter Mane|Flutter Mane, L50|100\/100\n|switch|p1b: Landorus|Landorus, L50, M|100\/100\n|switch|p2a: Farigiraf|Farigiraf, L50, M|100\/100\n|switch|p2b: Ogerpon|Ogerpon-Hearthflame, L50, F|100\/100\n|-ability|p2b: Ogerpon|Mold Breaker\n|turn|1\n|\n|t:|1700492598\n|-terastallize|p2b: Ogerpon|Fire\n|detailschange|p2b: Ogerpon|Ogerpon-Hearthflame-Tera, L50, F, tera:Fire\n|-ability|p2b: Ogerpon|Embody Aspect (Hearthflame)|boost\n|-boost|p2b: Ogerpon|atk|1\n|move|p1a: Flutter Mane|Imprison|p1a: Flutter Mane\n|-start|p1a: Flutter Mane|move: Imprison\n|move|p1b: Landorus|Sandsear Storm|p2a: Farigiraf|[spread] p2a\n|-miss|p1b: Landorus|p2b: Ogerpon\n|-crit|p2a: Farigiraf\n|-damage|p2a: Farigiraf|9\/100\n|move|p2b: Ogerpon|Ivy Cudgel|p1b: Landorus|[anim] Ivy Cudgel Fire\n|-damage|p1b: Landorus|0 fnt\n|faint|p1b: Landorus\n|cant|p2a: Farigiraf|move: Imprison|Trick Room\n|\n|upkeep\n|\n|t:|1700492615\n|switch|p1b: Urshifu|Urshifu, L50, M|100\/100\n|turn|2\n|\n|t:|1700492632\n|move|p2a: Farigiraf|Helping Hand|p2b: Ogerpon\n|-singleturn|p2b: Ogerpon|Helping Hand|[of] p2a: Farigiraf\n|move|p1a: Flutter Mane|Dazzling Gleam|p2b: Ogerpon|[spread] p2a,p2b\n|-resisted|p2b: Ogerpon\n|-damage|p2a: Farigiraf|0 fnt\n|-damage|p2b: Ogerpon|83\/100\n|faint|p2a: Farigiraf\n|move|p1b: Urshifu|Wicked Blow|p2b: Ogerpon\n|-crit|p2b: Ogerpon\n|-damage|p2b: Ogerpon|0 fnt\n|faint|p2b: Ogerpon\n|\n|upkeep\n|\n|t:|1700492641\n|switch|p2b: Tatsugiri|Tatsugiri, L50, M|100\/100\n|switch|p2a: Dondozo|Dondozo, L50, M|100\/100\n|-activate|p2b: Tatsugiri|ability: Commander|[of] p2a: Dondozo\n|-boost|p2a: Dondozo|atk|2\n|-boost|p2a: Dondozo|spa|2\n|-boost|p2a: Dondozo|spe|2\n|-boost|p2a: Dondozo|def|2\n|-boost|p2a: Dondozo|spd|2\n|turn|3\n|\n|t:|1700492657\n|-terastallize|p1a: Flutter Mane|Fairy\n|move|p1a: Flutter Mane|Moonblast|p2a: Dondozo\n|-damage|p2a: Dondozo|63\/100\n|move|p1b: Urshifu|Wicked Blow|p2a: Dondozo\n|-crit|p2a: Dondozo\n|-damage|p2a: Dondozo|8\/100\n|move|p2a: Dondozo|Order Up|p1b: Urshifu\n|-damage|p1b: Urshifu|50\/100\n|-boost|p2a: Dondozo|atk|1\n|\n|-heal|p2a: Dondozo|14\/100|[from] item: Leftovers\n|upkeep\n|turn|4\n|\n|t:|1700492675\n|move|p1a: Flutter Mane|Moonblast|p2a: Dondozo\n|-crit|p2a: Dondozo\n|-damage|p2a: Dondozo|0 fnt\n|faint|p2a: Dondozo\n|move|p1b: Urshifu|Wicked Blow|p2b: Tatsugiri\n|-crit|p2b: Tatsugiri\n|-damage|p2b: Tatsugiri|0 fnt\n|faint|p2b: Tatsugiri\n|\n|win|Zmlt\n|raw|Zmlt's rating: 1639 &rarr; <strong>1655<\/strong><br \/>(+16 for winning)\n|raw|i_epix's rating: 1562 &rarr; <strong>1546<\/strong><br \/>(-16 for losing)\n|l|\u2606i_epix\n","uploadtime":1700492690,"views":2,"p1id":"zmlt","p2id":"iepix","formatid":"gen9vgc2023regulatione","rating":1546,"private":0,"password":""}