{"id":"gen9vgc2023regulatione-1995554501","p1":"secretstudent","p2":"lagodude","format":"[Gen 9] VGC 2023 Regulation E","log":"|j|\u2606secretstudent\n|j|\u2606lagodude\n|t:|1700582414\n|gametype|doubles\n|player|p1|secretstudent|beauty|1047\n|player|p2|lagodude|266|1092\n|teamsize|p1|6\n|teamsize|p2|6\n|gen|9\n|tier|[Gen 9] VGC 2023 Regulation E\n|rated|\n|rule|Species Clause: Limit one of each Pok\u00e9mon\n|rule|Item Clause: Limit one of each item\n|clearpoke\n|poke|p1|Chien-Pao, L50|\n|poke|p1|Amoonguss, L50, F|\n|poke|p1|Hatterene, L50, F|\n|poke|p1|Gyarados, L50, M|\n|poke|p1|Volcarona, L50, F|\n|poke|p1|Ogerpon, L50, F|\n|poke|p2|Charizard, L50, M|\n|poke|p2|Sableye, L50, F|\n|poke|p2|Roaring Moon, L50|\n|poke|p2|Iron Hands, L50|\n|poke|p2|Gholdengo, L50|\n|poke|p2|Amoonguss, L50, F|\n|teampreview|4\n|inactive|Battle timer is ON: inactive players will automatically lose when time's up. (requested by lagodude)\n|l|\u2606secretstudent\n|inactive|secretstudent disconnected and has a minute to reconnect!\n|player|p1|\n|j|\u2606secretstudent\n|inactive|secretstudent reconnected and has 80 seconds left.\n|player|p1|secretstudent|beauty\n|inactive|secretstudent has 60 seconds left.\n|\n|t:|1700582466\n|start\n|switch|p1a: Chien-Pao|Chien-Pao, L50|100\/100\n|switch|p1b: Gyarados|Gyarados, L50, M|100\/100\n|switch|p2a: Charizard|Charizard, L50, M|100\/100\n|switch|p2b: Sableye|Sableye, L50, F|100\/100\n|-ability|p1a: Chien-Pao|Sword of Ruin\n|-ability|p1b: Gyarados|Intimidate|boost\n|-unboost|p2a: Charizard|atk|1\n|-unboost|p2b: Sableye|atk|1\n|turn|1\n|inactive|secretstudent has 30 seconds left.\n|inactive|secretstudent has 20 seconds left.\n|\n|t:|1700582504\n|move|p2b: Sableye|Sunny Day|p2b: Sableye\n|-weather|SunnyDay\n|move|p2a: Charizard|Heat Wave|p1b: Gyarados|[spread] \n|-miss|p2a: Charizard|p1a: Chien-Pao\n|-miss|p2a: Charizard|p1b: Gyarados\n|move|p1a: Chien-Pao|Icicle Crash|p2a: Charizard\n|-damage|p2a: Charizard|12\/100\n|move|p1b: Gyarados|Taunt|p2b: Sableye\n|-start|p2b: Sableye|move: Taunt\n|\n|-weather|SunnyDay|[upkeep]\n|-damage|p2a: Charizard|0 fnt|[from] ability: Solar Power|[of] p2a: Charizard\n|faint|p2a: Charizard\n|upkeep\n|-message|lagodude forfeited.\n|\n|win|secretstudent\n|raw|secretstudent's rating: 1047 &rarr; <strong>1084<\/strong><br \/>(+37 for winning)\n|raw|lagodude's rating: 1092 &rarr; <strong>1065<\/strong><br \/>(-27 for losing)\n|l|\u2606lagodude\n","uploadtime":1700582516,"views":0,"p1id":"secretstudent","p2id":"lagodude","formatid":"gen9vgc2023regulatione","rating":1065,"private":0,"password":""}