{"id":"gen9vgc2023regulatione-1991922471","p1":"The Main Flutter","p2":"ShadowTriad Lazer","format":"[Gen 9] VGC 2023 Regulation E","log":"|j|\u2606The Main Flutter\n|j|\u2606ShadowTriad Lazer\n|t:|1700138555\n|gametype|doubles\n|player|p1|The Main Flutter|ethan|1172\n|player|p2|ShadowTriad Lazer|shadowtriad|1151\n|teamsize|p1|6\n|teamsize|p2|6\n|gen|9\n|tier|[Gen 9] VGC 2023 Regulation E\n|rated|\n|rule|Species Clause: Limit one of each Pok\u00e9mon\n|rule|Item Clause: Limit one of each item\n|clearpoke\n|poke|p1|Flutter Mane, L50|\n|poke|p1|Chien-Pao, L50|\n|poke|p1|Amoonguss, L50, F|\n|poke|p1|Ogerpon-Hearthflame, L50, F|\n|poke|p1|Landorus-Therian, L50, M|\n|poke|p1|Kingambit, L50, M|\n|poke|p2|Sneasler, L50, F|\n|poke|p2|Weavile, L50, M|\n|poke|p2|Sneasel, L50, M|\n|poke|p2|Espeon, L50, F|\n|poke|p2|Chandelure, L50, M|\n|poke|p2|Milotic, L50, F|\n|teampreview|4\n|inactive|Battle timer is ON: inactive players will automatically lose when time's up. (requested by The Main Flutter)\n|c|\u2606The Main Flutter|huh\n|c|\u2606The Main Flutter|thats a lot of weaviles\n|c|\u2606The Main Flutter|whole weavile line\n|c|\u2606ShadowTriad Lazer|Only 1\n|inactive|The Main Flutter has 60 seconds left.\n|inactive|ShadowTriad Lazer has 60 seconds left.\n|inactive|The Main Flutter has 30 seconds left.\n|\n|t:|1700138618\n|start\n|switch|p1a: Dog-Pao|Chien-Pao, L50|100\/100\n|switch|p1b: The king|Kingambit, L50, M, shiny|100\/100\n|switch|p2a: Sneasel|Sneasel, L50, M|100\/100\n|switch|p2b: Chandelure|Chandelure, L50, M|100\/100\n|-ability|p1a: Dog-Pao|Sword of Ruin\n|turn|1\n|\n|t:|1700138643\n|move|p1a: Dog-Pao|Sucker Punch||[still]\n|-fail|p1a: Dog-Pao\n|move|p1b: The king|Sucker Punch||[still]\n|-fail|p1b: The king\n|move|p2b: Chandelure|Will-O-Wisp|p1a: Dog-Pao\n|-status|p1a: Dog-Pao|brn\n|move|p2a: Sneasel|Low Kick|p1b: The king\n|-supereffective|p1b: The king\n|-damage|p1b: The king|0 fnt\n|faint|p1b: The king\n|\n|-damage|p1a: Dog-Pao|95\/100 brn|[from] brn\n|upkeep\n|\n|t:|1700138648\n|switch|p1b: The Main Flutter|Flutter Mane, L50|100\/100\n|-enditem|p1b: The Main Flutter|Booster Energy\n|-activate|p1b: The Main Flutter|ability: Protosynthesis|[fromitem]\n|-start|p1b: The Main Flutter|protosynthesisspe\n|turn|2\n|c|\u2606The Main Flutter|NOO\n|inactive|ShadowTriad Lazer has 30 seconds left.\n|\n|t:|1700138679\n|switch|p2b: Milotic|Milotic, L50, F|100\/100\n|move|p1b: The Main Flutter|Shadow Ball|p2b: Milotic\n|-damage|p2b: Milotic|75\/100\n|move|p1a: Dog-Pao|Ice Spinner|p2a: Sneasel\n|-resisted|p2a: Sneasel\n|-damage|p2a: Sneasel|75\/100\n|move|p2a: Sneasel|Low Kick|p1a: Dog-Pao\n|-supereffective|p1a: Dog-Pao\n|-damage|p1a: Dog-Pao|0 fnt\n|faint|p1a: Dog-Pao\n|\n|upkeep\n|\n|t:|1700138687\n|switch|p1a: Get intimidated|Landorus-Therian, L50, M|100\/100\n|-ability|p1a: Get intimidated|Intimidate|boost\n|-fail|p2a: Sneasel|unboost|Attack|[from] ability: Inner Focus|[of] p2a: Sneasel\n|-unboost|p2b: Milotic|atk|1\n|turn|3\n|inactive|ShadowTriad Lazer has 30 seconds left.\n|\n|t:|1700138714\n|switch|p2a: Chandelure|Chandelure, L50, M|100\/100\n|move|p1b: The Main Flutter|Dazzling Gleam|p2b: Milotic|[spread] p2a,p2b\n|-resisted|p2a: Chandelure\n|-damage|p2a: Chandelure|75\/100\n|-damage|p2b: Milotic|55\/100\n|move|p1a: Get intimidated|Rock Slide|p2b: Milotic|[spread] p2a,p2b\n|-supereffective|p2a: Chandelure\n|-damage|p2a: Chandelure|8\/100\n|-damage|p2b: Milotic|36\/100\n|-enditem|p2b: Milotic|Kee Berry|[eat]\n|-boost|p2b: Milotic|def|1|[from] item: Kee Berry\n|move|p2b: Milotic|Icy Wind|p1b: The Main Flutter|[spread] p1a,p1b\n|-supereffective|p1a: Get intimidated\n|-damage|p1a: Get intimidated|52\/100\n|-damage|p1b: The Main Flutter|90\/100\n|-unboost|p1a: Get intimidated|spe|1\n|-unboost|p1b: The Main Flutter|spe|1\n|\n|upkeep\n|turn|4\n|\n|t:|1700138738\n|-terastallize|p2a: Chandelure|Ghost\n|move|p2a: Chandelure|Shadow Ball|p1b: The Main Flutter\n|-supereffective|p1b: The Main Flutter\n|-damage|p1b: The Main Flutter|0 fnt\n|faint|p1b: The Main Flutter\n|-end|p1b: The Main Flutter|Protosynthesis|[silent]\n|move|p1a: Get intimidated|Rock Slide|p2a: Chandelure|[spread] p2a,p2b\n|-damage|p2a: Chandelure|0 fnt\n|-damage|p2b: Milotic|24\/100\n|faint|p2a: Chandelure\n|cant|p2b: Milotic|flinch\n|\n|upkeep\n|-message|The Main Flutter forfeited.\n|\n|win|ShadowTriad Lazer\n|raw|The Main Flutter's rating: 1172 &rarr; <strong>1145<\/strong><br \/>(-27 for losing)\n|raw|ShadowTriad Lazer's rating: 1151 &rarr; <strong>1178<\/strong><br \/>(+27 for winning)\n|l|\u2606The Main Flutter\n","uploadtime":1700138833,"views":26,"p1id":"themainflutter","p2id":"shadowtriadlazer","formatid":"gen9vgc2023regulatione","rating":1145,"private":0,"password":""}