{"id":"gen9vgc2023regulatione-1991161366","p1":"InactI","p2":"I Hit It Better","format":"[Gen 9] VGC 2023 Regulation E","log":"|j|\u2606InactI\n|j|\u2606I Hit It Better\n|t:|1700051950\n|gametype|doubles\n|player|p1|InactI|unknown|1170\n|player|p2|I Hit It Better|youngathlete|1209\n|teamsize|p1|6\n|teamsize|p2|6\n|gen|9\n|tier|[Gen 9] VGC 2023 Regulation E\n|rated|\n|rule|Species Clause: Limit one of each Pok\u00e9mon\n|rule|Item Clause: Limit one of each item\n|clearpoke\n|poke|p1|Sinistcha-Masterpiece, L50|\n|poke|p1|Snorlax, L50, F|\n|poke|p1|Iron Hands, L50|\n|poke|p1|Clefairy, L50, F|\n|poke|p1|Landorus-Therian, L50, M|\n|poke|p1|Kommo-o, L50, F|\n|poke|p2|Flutter Mane, L50|\n|poke|p2|Iron Hands, L50|\n|poke|p2|Landorus-Therian, L50, M|\n|poke|p2|Ogerpon-Wellspring, L50, F|\n|poke|p2|Heatran, L50, F|\n|poke|p2|Amoonguss, L50, M|\n|teampreview|4\n|\n|t:|1700052018\n|start\n|switch|p1a: Landorus|Landorus-Therian, L50, M|100\/100\n|switch|p1b: Snorlax|Snorlax, L50, F|100\/100\n|switch|p2a: Flutter Mane|Flutter Mane, L50, shiny|100\/100\n|switch|p2b: Amoonguss|Amoonguss, L50, M|100\/100\n|-ability|p1a: Landorus|Intimidate|boost\n|-unboost|p2a: Flutter Mane|atk|1\n|-unboost|p2b: Amoonguss|atk|1\n|turn|1\n|\n|t:|1700052041\n|-terastallize|p1a: Landorus|Flying\n|move|p1a: Landorus|Tera Blast|p2b: Amoonguss|[anim] Tera Blast Flying\n|-supereffective|p2b: Amoonguss\n|-damage|p2b: Amoonguss|2\/100\n|-enditem|p2b: Amoonguss|Sitrus Berry|[eat]\n|-heal|p2b: Amoonguss|27\/100|[from] item: Sitrus Berry\n|move|p2a: Flutter Mane|Moonblast|p1a: Landorus\n|-damage|p1a: Landorus|7\/100\n|move|p2b: Amoonguss|Spore|p1b: Snorlax\n|-status|p1b: Snorlax|slp|[from] move: Spore\n|cant|p1b: Snorlax|slp\n|\n|upkeep\n|turn|2\n|-message|InactI forfeited.\n|\n|win|I Hit It Better\n|raw|InactI's rating: 1170 &rarr; <strong>1148<\/strong><br \/>(-22 for losing)\n|raw|I Hit It Better's rating: 1209 &rarr; <strong>1231<\/strong><br \/>(+22 for winning)\n|l|\u2606InactI\n","uploadtime":1700052058,"views":7,"p1id":"inacti","p2id":"ihititbetter","formatid":"gen9vgc2023regulatione","rating":1148,"private":0,"password":""}