{"id":"gen9vgc2023regulatione-1991734442","p1":"Postitobrien","p2":"xomni","format":"[Gen 9] VGC 2023 Regulation E","log":"|j|\u2606Postitobrien\n|j|\u2606xomni\n|t:|1700108578\n|gametype|doubles\n|player|p1|Postitobrien|1|1338\n|player|p2|xomni|170|1400\n|teamsize|p1|6\n|teamsize|p2|6\n|gen|9\n|tier|[Gen 9] VGC 2023 Regulation E\n|rated|\n|rule|Species Clause: Limit one of each Pok\u00e9mon\n|rule|Item Clause: Limit one of each item\n|clearpoke\n|poke|p1|Farigiraf, L50, F|\n|poke|p1|Arcanine-Hisui, L50, M|\n|poke|p1|Trevenant, L50, F|\n|poke|p1|Kingambit, L50, M|\n|poke|p1|Annihilape, L50, M|\n|poke|p1|Clefairy, L50, M|\n|poke|p2|Tornadus, L50, M|\n|poke|p2|Flutter Mane, L50|\n|poke|p2|Urshifu-*, L50, F|\n|poke|p2|Heatran, L50, M|\n|poke|p2|Farigiraf, L50, M|\n|poke|p2|Regidrago, L50|\n|teampreview|4\nPostitobrien has agreed to open team sheets.\n|inactive|Battle timer is ON: inactive players will automatically lose when time's up. (requested by xomni)\n|\n|t:|1700108653\n|start\n|switch|p1a: Farigiraf|Farigiraf, L50, F|100\/100\n|switch|p1b: Annihilape|Annihilape, L50, M|100\/100\n|switch|p2a: Urshifu|Urshifu, L50, F|100\/100\n|switch|p2b: Farigiraf|Farigiraf, L50, M|100\/100\n|turn|1\n|inactive|Postitobrien has 30 seconds left.\n|inactive|Postitobrien has 20 seconds left.\n|inactive|Postitobrien has 15 seconds left.\n|\n|t:|1700108697\n|-terastallize|p2a: Urshifu|Dark\n|-terastallize|p1b: Annihilape|Fire\n|move|p2a: Urshifu|Wicked Blow|p1b: Annihilape\n|-crit|p1b: Annihilape\n|-damage|p1b: Annihilape|28\/100\n|move|p1b: Annihilape|Bulk Up|p1b: Annihilape\n|-boost|p1b: Annihilape|atk|1\n|-boost|p1b: Annihilape|def|1\n|move|p2b: Farigiraf|Imprison|p2b: Farigiraf\n|-start|p2b: Farigiraf|move: Imprison\n|cant|p1a: Farigiraf|move: Imprison|Dazzling Gleam\n|\n|-heal|p1b: Annihilape|35\/100|[from] item: Leftovers\n|upkeep\n|turn|2\n|inactive|Postitobrien has 30 seconds left.\n|inactive|xomni has 30 seconds left.\n|inactive|Postitobrien has 20 seconds left.\n|inactive|xomni has 20 seconds left.\n|inactive|Postitobrien has 15 seconds left.\n|\n|t:|1700108742\n|switch|p2b: Heatran|Heatran, L50, M|100\/100\n|switch|p1a: Arcanine|Arcanine-Hisui, L50, M|100\/100\n|-ability|p1a: Arcanine|Intimidate|boost\n|-unboost|p2a: Urshifu|atk|1\n|-unboost|p2b: Heatran|atk|1\n|move|p2a: Urshifu|Wicked Blow|p1b: Annihilape\n|-crit|p1b: Annihilape\n|-damage|p1b: Annihilape|0 fnt\n|faint|p1b: Annihilape\n|\n|upkeep\n|\n|t:|1700108753\n|switch|p1b: Farigiraf|Farigiraf, L50, F|100\/100\n|turn|3\n|\n|t:|1700108774\n|move|p2a: Urshifu|Wicked Blow|p1b: Farigiraf\n|-supereffective|p1b: Farigiraf\n|-crit|p1b: Farigiraf\n|-damage|p1b: Farigiraf|0 fnt\n|faint|p1b: Farigiraf\n|move|p1a: Arcanine|Rock Slide|p2b: Heatran|[spread] p2a,p2b\n|-damage|p2a: Urshifu|56\/100\n|-damage|p2b: Heatran|60\/100\n|move|p2b: Heatran|Earth Power|p1a: Arcanine\n|-supereffective|p1a: Arcanine\n|-damage|p1a: Arcanine|0 fnt\n|faint|p1a: Arcanine\n|\n|upkeep\n|\n|t:|1700108786\n|switch|p1b: Kingambit|Kingambit, L50, M|100\/100\n|turn|4\n|-message|Postitobrien forfeited.\n|\n|win|xomni\n|raw|Postitobrien's rating: 1338 &rarr; <strong>1322<\/strong><br \/>(-16 for losing)\n|raw|xomni's rating: 1400 &rarr; <strong>1416<\/strong><br \/>(+16 for winning)\n|l|\u2606Postitobrien\n","uploadtime":1700108797,"views":36,"p1id":"postitobrien","p2id":"xomni","formatid":"gen9vgc2023regulatione","rating":1322,"private":0,"password":""}