{"id":"gen9vgc2023regulatione-1996499120","p1":"Lumaris","p2":"TheScarySmoliv","format":"[Gen 9] VGC 2023 Regulation E","log":"|j|\u2606Lumaris\n|j|\u2606TheScarySmoliv\n|t:|1700687950\n|gametype|doubles\n|player|p1|Lumaris|brendan|\n|player|p2|TheScarySmoliv|argenta|\n|teamsize|p1|6\n|teamsize|p2|6\n|gen|9\n|tier|[Gen 9] VGC 2023 Regulation E\n|rule|Species Clause: Limit one of each Pok\u00e9mon\n|rule|Item Clause: Limit one of each item\n|clearpoke\n|poke|p1|Donphan, L50, M|\n|poke|p1|Regieleki, L50|\n|poke|p1|Kommo-o, L50, F|\n|poke|p1|Volcarona, L50, M|\n|poke|p1|Azelf, L50|\n|poke|p1|Tinkaton, L50, F|\n|poke|p2|Heatran, L50, F|\n|poke|p2|Quaquaval, L50, F|\n|poke|p2|Dugtrio, L50, M|\n|poke|p2|Eelektross, L50, F|\n|poke|p2|Hatterene, L50, F|\n|poke|p2|Tsareena, L50, F|\n|teampreview|4\n|c|\u2606TheScarySmoliv|g1\nTheScarySmoliv rejected open team sheets.\n|c|\u2606Lumaris|Glhf!\n|c|\u2606Lumaris|Oh mb i thought i did bo3\n|c|\u2606TheScarySmoliv|heatran fairy\n|c|\u2606TheScarySmoliv|quaquaval grass\n|c|\u2606TheScarySmoliv|dugtrio ghost\n|c|\u2606TheScarySmoliv|eelektross dragon\n|c|\u2606TheScarySmoliv|hatterene fairy\n|c|\u2606TheScarySmoliv|tsareena fire\n|c|\u2606Lumaris|Donphan ice\n|c|\u2606Lumaris|Eleki ice\n|c|\u2606Lumaris|Kommo-o steel\n|c|\u2606Lumaris|Volc ground\n|c|\u2606Lumaris|Azelf fighting\n|c|\u2606Lumaris|Tink fairy\n|c|\u2606TheScarySmoliv|glhf\n|\n|t:|1700688157\n|start\n|switch|p1a: Tinkaton|Tinkaton, L50, F|100\/100\n|switch|p1b: Regieleki|Regieleki, L50|100\/100\n|switch|p2a: Dugtrio|Dugtrio, L50, M|100\/100\n|switch|p2b: Quaquaval|Quaquaval, L50, F|100\/100\n|-ability|p1a: Tinkaton|Mold Breaker\n|turn|1\n|\n|t:|1700688190\n|-terastallize|p2a: Dugtrio|Ghost\n|-terastallize|p1b: Regieleki|Ice\n|move|p2b: Quaquaval|Detect|p2b: Quaquaval\n|-singleturn|p2b: Quaquaval|Protect\n|move|p1a: Tinkaton|Fake Out|p2a: Dugtrio\n|-immune|p2a: Dugtrio\n|move|p2a: Dugtrio|Earthquake|p1a: Tinkaton|[spread] p1a,p1b\n|-activate|p2b: Quaquaval|move: Protect\n|-supereffective|p1a: Tinkaton\n|-crit|p1a: Tinkaton\n|-crit|p1b: Regieleki\n|-damage|p1a: Tinkaton|0 fnt\n|-enditem|p1b: Regieleki|Focus Sash\n|-damage|p1b: Regieleki|1\/100\n|faint|p1a: Tinkaton\n|move|p1b: Regieleki|Tera Blast|p2a: Dugtrio|[anim] Tera Blast Ice\n|-damage|p2a: Dugtrio|17\/100\n|\n|upkeep\n|\n|t:|1700688200\n|switch|p1a: Kommo-o|Kommo-o, L50, F|100\/100\n|turn|2\n|\n|t:|1700688250\n|switch|p2a: Heatran|Heatran, L50, F|100\/100\n|move|p2b: Quaquaval|Aqua Jet|p1b: Regieleki\n|-damage|p1b: Regieleki|0 fnt\n|faint|p1b: Regieleki\n|-ability|p2b: Quaquaval|Moxie|boost\n|-boost|p2b: Quaquaval|atk|1\n|move|p1a: Kommo-o|Clangorous Soul|p1a: Kommo-o\n|-boost|p1a: Kommo-o|atk|1\n|-boost|p1a: Kommo-o|def|1\n|-boost|p1a: Kommo-o|spa|1\n|-boost|p1a: Kommo-o|spd|1\n|-boost|p1a: Kommo-o|spe|1\n|-damage|p1a: Kommo-o|68\/100\n|-enditem|p1a: Kommo-o|Throat Spray\n|-boost|p1a: Kommo-o|spa|1|[from] item: Throat Spray\n|\n|upkeep\n|\n|t:|1700688255\n|switch|p1b: Donphan|Donphan, L50, M|100\/100\n|turn|3\n|\n|t:|1700688294\n|move|p2a: Heatran|Protect|p2a: Heatran\n|-singleturn|p2a: Heatran|Protect\n|move|p1a: Kommo-o|Clanging Scales|p2a: Heatran|[spread] p2b\n|-activate|p2a: Heatran|move: Protect\n|-damage|p2b: Quaquaval|5\/100\n|-unboost|p1a: Kommo-o|def|1\n|move|p2b: Quaquaval|Close Combat|p1a: Kommo-o\n|-damage|p1a: Kommo-o|0 fnt\n|-unboost|p2b: Quaquaval|def|1\n|-unboost|p2b: Quaquaval|spd|1\n|faint|p1a: Kommo-o\n|-ability|p2b: Quaquaval|Moxie|boost\n|-boost|p2b: Quaquaval|atk|1\n|move|p1b: Donphan|High Horsepower|p2a: Heatran\n|-activate|p2a: Heatran|move: Protect\n|\n|upkeep\n|turn|4\n|\n|t:|1700688314\n|move|p2b: Quaquaval|Close Combat|p1b: Donphan\n|-damage|p1b: Donphan|9\/100\n|-unboost|p2b: Quaquaval|def|1\n|-unboost|p2b: Quaquaval|spd|1\n|move|p2a: Heatran|Flash Cannon|p1b: Donphan\n|-damage|p1b: Donphan|0 fnt\n|faint|p1b: Donphan\n|\n|win|TheScarySmoliv\n|c|\u2606TheScarySmoliv|gg\n|c|\u2606Lumaris|Gg\n","uploadtime":1700688743,"views":28,"p1id":"lumaris","p2id":"thescarysmoliv","formatid":"gen9vgc2023regulatione","rating":0,"private":0,"password":""}