{"id":"gen9vgc2023regulatione-1996354412","p1":"hnefl","p2":"Jungle211","format":"[Gen 9] VGC 2023 Regulation E","log":"|j|\u2606hnefl\n|j|\u2606Jungle211\n|t:|1700674066\n|gametype|doubles\n|player|p1|hnefl|169|1325\n|player|p2|Jungle211|burglar|1349\n|teamsize|p1|6\n|teamsize|p2|6\n|gen|9\n|tier|[Gen 9] VGC 2023 Regulation E\n|rated|\n|rule|Species Clause: Limit one of each Pok\u00e9mon\n|rule|Item Clause: Limit one of each item\n|clearpoke\n|poke|p1|Flutter Mane, L50|\n|poke|p1|Chi-Yu, L50|\n|poke|p1|Tornadus, L50, M|\n|poke|p1|Gholdengo, L50|\n|poke|p1|Landorus-Therian, L50, M|\n|poke|p1|Ogerpon-Hearthflame, L50, F|\n|poke|p2|Chi-Yu, L50|\n|poke|p2|Ogerpon-Wellspring, L50, F|\n|poke|p2|Orthworm, L50, M|\n|poke|p2|Ursaluna, L50, F|\n|poke|p2|Indeedee-F, L50, F|\n|poke|p2|Zapdos, L50|\n|teampreview|4\n|\n|t:|1700674117\n|start\n|switch|p1a: Chi-Yu|Chi-Yu, L50|100\/100\n|switch|p1b: Flutter Mane|Flutter Mane, L50|100\/100\n|switch|p2a: Indeedee|Indeedee-F, L50, F|100\/100\n|switch|p2b: Ogerpon|Ogerpon-Wellspring, L50, F|100\/100\n|-ability|p1a: Chi-Yu|Beads of Ruin\n|-fieldstart|move: Psychic Terrain|[from] ability: Psychic Surge|[of] p2a: Indeedee\n|turn|1\n|\n|t:|1700674137\n|move|p2b: Ogerpon|Follow Me|p2b: Ogerpon\n|-singleturn|p2b: Ogerpon|move: Follow Me\n|move|p1a: Chi-Yu|Heat Wave|p2a: Indeedee|[spread] p2a,p2b\n|-damage|p2a: Indeedee|43\/100\n|-damage|p2b: Ogerpon|45\/100\n|move|p1b: Flutter Mane|Dazzling Gleam|p2a: Indeedee|[spread] p2a,p2b\n|-damage|p2a: Indeedee|0 fnt\n|-damage|p2b: Ogerpon|0 fnt\n|faint|p2a: Indeedee\n|faint|p2b: Ogerpon\n|\n|upkeep\n|-message|Jungle211 forfeited.\n|\n|win|hnefl\n|raw|hnefl's rating: 1325 &rarr; <strong>1346<\/strong><br \/>(+21 for winning)\n|raw|Jungle211's rating: 1349 &rarr; <strong>1328<\/strong><br \/>(-21 for losing)\n|l|\u2606Jungle211\n","uploadtime":1700674154,"views":6,"p1id":"hnefl","p2id":"jungle211","formatid":"gen9vgc2023regulatione","rating":1328,"private":0,"password":""}