{"id":"gen9vgc2023regulatione-1996440034","p1":"T1GERH3ART","p2":"wu1fan","format":"[Gen 9] VGC 2023 Regulation E","log":"|j|\u2606T1GERH3ART\n|j|\u2606wu1fan\n|t:|1700682192\n|gametype|doubles\n|player|p1|T1GERH3ART|ethan|1239\n|player|p2|wu1fan|102|1243\n|teamsize|p1|6\n|teamsize|p2|6\n|gen|9\n|tier|[Gen 9] VGC 2023 Regulation E\n|rated|\n|rule|Species Clause: Limit one of each Pok\u00e9mon\n|rule|Item Clause: Limit one of each item\n|clearpoke\n|poke|p1|Urshifu-*, L50, M|\n|poke|p1|Chien-Pao, L50|\n|poke|p1|Tornadus, L50, M|\n|poke|p1|Heatran, L50, M|\n|poke|p1|Flutter Mane, L50|\n|poke|p1|Ogerpon-Wellspring, L50, F|\n|poke|p2|Arcanine-Hisui, L50, M|\n|poke|p2|Baxcalibur, L50, M|\n|poke|p2|Ninetales-Alola, L50, F|\n|poke|p2|Ogerpon-Wellspring, L50, F|\n|poke|p2|Iron Hands, L50|\n|poke|p2|Flutter Mane, L50|\n|teampreview|4\n|inactive|Battle timer is ON: inactive players will automatically lose when time's up. (requested by T1GERH3ART)\n|\n|t:|1700682221\n|start\n|switch|p1a: Urshifu|Urshifu-Rapid-Strike, L50, M|100\/100\n|switch|p1b: Chien-Pao|Chien-Pao, L50|100\/100\n|switch|p2a: Iron Hands|Iron Hands, L50|100\/100\n|switch|p2b: Flutter Mane|Flutter Mane, L50|100\/100\n|-ability|p1b: Chien-Pao|Sword of Ruin\n|-enditem|p2b: Flutter Mane|Booster Energy\n|-activate|p2b: Flutter Mane|ability: Protosynthesis|[fromitem]\n|-start|p2b: Flutter Mane|protosynthesisspe\n|turn|1\n|inactive|wu1fan has 30 seconds left.\n|\n|t:|1700682250\n|-terastallize|p2b: Flutter Mane|Fairy\n|-terastallize|p1b: Chien-Pao|Ghost\n|move|p2a: Iron Hands|Fake Out|p2b: Flutter Mane\n|-damage|p2b: Flutter Mane|56\/100\n|cant|p2b: Flutter Mane|flinch\n|move|p1b: Chien-Pao|Icicle Crash|p2a: Iron Hands\n|-damage|p2a: Iron Hands|61\/100\n|move|p1a: Urshifu|Surging Strikes|p2b: Flutter Mane\n|-crit|p2b: Flutter Mane\n|-damage|p2b: Flutter Mane|0 fnt\n|faint|p2b: Flutter Mane\n|-end|p2b: Flutter Mane|Protosynthesis|[silent]\n|-hitcount|p2: Flutter Mane|1\n|\n|upkeep\n|-message|wu1fan forfeited.\n|\n|win|T1GERH3ART\n|raw|T1GERH3ART's rating: 1239 &rarr; <strong>1264<\/strong><br \/>(+25 for winning)\n|raw|wu1fan's rating: 1243 &rarr; <strong>1218<\/strong><br \/>(-25 for losing)\n|l|\u2606wu1fan\n","uploadtime":1700682271,"views":0,"p1id":"t1gerh3art","p2id":"wu1fan","formatid":"gen9vgc2023regulatione","rating":1218,"private":0,"password":""}