{"id":"gen9vgc2023regulatione-1990024513","p1":"cleardaydreaming","p2":"Lievt","format":"[Gen 9] VGC 2023 Regulation E","log":"|j|\u2606cleardaydreaming\n|j|\u2606Lievt\n|t:|1699916510\n|gametype|doubles\n|player|p1|cleardaydreaming|winona|1237\n|player|p2|Lievt|n|1312\n|teamsize|p1|6\n|teamsize|p2|6\n|gen|9\n|tier|[Gen 9] VGC 2023 Regulation E\n|rated|\n|rule|Species Clause: Limit one of each Pok\u00e9mon\n|rule|Item Clause: Limit one of each item\n|clearpoke\n|poke|p1|Grimmsnarl, L50, M|\n|poke|p1|Sinistcha, L50|\n|poke|p1|Arcanine-Hisui, L50, F|\n|poke|p1|Iron Hands, L50|\n|poke|p1|Ogerpon-Wellspring, L50, F|\n|poke|p1|Moltres-Galar, L50|\n|poke|p2|Thundurus, L50, M|\n|poke|p2|Salamence, L50, F|\n|poke|p2|Chien-Pao, L50|\n|poke|p2|Moltres-Galar, L50|\n|poke|p2|Ogerpon-Wellspring, L50, F|\n|poke|p2|Okidogi, L50, M|\n|teampreview|4\n|inactive|Battle timer is ON: inactive players will automatically lose when time's up. (requested by Lievt)\n|\n|t:|1699916558\n|start\n|switch|p1a: Grimmsnarl|Grimmsnarl, L50, M|100\/100\n|switch|p1b: Moltres|Moltres-Galar, L50, shiny|100\/100\n|switch|p2a: Salamence|Salamence, L50, F|100\/100\n|switch|p2b: Okidogi|Okidogi, L50, M|100\/100\n|-ability|p2a: Salamence|Intimidate|boost\n|-unboost|p1a: Grimmsnarl|atk|1\n|-unboost|p1b: Moltres|atk|1\n|turn|1\n|\n|t:|1699916573\n|move|p2b: Okidogi|Protect|p2b: Okidogi\n|-singleturn|p2b: Okidogi|Protect\n|move|p1a: Grimmsnarl|Reflect|p1a: Grimmsnarl\n|-sidestart|p1: cleardaydreaming|Reflect\n|move|p2a: Salamence|Tailwind|p2a: Salamence\n|-sidestart|p2: Lievt|move: Tailwind\n|move|p1b: Moltres|Nasty Plot|p1b: Moltres\n|-boost|p1b: Moltres|spa|2\n|\n|upkeep\n|turn|2\n|\n|t:|1699916590\n|move|p1a: Grimmsnarl|Light Screen|p1a: Grimmsnarl\n|-sidestart|p1: cleardaydreaming|move: Light Screen\n|move|p2a: Salamence|Draco Meteor|p1b: Moltres|[miss]\n|-miss|p2a: Salamence|p1b: Moltres\n|move|p2b: Okidogi|Poison Jab|p1b: Moltres\n|-damage|p1b: Moltres|76\/100\n|-status|p1b: Moltres|tox|[from] ability: Toxic Chain|[of] p2b: Okidogi\n|move|p1b: Moltres|Air Slash|p2b: Okidogi\n|-supereffective|p2b: Okidogi\n|-damage|p2b: Okidogi|0 fnt\n|faint|p2b: Okidogi\n|\n|-damage|p1b: Moltres|70\/100 tox|[from] psn\n|upkeep\n|\n|t:|1699916604\n|switch|p2b: Chien-Pao|Chien-Pao, L50|100\/100\n|-ability|p2b: Chien-Pao|Sword of Ruin\n|turn|3\n|\n|t:|1699916618\n|-terastallize|p1b: Moltres|Poison\n|move|p2b: Chien-Pao|Ice Spinner|p1b: Moltres\n|-damage|p1b: Moltres|41\/100 tox\n|-ability|p1b: Moltres|Berserk|boost\n|-boost|p1b: Moltres|spa|1\n|-enditem|p1b: Moltres|Sitrus Berry|[eat]\n|-heal|p1b: Moltres|66\/100 tox|[from] item: Sitrus Berry\n|move|p2a: Salamence|Hurricane|p1a: Grimmsnarl\n|-damage|p1a: Grimmsnarl|59\/100\n|-damage|p2a: Salamence|90\/100|[from] item: Life Orb\n|move|p1b: Moltres|Fiery Wrath|p2b: Chien-Pao|[spread] p2a,p2b\n|-resisted|p2b: Chien-Pao\n|-damage|p2a: Salamence|7\/100\n|-damage|p2b: Chien-Pao|41\/100\n|move|p1a: Grimmsnarl|Brick Break|p2b: Chien-Pao\n|-supereffective|p2b: Chien-Pao\n|-damage|p2b: Chien-Pao|0 fnt\n|faint|p2b: Chien-Pao\n|\n|-damage|p1b: Moltres|54\/100 tox|[from] psn\n|upkeep\n|inactive|Lievt has 30 seconds left.\n|-message|Lievt forfeited.\n|\n|win|cleardaydreaming\n|raw|cleardaydreaming's rating: 1237 &rarr; <strong>1267<\/strong><br \/>(+30 for winning)\n|raw|Lievt's rating: 1312 &rarr; <strong>1288<\/strong><br \/>(-24 for losing)\n|l|\u2606Lievt\n","uploadtime":1699916649,"views":14,"p1id":"cleardaydreaming","p2id":"lievt","formatid":"gen9vgc2023regulatione","rating":1267,"private":0,"password":""}