{"id":"gen9vgc2023regulatione-1989421052","p1":"LasermanZ11","p2":"spxcko","format":"[Gen 9] VGC 2023 Regulation E","log":"|j|\u2606LasermanZ11\n|j|\u2606spxcko\n|t:|1699848073\n|gametype|doubles\n|player|p1|LasermanZ11|ash|\n|player|p2|spxcko|169|\n|teamsize|p1|6\n|teamsize|p2|6\n|gen|9\n|tier|[Gen 9] VGC 2023 Regulation E\n|rated|Tournament battle\n|rule|Species Clause: Limit one of each Pok\u00e9mon\n|rule|Item Clause: Limit one of each item\n|clearpoke\n|poke|p1|Mamoswine, L50, M|\n|poke|p1|Flutter Mane, L50|\n|poke|p1|Heatran, L50, M|\n|poke|p1|Ogerpon-Wellspring, L50, F|\n|poke|p1|Tornadus, L50, M|\n|poke|p1|Iron Hands, L50|\n|poke|p2|Flutter Mane, L50|\n|poke|p2|Dragonite, L50, M|\n|poke|p2|Rillaboom, L50, M|\n|poke|p2|Heatran, L50, F|\n|poke|p2|Urshifu-*, L50, M|\n|poke|p2|Farigiraf, L50, M|\n|teampreview|4\n|showteam|p1|Mamoswine||ExpertBelt|Oblivious|IceShard,HighHorsepower,IcicleCrash,Protect|||M|||50|,,,,,Dragon]Flutter Mane||BoosterEnergy|Protosynthesis|ShadowBall,Moonblast,IcyWind,Protect||||||50|,,,,,Fairy]Heatran||LifeOrb|FlashFire|HeatWave,FlashCannon,EarthPower,Protect|||M|||50|,,,,,Fairy]Ogerpon-Wellspring||WellspringMask|WaterAbsorb|IvyCudgel,HornLeech,FollowMe,SpikyShield|||F|||50|,,,,,Water]Tornadus||CovertCloak|Prankster|BleakwindStorm,Tailwind,Taunt,RainDance|||M|||50|,,,,,Ghost]Iron Hands||AssaultVest|QuarkDrive|FakeOut,WildCharge,DrainPunch,HeavySlam||||||50|,,,,,Water\n|showteam|p2|Flutter Mane||PixiePlate|Protosynthesis|ShadowBall,DazzlingGleam,Protect,MysticalFire||||||50|,,,,,Fairy]Dragonite||ChoiceBand|InnerFocus|Outrage,StompingTantrum,ExtremeSpeed,AerialAce|||M|||50|,,,,,Dragon]Rillaboom||GrassySeed|GrassySurge|GrassyGlide,WoodHammer,FakeOut,Protect|||M|||50|,,,,,Grass]Heatran||AssaultVest|FlashFire|HeatWave,EarthPower,SolarBeam,FlashCannon|||F|||50|,,,,,Fairy]Urshifu-Rapid-Strike||ChoiceScarf|UnseenFist|SurgingStrikes,CloseCombat,Uturn,AquaJet|||M|||50|,,,,,Water]Farigiraf||RockyHelmet|ArmorTail|DazzlingGleam,Psychic,HelpingHand,SunnyDay|||M|||50|,,,,,Fairy\n|inactive|Battle timer is ON: inactive players will automatically lose when time's up. (requested by spxcko)\n|inactive|LasermanZ11 has 60 seconds left.\n|j| Mambae2\n|j| Luke111192\n|inactive|LasermanZ11 has 30 seconds left.\n|\n|t:|1699848215\n|start\n|switch|p1a: Mamoswine|Mamoswine, L50, M|100\/100\n|switch|p1b: Tornadus|Tornadus, L50, M|100\/100\n|switch|p2a: Farigiraf|Farigiraf, L50, M|100\/100\n|switch|p2b: Heatran|Heatran, L50, F|100\/100\n|turn|1\n|inactive|LasermanZ11 has 30 seconds left.\n|inactive|spxcko has 30 seconds left.\n|inactive|LasermanZ11 has 20 seconds left.\n|inactive|LasermanZ11 has 15 seconds left.\n|\n|t:|1699848256\n|-terastallize|p1a: Mamoswine|Dragon\n|-terastallize|p2b: Heatran|Fairy\n|move|p1b: Tornadus|Tailwind|p1b: Tornadus\n|-sidestart|p1: LasermanZ11|move: Tailwind\n|move|p1a: Mamoswine|High Horsepower|p2b: Heatran\n|-damage|p2b: Heatran|55\/100\n|move|p2a: Farigiraf|Sunny Day|p2a: Farigiraf\n|-weather|SunnyDay\n|move|p2b: Heatran|Solar Beam||[still]\n|-prepare|p2b: Heatran|Solar Beam\n|-anim|p2b: Heatran|Solar Beam|p1a: Mamoswine\n|-resisted|p1a: Mamoswine\n|-damage|p1a: Mamoswine|66\/100\n|\n|-weather|SunnyDay|[upkeep]\n|upkeep\n|turn|2\n|inactive|LasermanZ11 has 30 seconds left.\n|\n|t:|1699848285\n|move|p1b: Tornadus|Bleakwind Storm|p2a: Farigiraf|[spread] p2b\n|-miss|p1b: Tornadus|p2a: Farigiraf\n|-damage|p2b: Heatran|36\/100\n|-unboost|p2b: Heatran|spe|1\n|move|p1a: Mamoswine|High Horsepower|p2b: Heatran\n|-damage|p2b: Heatran|0 fnt\n|faint|p2b: Heatran\n|move|p2a: Farigiraf|Dazzling Gleam|p1a: Mamoswine|[spread] p1a,p1b\n|-supereffective|p1a: Mamoswine\n|-damage|p1a: Mamoswine|26\/100\n|-damage|p1b: Tornadus|84\/100\n|\n|-weather|SunnyDay|[upkeep]\n|upkeep\n|\n|t:|1699848295\n|switch|p2b: Rillaboom|Rillaboom, L50, M|100\/100\n|-fieldstart|move: Grassy Terrain|[from] ability: Grassy Surge|[of] p2b: Rillaboom\n|-enditem|p2b: Rillaboom|Grassy Seed\n|-boost|p2b: Rillaboom|def|1|[from] item: Grassy Seed\n|turn|3\n|\n|t:|1699848319\n|switch|p1a: Heatran|Heatran, L50, M|100\/100\n|move|p2b: Rillaboom|Fake Out|p1b: Tornadus\n|-damage|p1b: Tornadus|65\/100\n|move|p1b: Tornadus|Bleakwind Storm|p2b: Rillaboom|[spread] p2a,p2b\n|-supereffective|p2b: Rillaboom\n|-damage|p2a: Farigiraf|70\/100\n|-damage|p2b: Rillaboom|29\/100\n|-unboost|p2a: Farigiraf|spe|1\n|move|p2a: Farigiraf|Dazzling Gleam|p1b: Tornadus|[spread] p1a,p1b\n|-resisted|p1a: Heatran\n|-crit|p1a: Heatran\n|-damage|p1a: Heatran|96\/100\n|-damage|p1b: Tornadus|47\/100\n|\n|-weather|SunnyDay|[upkeep]\n|-heal|p1a: Heatran|100\/100|[from] Grassy Terrain\n|-heal|p2b: Rillaboom|35\/100|[from] Grassy Terrain\n|-heal|p2a: Farigiraf|76\/100|[from] Grassy Terrain\n|upkeep\n|turn|4\n|-message|spxcko forfeited.\n|\n|win|LasermanZ11\n|n|\u2606LasermanZ11|lasermanz11\n|n|\u2606spxcko|spxcko\n|n| Mambae2|mambae2\n|n| Luke111192|luke111192\n|l|\u2606spxcko\n","uploadtime":1699848339,"views":7,"p1id":"lasermanz11","p2id":"spxcko","formatid":"gen9vgc2023regulatione","rating":0,"private":0,"password":""}