{"id":"gen9vgc2023regulatione-1995160070","p1":"gtg-nimbus","p2":"Buff FlutterMane","format":"[Gen 9] VGC 2023 Regulation E","log":"|j|\u2606gtg-nimbus\n|j|\u2606Buff FlutterMane\n|t:|1700529293\n|gametype|doubles\n|player|p1|gtg-nimbus|1|1380\n|player|p2|Buff FlutterMane|turo|1446\n|teamsize|p1|6\n|teamsize|p2|6\n|gen|9\n|tier|[Gen 9] VGC 2023 Regulation E\n|rated|\n|rule|Species Clause: Limit one of each Pok\u00e9mon\n|rule|Item Clause: Limit one of each item\n|clearpoke\n|poke|p1|Chi-Yu, L50|\n|poke|p1|Regieleki, L50|\n|poke|p1|Tornadus, L50, M|\n|poke|p1|Urshifu-*, L50, M|\n|poke|p1|Rillaboom, L50, F|\n|poke|p1|Chien-Pao, L50|\n|poke|p2|Urshifu-*, L50, M|\n|poke|p2|Gholdengo, L50|\n|poke|p2|Tornadus, L50, M|\n|poke|p2|Arcanine-Hisui, L50, M|\n|poke|p2|Iron Hands, L50|\n|poke|p2|Ogerpon, L50, F|\n|teampreview|4\n|inactive|Battle timer is ON: inactive players will automatically lose when time's up. (requested by Buff FlutterMane)\n|\n|t:|1700529320\n|start\n|switch|p1a: Regieleki|Regieleki, L50|100\/100\n|switch|p1b: Chi-Yu|Chi-Yu, L50|100\/100\n|switch|p2a: Genie|Tornadus, L50, M, shiny|100\/100\n|switch|p2b: Ogerpon|Ogerpon, L50, F|100\/100\n|-ability|p1b: Chi-Yu|Beads of Ruin\n|turn|1\n|\n|t:|1700529341\n|-terastallize|p2b: Ogerpon|Grass\n|detailschange|p2b: Ogerpon|Ogerpon-Teal-Tera, L50, F, tera:Grass\n|-ability|p2b: Ogerpon|Embody Aspect (Teal)|boost\n|-boost|p2b: Ogerpon|spe|1\n|move|p2a: Genie|Tailwind|p2a: Genie\n|-sidestart|p2: Buff FlutterMane|move: Tailwind\n|move|p2b: Ogerpon|Stomping Tantrum|p1b: Chi-Yu\n|-supereffective|p1b: Chi-Yu\n|-damage|p1b: Chi-Yu|0 fnt\n|faint|p1b: Chi-Yu\n|-damage|p2b: Ogerpon|91\/100|[from] item: Life Orb\n|move|p1a: Regieleki|Electroweb|p2b: Ogerpon|[spread] p2a,p2b\n|-supereffective|p2a: Genie\n|-resisted|p2b: Ogerpon\n|-damage|p2a: Genie|0 fnt\n|-damage|p2b: Ogerpon|70\/100\n|-unboost|p2b: Ogerpon|spe|1\n|faint|p2a: Genie\n|\n|upkeep\n|j| meowmeowjoe\n|\n|t:|1700529357\n|switch|p2a: Hiusi|Arcanine-Hisui, L50, M, shiny|100\/100\n|switch|p1b: Chien-Pao|Chien-Pao, L50|100\/100\n|-ability|p2a: Hiusi|Intimidate|boost\n|-unboost|p1a: Regieleki|atk|1\n|-unboost|p1b: Chien-Pao|atk|1\n|-ability|p1b: Chien-Pao|Sword of Ruin\n|turn|2\n|\n|t:|1700529371\n|switch|p2b: Balanced?|Urshifu-Rapid-Strike, L50, M|100\/100\n|switch|p1a: Urshifu|Urshifu-Rapid-Strike, L50, M|100\/100\n|move|p2a: Hiusi|Extreme Speed|p1a: Urshifu\n|-damage|p1a: Urshifu|48\/100\n|move|p1b: Chien-Pao|Icicle Crash|p2b: Balanced?|[miss]\n|-miss|p1b: Chien-Pao|p2b: Balanced?\n|\n|upkeep\n|turn|3\n|\n|t:|1700529396\n|move|p2a: Hiusi|Extreme Speed|p1b: Chien-Pao\n|-damage|p1b: Chien-Pao|48\/100\n|move|p1b: Chien-Pao|Sucker Punch||[still]\n|-fail|p1b: Chien-Pao\n|move|p1a: Urshifu|Aqua Jet|p2a: Hiusi\n|-supereffective|p2a: Hiusi\n|-damage|p2a: Hiusi|0 fnt\n|faint|p2a: Hiusi\n|move|p2b: Balanced?|Close Combat|p1a: Urshifu\n|-damage|p1a: Urshifu|0 fnt\n|-unboost|p2b: Balanced?|def|1\n|-unboost|p2b: Balanced?|spd|1\n|faint|p1a: Urshifu\n|\n|upkeep\n|\n|t:|1700529411\n|switch|p1a: Regieleki|Regieleki, L50|100\/100\n|switch|p2a: Ogerpon|Ogerpon-Teal-Tera, L50, F, tera:Grass|70\/100\n|-ability|p2a: Ogerpon|Embody Aspect (Teal)|boost\n|-boost|p2a: Ogerpon|spe|1\n|turn|4\n|\n|t:|1700529424\n|-terastallize|p1a: Regieleki|Water\n|move|p1b: Chien-Pao|Sucker Punch|p2a: Ogerpon\n|-damage|p2a: Ogerpon|28\/100\n|move|p2a: Ogerpon|Ivy Cudgel|p1a: Regieleki\n|-supereffective|p1a: Regieleki\n|-damage|p1a: Regieleki|0 fnt\n|faint|p1a: Regieleki\n|-damage|p2a: Ogerpon|19\/100|[from] item: Life Orb\n|move|p2b: Balanced?|Surging Strikes|p1b: Chien-Pao\n|-crit|p1b: Chien-Pao\n|-damage|p1b: Chien-Pao|12\/100\n|-crit|p1b: Chien-Pao\n|-damage|p1b: Chien-Pao|0 fnt\n|faint|p1b: Chien-Pao\n|-hitcount|p1: Chien-Pao|2\n|\n|win|Buff FlutterMane\n|raw|gtg-nimbus's rating: 1380 &rarr; <strong>1364<\/strong><br \/>(-16 for losing)\n|raw|Buff FlutterMane's rating: 1446 &rarr; <strong>1462<\/strong><br \/>(+16 for winning)\n|l|\u2606gtg-nimbus\n","uploadtime":1700529445,"views":4,"p1id":"gtgnimbus","p2id":"bufffluttermane","formatid":"gen9vgc2023regulatione","rating":1364,"private":0,"password":""}