{"id":"gen9vgc2023regulatione-1994473827","p1":"PINKYCURCHLORD","p2":"fredriickk","format":"[Gen 9] VGC 2023 Regulation E","log":"|j|\u2606PINKYCURCHLORD\n|j|\u2606fredriickk\n|t:|1700448051\n|gametype|doubles\n|player|p1|PINKYCURCHLORD|burglar|1324\n|player|p2|fredriickk|hilda-masters2|1239\n|teamsize|p1|6\n|teamsize|p2|6\n|gen|9\n|tier|[Gen 9] VGC 2023 Regulation E\n|rated|\n|rule|Species Clause: Limit one of each Pok\u00e9mon\n|rule|Item Clause: Limit one of each item\n|clearpoke\n|poke|p1|Pincurchin, L50, M|\n|poke|p1|Iron Hands, L50|\n|poke|p1|Farigiraf, L50, F|\n|poke|p1|Iron Bundle, L50|\n|poke|p1|Ninetales-Alola, L50, M|\n|poke|p1|Heatran, L50, M|\n|poke|p2|Urshifu-*, L50, M|\n|poke|p2|Chien-Pao, L50|\n|poke|p2|Regieleki, L50|\n|poke|p2|Arcanine-Hisui, L50, F|\n|poke|p2|Tornadus, L50, M|\n|poke|p2|Indeedee-F, L50, F|\n|teampreview|4\n|inactive|Battle timer is ON: inactive players will automatically lose when time's up. (requested by PINKYCURCHLORD)\nfredriickk has agreed to open team sheets.\nPINKYCURCHLORD has agreed to open team sheets.\n|inactive|PINKYCURCHLORD has 30 seconds left.\n|inactive|fredriickk has 30 seconds left.\n|inactive|PINKYCURCHLORD has 20 seconds left.\n|inactive|PINKYCURCHLORD has 15 seconds left.\n|inactive|PINKYCURCHLORD has 10 seconds left.\n|inactive|PINKYCURCHLORD has 5 seconds left.\n|inactive|fredriickk has 20 seconds left.\n|inactive|fredriickk has 15 seconds left.\n|\n|t:|1700448122\n|start\n|switch|p1a: Iron Hands|Iron Hands, L50|100\/100\n|switch|p1b: Farigiraf|Farigiraf, L50, F|100\/100\n|switch|p2a: Tornadus|Tornadus, L50, M|100\/100\n|switch|p2b: Regieleki|Regieleki, L50, shiny|100\/100\n|turn|1\n|inactive|fredriickk has 30 seconds left.\n|\n|t:|1700448153\n|switch|p2a: Indeedee|Indeedee-F, L50, F|100\/100\n|-fieldstart|move: Psychic Terrain|[from] ability: Psychic Surge|[of] p2a: Indeedee\n|move|p2b: Regieleki|Thunderbolt|p1b: Farigiraf\n|-damage|p1b: Farigiraf|37\/100\n|-enditem|p1b: Farigiraf|Sitrus Berry|[eat]\n|-heal|p1b: Farigiraf|61\/100|[from] item: Sitrus Berry\n|move|p1a: Iron Hands|Wild Charge|p2a: Indeedee\n|-damage|p2a: Indeedee|29\/100\n|-enditem|p2a: Indeedee|Sitrus Berry|[eat]\n|-heal|p2a: Indeedee|54\/100|[from] item: Sitrus Berry\n|-damage|p1a: Iron Hands|87\/100|[from] Recoil\n|move|p1b: Farigiraf|Trick Room|p1b: Farigiraf\n|-fieldstart|move: Trick Room|[of] p1b: Farigiraf\n|\n|upkeep\n|turn|2\n|inactive|PINKYCURCHLORD has 30 seconds left.\n|inactive|fredriickk has 30 seconds left.\n|inactive|PINKYCURCHLORD has 20 seconds left.\n|inactive|fredriickk has 20 seconds left.\n|inactive|PINKYCURCHLORD has 15 seconds left.\n|inactive|fredriickk has 15 seconds left.\n|inactive|fredriickk has 10 seconds left.\n|inactive|fredriickk has 5 seconds left.\n|inactive|PINKYCURCHLORD has 10 seconds left.\n|\n|t:|1700448210\n|switch|p1b: Pincurchin|Pincurchin, L50, M, shiny|100\/100\n|-fieldstart|move: Electric Terrain|[from] ability: Electric Surge|[of] p1b: Pincurchin\n|-activate|p1a: Iron Hands|ability: Quark Drive\n|-start|p1a: Iron Hands|quarkdriveatk\n|switch|p2a: Tornadus|Tornadus, L50, M|100\/100\n|move|p1a: Iron Hands|Drain Punch|p2b: Regieleki\n|-damage|p2b: Regieleki|23\/100\n|-heal|p1a: Iron Hands|100\/100|[from] drain|[of] p2b: Regieleki\n|move|p2b: Regieleki|Thunderbolt|p1b: Pincurchin\n|-resisted|p1b: Pincurchin\n|-damage|p1b: Pincurchin|44\/100\n|\n|upkeep\n|turn|3\n|inactive|PINKYCURCHLORD has 30 seconds left.\n|inactive|fredriickk has 30 seconds left.\n|inactive|fredriickk has 20 seconds left.\n|inactive|fredriickk has 15 seconds left.\n|\n|t:|1700448251\n|switch|p2b: Indeedee|Indeedee-F, L50, F|54\/100\n|-fieldstart|move: Psychic Terrain|[from] ability: Psychic Surge|[of] p2b: Indeedee\n|-end|p1a: Iron Hands|Quark Drive\n|-terastallize|p2a: Tornadus|Poison\n|move|p2a: Tornadus|Taunt|p1b: Pincurchin\n|-activate|p1b: Pincurchin|move: Psychic Terrain\n|move|p1b: Pincurchin|Acupressure|p1a: Iron Hands\n|-boost|p1a: Iron Hands|spa|2\n|move|p1a: Iron Hands|Wild Charge|p2a: Tornadus\n|-crit|p2a: Tornadus\n|-damage|p2a: Tornadus|0 fnt\n|faint|p2a: Tornadus\n|-damage|p1a: Iron Hands|80\/100|[from] Recoil\n|\n|upkeep\n|c|\u2606fredriickk|LMAOOOOOO\n|c|\u2606PINKYCURCHLORD|whyyy special attack??\n|\n|t:|1700448271\n|switch|p2a: Chien-Pao|Chien-Pao, L50|100\/100\n|-ability|p2a: Chien-Pao|Sword of Ruin\n|turn|4\n|inactive|PINKYCURCHLORD has 30 seconds left.\n|inactive|PINKYCURCHLORD has 20 seconds left.\n|inactive|PINKYCURCHLORD has 15 seconds left.\n|inactive|PINKYCURCHLORD has 10 seconds left.\n|inactive|PINKYCURCHLORD has 5 seconds left.\n|inactive|fredriickk has 30 seconds left.\n|inactive|fredriickk has 20 seconds left.\n|\n|t:|1700448334\n|-terastallize|p1a: Iron Hands|Water\n|move|p1b: Pincurchin|Acupressure|p1a: Iron Hands\n|-boost|p1a: Iron Hands|atk|2\n|move|p1a: Iron Hands|Drain Punch|p2b: Indeedee\n|-damage|p2b: Indeedee|0 fnt\n|-heal|p1a: Iron Hands|100\/100|[from] drain|[of] p2b: Indeedee\n|faint|p2b: Indeedee\n|move|p2a: Chien-Pao|Ice Spinner|p1b: Pincurchin\n|-damage|p1b: Pincurchin|0 fnt\n|-damage|p2a: Chien-Pao|84\/100|[from] item: Rocky Helmet|[of] p1b: Pincurchin\n|-fieldend|move: Psychic Terrain\n|faint|p1b: Pincurchin\n|\n|upkeep\n|c|\u2606PINKYCURCHLORD|oh lord\n|c|\u2606fredriickk|I lose\n|c|\u2606fredriickk|Gg\n|\n|t:|1700448357\n|switch|p1b: Farigiraf|Farigiraf, L50, F|61\/100\n|switch|p2b: Regieleki|Regieleki, L50, shiny|23\/100\n|turn|5\n|inactive|PINKYCURCHLORD has 30 seconds left.\n|inactive|PINKYCURCHLORD has 20 seconds left.\n|\n|t:|1700448393\n|move|p2a: Chien-Pao|Protect|p2a: Chien-Pao\n|-singleturn|p2a: Chien-Pao|Protect\n|move|p1a: Iron Hands|Drain Punch|p2a: Chien-Pao\n|-activate|p2a: Chien-Pao|move: Protect\n|move|p1b: Farigiraf|Psychic|p2b: Regieleki\n|-damage|p2b: Regieleki|0 fnt\n|faint|p2b: Regieleki\n|\n|-fieldend|move: Trick Room\n|upkeep\n|turn|6\n|\n|t:|1700448401\n|move|p2a: Chien-Pao|Throat Chop|p1b: Farigiraf\n|-supereffective|p1b: Farigiraf\n|-damage|p1b: Farigiraf|0 fnt\n|faint|p1b: Farigiraf\n|move|p1a: Iron Hands|Drain Punch|p2a: Chien-Pao\n|-supereffective|p2a: Chien-Pao\n|-damage|p2a: Chien-Pao|0 fnt\n|faint|p2a: Chien-Pao\n|\n|win|PINKYCURCHLORD\n|raw|PINKYCURCHLORD's rating: 1324 &rarr; <strong>1339<\/strong><br \/>(+15 for winning)\n|raw|fredriickk's rating: 1239 &rarr; <strong>1220<\/strong><br \/>(-19 for losing)\n|c|\u2606PINKYCURCHLORD|LMAOOOOO\n|c|\u2606fredriickk|I was laughing at myself tbc\n|c|\u2606PINKYCURCHLORD|now we\u2019re both laughing at you!\n|c|\u2606fredriickk|I swapped in indeedee to Leer\n|c|\u2606fredriickk|Gg\n|l|\u2606fredriickk\n|c|\u2606PINKYCURCHLORD|pincurchin\n","uploadtime":1700448449,"views":7,"p1id":"pinkycurchlord","p2id":"fredriickk","formatid":"gen9vgc2023regulatione","rating":1220,"private":0,"password":""}