{"id":"gen9vgc2023regulatione-1998718632","p1":"Adroqk","p2":"BravadoVGC","format":"[Gen 9] VGC 2023 Regulation E","log":"|j|\u203dAdroqk\n|j|\u2606BravadoVGC\n|t:|1700977339\n|gametype|doubles\n|player|p1|Adroqk|102|\n|player|p2|BravadoVGC|ingo|\n|teamsize|p1|6\n|teamsize|p2|6\n|gen|9\n|tier|[Gen 9] VGC 2023 Regulation E\n|rated|Tournament battle\n|rule|Species Clause: Limit one of each Pok\u00e9mon\n|rule|Item Clause: Limit one of each item\n|clearpoke\n|poke|p1|Indeedee-F, L50, F|\n|poke|p1|Urshifu-*, L50, F|\n|poke|p1|Pelipper, L50, F|\n|poke|p1|Dragonite, L50, F|\n|poke|p1|Sneasler, L50, M|\n|poke|p1|Armarouge, L50, M|\n|poke|p2|Regidrago, L50|\n|poke|p2|Indeedee-F, L50, F|\n|poke|p2|Armarouge, L50, M|\n|poke|p2|Ursaluna, L50, F|\n|poke|p2|Torkoal, L50, F|\n|poke|p2|Lilligant-Hisui, L50, F|\n|teampreview|4\n|showteam|p1|Indeedee-F||SitrusBerry|PsychicSurge|FollowMe,Psychic,Protect,DazzlingGleam|||F|||50|,,,,,Fairy]Urshifu-Rapid-Strike||ChoiceScarf|UnseenFist|SurgingStrikes,CloseCombat,Uturn,PoisonJab|||F|||50|,,,,,Water]Pelipper||DampRock|Drizzle|WideGuard,Tailwind,Hurricane,WeatherBall|||F|||50|,,,,,Steel]Dragonite||AssaultVest|Multiscale|Hurricane,DracoMeteor,WeatherBall,IceBeam|||F|||50|,,,,,Flying]Sneasler||PsychicSeed|Unburden|SwordsDance,DireClaw,CloseCombat,Acrobatics|||M|||50|,,,,,Flying]Armarouge||RoomService|FlashFire|ArmorCannon,ExpandingForce,PsychicTerrain,TrickRoom|||M|||50|,,,,,Psychic\n|showteam|p2|Regidrago||ChoiceScarf|DragonsMaw|DragonEnergy,DracoMeteor,DragonPulse,EarthPower||||||50|,,,,,Dragon]Indeedee-F||MentalHerb|PsychicSurge|FollowMe,HelpingHand,TrickRoom,DazzlingGleam|||F|||50|,,,,,Fire]Armarouge||LifeOrb|FlashFire|ExpandingForce,HeatWave,TrickRoom,Protect|||M|||50|,,,,,Psychic]Ursaluna||FlameOrb|Guts|Facade,HeadlongRush,SwordsDance,Protect|||F|||50|,,,,,Ghost]Torkoal||Charcoal|Drought|Eruption,HeatWave,EarthPower,Protect|||F|||50|,,,,,Fire]Lilligant-Hisui||FocusSash|Chlorophyll|CloseCombat,SolarBlade,AfterYou,SleepPowder|||F|||50|,,,,,Ghost\n|inactive|Battle timer is ON: inactive players will automatically lose when time's up. (requested by BravadoVGC)\n|j|%Radio Free C-Side\n|inactive|Adroqk has 60 seconds left.\n|j| DrogonVCG\n|l| DrogonVCG\n|inactive|Adroqk has 30 seconds left.\n|inactive|Adroqk has 20 seconds left.\n|inactive|Adroqk has 15 seconds left.\n|inactive|Adroqk has 10 seconds left.\n|\n|t:|1700977422\n|start\n|switch|p1a: Armarouge|Armarouge, L50, M|100\/100\n|switch|p1b: Indeedee|Indeedee-F, L50, F|100\/100\n|switch|p2a: Regidrago|Regidrago, L50|100\/100\n|switch|p2b: Indeedee|Indeedee-F, L50, F|100\/100\n|-fieldstart|move: Psychic Terrain|[from] ability: Psychic Surge|[of] p1b: Indeedee\n|turn|1\n|inactive|Adroqk has 30 seconds left.\n|inactive|BravadoVGC has 30 seconds left.\n|inactive|Adroqk has 20 seconds left.\n|inactive|BravadoVGC has 20 seconds left.\n|\n|t:|1700977459\n|-terastallize|p2a: Regidrago|Dragon\n|move|p1b: Indeedee|Protect|p1b: Indeedee\n|-singleturn|p1b: Indeedee|Protect\n|move|p2a: Regidrago|Dragon Energy|p1b: Indeedee|[spread] p1a\n|-activate|p1b: Indeedee|move: Protect\n|-damage|p1a: Armarouge|0 fnt\n|faint|p1a: Armarouge\n|move|p2b: Indeedee|Trick Room|p2b: Indeedee\n|-fieldstart|move: Trick Room|[of] p2b: Indeedee\n|\n|upkeep\n|j| FatalEspresso\n|\n|t:|1700977472\n|switch|p1a: Dragonite|Dragonite, L50, F|100\/100\n|turn|2\n|j| AdmiralQQ\n|inactive|Adroqk has 30 seconds left.\n|inactive|Adroqk has 20 seconds left.\n|inactive|Adroqk has 15 seconds left.\n|inactive|BravadoVGC has 30 seconds left.\n|inactive|Adroqk has 10 seconds left.\n|inactive|Adroqk has 5 seconds left.\n|\n|t:|1700977527\n|switch|p2a: Armarouge|Armarouge, L50, M|100\/100\n|-terastallize|p1a: Dragonite|Flying\n|move|p2b: Indeedee|Follow Me|p2b: Indeedee\n|-singleturn|p2b: Indeedee|move: Follow Me\n|move|p1b: Indeedee|Psychic|p2b: Indeedee\n|-resisted|p2b: Indeedee\n|-damage|p2b: Indeedee|74\/100\n|move|p1a: Dragonite|Hurricane|p2b: Indeedee\n|-damage|p2b: Indeedee|3\/100\n|\n|upkeep\n|turn|3\n|c|%Radio Free C-Side|special dnite\n|c|%Radio Free C-Side|crazy\n|c|\u2606BravadoVGC|Fr\n|inactive|BravadoVGC has 30 seconds left.\n|\n|t:|1700977556\n|switch|p1a: Pelipper|Pelipper, L50, F, shiny|100\/100\n|-weather|RainDance|[from] ability: Drizzle|[of] p1a: Pelipper\n|move|p2b: Indeedee|Helping Hand|p2a: Armarouge\n|-singleturn|p2a: Armarouge|Helping Hand|[of] p2b: Indeedee\n|move|p1b: Indeedee|Protect|p1b: Indeedee\n|-singleturn|p1b: Indeedee|Protect\n|move|p2a: Armarouge|Expanding Force|p1a: Pelipper|[spread] p1a\n|-activate|p1b: Indeedee|move: Protect\n|-damage|p1a: Pelipper|0 fnt\n|faint|p1a: Pelipper\n|-damage|p2a: Armarouge|90\/100|[from] item: Life Orb\n|\n|-weather|RainDance|[upkeep]\n|upkeep\n|\n|t:|1700977568\n|switch|p1a: Dragonite|Dragonite, L50, F, tera:Flying|100\/100\n|turn|4\n|\n|t:|1700977585\n|move|p2b: Indeedee|Helping Hand|p2a: Armarouge\n|-singleturn|p2a: Armarouge|Helping Hand|[of] p2b: Indeedee\n|move|p2a: Armarouge|Expanding Force|p1b: Indeedee|[spread] p1a,p1b\n|-resisted|p1b: Indeedee\n|-damage|p1a: Dragonite|65\/100\n|-damage|p1b: Indeedee|43\/100\n|-enditem|p1b: Indeedee|Sitrus Berry|[eat]\n|-heal|p1b: Indeedee|68\/100|[from] item: Sitrus Berry\n|-damage|p2a: Armarouge|80\/100|[from] item: Life Orb\n|move|p1b: Indeedee|Psychic|p2b: Indeedee\n|-resisted|p2b: Indeedee\n|-damage|p2b: Indeedee|0 fnt\n|faint|p2b: Indeedee\n|move|p1a: Dragonite|Weather Ball|p2a: Armarouge\n|-supereffective|p2a: Armarouge\n|-damage|p2a: Armarouge|0 fnt\n|faint|p2a: Armarouge\n|\n|-weather|RainDance|[upkeep]\n|upkeep\n|j| pokeveteran04\n|l| FatalEspresso\n|\n|t:|1700977592\n|switch|p2a: Torkoal|Torkoal, L50, F|100\/100\n|switch|p2b: Regidrago|Regidrago, L50, tera:Dragon|100\/100\n|-weather|SunnyDay|[from] ability: Drought|[of] p2a: Torkoal\n|turn|5\n|l| pokeveteran04\n|inactive|Adroqk has 30 seconds left.\n|inactive|Adroqk has 20 seconds left.\n|inactive|Adroqk has 15 seconds left.\n|\n|t:|1700977635\n|move|p2a: Torkoal|Eruption|p1a: Dragonite|[spread] p1a,p1b\n|-damage|p1a: Dragonite|7\/100\n|-damage|p1b: Indeedee|0 fnt\n|faint|p1b: Indeedee\n|move|p1a: Dragonite|Draco Meteor|p2b: Regidrago\n|-supereffective|p2b: Regidrago\n|-damage|p2b: Regidrago|0 fnt\n|-unboost|p1a: Dragonite|spa|2\n|faint|p2b: Regidrago\n|\n|-weather|SunnyDay|[upkeep]\n|-fieldend|move: Trick Room\n|-fieldend|move: Psychic Terrain\n|upkeep\n|turn|6\n|j| pokeveteran04\n|\n|t:|1700977655\n|move|p1a: Dragonite|Draco Meteor|p2a: Torkoal\n|-damage|p2a: Torkoal|64\/100\n|-unboost|p1a: Dragonite|spa|2\n|move|p2a: Torkoal|Eruption|p1a: Dragonite\n|-damage|p1a: Dragonite|0 fnt\n|faint|p1a: Dragonite\n|\n|win|BravadoVGC\n|n|\u203dAdroqk|adroqk\n|n|\u2606BravadoVGC|bravadovgc\n|n| Radio Free C-Side|radiofreecside\n|n| AdmiralQQ|admiralqq\n|n| pokeveteran04|pokeveteran04\n","uploadtime":1700977656,"views":1,"p1id":"adroqk","p2id":"bravadovgc","formatid":"gen9vgc2023regulatione","rating":0,"private":0,"password":""}