{"id":"gen9vgc2023regulatione-1988018279","p1":"PSmonteiro","p2":"SakuroYakami","format":"[Gen 9] VGC 2023 Regulation E","log":"|j|\u2606PSmonteiro\n|j|\u2606SakuroYakami\n|n|\u2606PSmonteiro|psmonteiro\n|n|\u2606SakuroYakami|sakuroyakami\n|html|View the match progress at <a href=\"\/game-bestof3-gen9vgc2023regulatione-1988018278\">game-bestof3-gen9vgc2023regulatione-1988018278<\/a>\n|t:|1699659715\n|gametype|doubles\n|player|p1|PSmonteiro|drayden|\n|player|p2|SakuroYakami|turo-ai|\n|teamsize|p1|6\n|teamsize|p2|6\n|gen|9\n|tier|[Gen 9] VGC 2023 Regulation E\n|rule|Species Clause: Limit one of each Pok\u00e9mon\n|rule|Item Clause: Limit one of each item\n|clearpoke\n|poke|p1|Indeedee-F, L50, F|\n|poke|p1|Armarouge, L50, F|\n|poke|p1|Ursaluna, L50, M|\n|poke|p1|Glastrier, L50|\n|poke|p1|Kingambit, L50, M|\n|poke|p1|Sinistcha-Masterpiece, L50|\n|poke|p2|Urshifu-*, L50, M|\n|poke|p2|Tornadus, L50, M|\n|poke|p2|Ogerpon-Hearthflame, L50, F|\n|poke|p2|Flutter Mane, L50|\n|poke|p2|Landorus-Therian, L50, M|\n|poke|p2|Kingambit, L50, M|\n|teampreview|4\nPSmonteiro has agreed to open team sheets.\nSakuroYakami has agreed to open team sheets.\n|showteam|p1|Indeedee-F||Leftovers|PsychicSurge|TrickRoom,Psychic,FollowMe,HealPulse|||F|||50|,,,,,Steel]Armarouge||TwistedSpoon|FlashFire|AllySwitch,ExpandingForce,ArmorCannon,WideGuard|||F|||50|,,,,,Psychic]Ursaluna||FlameOrb|Guts|Protect,Facade,HeadlongRush,ShadowClaw|||M|||50|,,,,,Ghost]Glastrier||AssaultVest|ChillingNeigh|Avalanche,TeraBlast,StompingTantrum,CloseCombat||||||50|,,,,,Water]Kingambit||LifeOrb|Defiant|Protect,KowtowCleave,IronHead,SuckerPunch|||M|||50|,,,,,Dark]Sinistcha-Masterpiece||RedCard|Hospitality|TrickRoom,Scald,MatchaGotcha,StrengthSap||||||50|,,,,,Water\n|showteam|p2|Urshifu-Rapid-Strike||FocusSash|UnseenFist|SurgingStrikes,AquaJet,CloseCombat,Protect|||M|||50|,,,,,Water]Tornadus||SitrusBerry|Prankster|BleakwindStorm,Tailwind,RainDance,Protect|||M|||50|,,,,,Poison]Ogerpon-Hearthflame||HearthflameMask|MoldBreaker|IvyCudgel,HornLeech,FollowMe,SpikyShield|||F|||50|,,,,,Fire]Flutter Mane||ChoiceSpecs|Protosynthesis|ShadowBall,DazzlingGleam,Moonblast,MysticalFire||||||50|,,,,,Fairy]Landorus-Therian||ChoiceScarf|Intimidate|StompingTantrum,RockSlide,Uturn,TeraBlast|||M|||50|,,,,,Flying]Kingambit||BlackGlasses|Defiant|KowtowCleave,SuckerPunch,SwordsDance,Protect|||M|||50|,,,,,Dark\n|j| Rebornsan93\n|j| ShimeNaruka\n|j| bb_hachi8\n|j| lucasarreguy\n|c| lucasarreguy|podem comea\u00e7r\n|c| lucasarreguy|come\u00e7ar*\n|j| Yuri\n|\n|t:|1699659830\n|start\n|switch|p1a: Indeedee|Indeedee-F, L50, F|100\/100\n|switch|p1b: Kingambit|Kingambit, L50, M|100\/100\n|switch|p2a: Tornadus|Tornadus, L50, M|100\/100\n|switch|p2b: Urshifu|Urshifu-Rapid-Strike, L50, M|100\/100\n|-fieldstart|move: Psychic Terrain|[from] ability: Psychic Surge|[of] p1a: Indeedee\n|turn|1\n|\n|t:|1699659848\n|move|p1b: Kingambit|Protect|p1b: Kingambit\n|-singleturn|p1b: Kingambit|Protect\n|move|p2a: Tornadus|Tailwind|p2a: Tornadus\n|-sidestart|p2: SakuroYakami|move: Tailwind\n|move|p2b: Urshifu|Surging Strikes|p1a: Indeedee\n|-crit|p1a: Indeedee\n|-damage|p1a: Indeedee|73\/100\n|-crit|p1a: Indeedee\n|-damage|p1a: Indeedee|42\/100\n|-crit|p1a: Indeedee\n|-damage|p1a: Indeedee|15\/100\n|-hitcount|p1a: Indeedee|3\n|move|p1a: Indeedee|Trick Room|p1a: Indeedee\n|-fieldstart|move: Trick Room|[of] p1a: Indeedee\n|\n|-heal|p1a: Indeedee|21\/100|[from] item: Leftovers\n|upkeep\n|turn|2\n|\n|t:|1699659896\n|move|p2a: Tornadus|Rain Dance|p2a: Tornadus\n|-weather|RainDance\n|move|p2b: Urshifu|Aqua Jet|p1a: Indeedee\n|-activate|p1a: Indeedee|move: Psychic Terrain\n|move|p1b: Kingambit|Iron Head|p2b: Urshifu\n|-resisted|p2b: Urshifu\n|-damage|p2b: Urshifu|69\/100\n|-damage|p1b: Kingambit|91\/100|[from] item: Life Orb\n|move|p1a: Indeedee|Psychic|p2b: Urshifu\n|-supereffective|p2b: Urshifu\n|-damage|p2b: Urshifu|0 fnt\n|faint|p2b: Urshifu\n|\n|-weather|RainDance|[upkeep]\n|-heal|p1a: Indeedee|27\/100|[from] item: Leftovers\n|upkeep\n|c|\u2606SakuroYakami|CARALHO ESQUECI DESSA MERDA\n|\n|t:|1699659922\n|switch|p2b: Flutter Mane|Flutter Mane, L50|100\/100\n|turn|3\n|j| Marcostap\n|\n|t:|1699659943\n|-terastallize|p2b: Flutter Mane|Fairy\n|move|p1b: Kingambit|Iron Head|p2b: Flutter Mane\n|-supereffective|p2b: Flutter Mane\n|-damage|p2b: Flutter Mane|0 fnt\n|faint|p2b: Flutter Mane\n|-end|p2b: Flutter Mane|Protosynthesis|[silent]\n|-damage|p1b: Kingambit|81\/100|[from] item: Life Orb\n|move|p1a: Indeedee|Psychic|p2a: Tornadus\n|-damage|p2a: Tornadus|59\/100\n|move|p2a: Tornadus|Bleakwind Storm|p1b: Kingambit|[spread] p1a,p1b\n|-resisted|p1b: Kingambit\n|-damage|p1a: Indeedee|0 fnt\n|-damage|p1b: Kingambit|62\/100\n|faint|p1a: Indeedee\n|\n|-weather|RainDance|[upkeep]\n|upkeep\n|\n|t:|1699659967\n|switch|p1a: Armarouge|Armarouge, L50, F|100\/100\n|switch|p2b: Ogerpon|Ogerpon-Hearthflame, L50, F|100\/100\n|-ability|p2b: Ogerpon|Mold Breaker\n|turn|4\n|\n|t:|1699659986\n|move|p2a: Tornadus|Protect|p2a: Tornadus\n|-singleturn|p2a: Tornadus|Protect\n|move|p1b: Kingambit|Kowtow Cleave|p2b: Ogerpon\n|-damage|p2b: Ogerpon|17\/100\n|-damage|p1b: Kingambit|52\/100|[from] item: Life Orb\n|move|p1a: Armarouge|Expanding Force|p2b: Ogerpon|[spread] p2b\n|-activate|p2a: Tornadus|move: Protect\n|-damage|p2b: Ogerpon|0 fnt\n|faint|p2b: Ogerpon\n|\n|-weather|RainDance|[upkeep]\n|-sideend|p2: SakuroYakami|move: Tailwind\n|upkeep\n|turn|5\n|\n|t:|1699660007\n|move|p1b: Kingambit|Kowtow Cleave|p2a: Tornadus\n|-damage|p2a: Tornadus|0 fnt\n|faint|p2a: Tornadus\n|-damage|p1b: Kingambit|43\/100|[from] item: Life Orb\n|\n|win|PSmonteiro\n|c|&|\/uhtml prompt-sakuroyakami,SakuroYakami is ready for game 2!\n|c|&|\/uhtml prompt-psmonteiro,PSmonteiro is ready for game 2!\nBoth players are ready! Starting next match!\n|l| Yuri\n|l| bb_hachi8\n","uploadtime":1699660114,"views":24,"p1id":"psmonteiro","p2id":"sakuroyakami","formatid":"gen9vgc2023regulatione","rating":0,"private":0,"password":""}