{"id":"gen9vgc2023regulatione-1989432823","p1":"Trains go BRRR","p2":"VeryGayContentVGC","format":"[Gen 9] VGC 2023 Regulation E","log":"|j|\u2606Trains go BRRR\n|j|\u2606VeryGayContentVGC\n|t:|1699849695\n|gametype|doubles\n|player|p1|Trains go BRRR|102|1459\n|player|p2|VeryGayContentVGC|wallace|1408\n|teamsize|p1|6\n|teamsize|p2|6\n|gen|9\n|tier|[Gen 9] VGC 2023 Regulation E\n|rated|\n|rule|Species Clause: Limit one of each Pok\u00e9mon\n|rule|Item Clause: Limit one of each item\n|clearpoke\n|poke|p1|Milotic, L50, F|\n|poke|p1|Rillaboom, L50, M|\n|poke|p1|Heatran, L50, M|\n|poke|p1|Landorus-Therian, L50, M|\n|poke|p1|Dragonite, L50, M|\n|poke|p1|Chien-Pao, L50|\n|poke|p2|Tornadus, L50, M|\n|poke|p2|Flutter Mane, L50|\n|poke|p2|Ninetales-Alola, L50, F|\n|poke|p2|Iron Bundle, L50|\n|poke|p2|Chien-Pao, L50|\n|poke|p2|Azumarill, L50, F|\n|teampreview|4\n|inactive|Battle timer is ON: inactive players will automatically lose when time's up. (requested by VeryGayContentVGC)\n|\n|t:|1699849730\n|start\n|switch|p1a: Heatran|Heatran, L50, M|100\/100\n|switch|p1b: Rillaboom|Rillaboom, L50, M|100\/100\n|switch|p2a: Iron Bundle|Iron Bundle, L50, shiny|100\/100\n|switch|p2b: Ninetales|Ninetales-Alola, L50, F, shiny|100\/100\n|-weather|Snow|[from] ability: Snow Warning|[of] p2b: Ninetales\n|-fieldstart|move: Grassy Terrain|[from] ability: Grassy Surge|[of] p1b: Rillaboom\n|turn|1\n|inactive|Trains go BRRR has 30 seconds left.\n|inactive|Trains go BRRR has 20 seconds left.\n|inactive|Trains go BRRR has 15 seconds left.\n|\n|t:|1699849771\n|-terastallize|p2b: Ninetales|Ghost\n|move|p1b: Rillaboom|Fake Out|p2b: Ninetales\n|-immune|p2b: Ninetales\n|move|p2a: Iron Bundle|Blizzard|p1b: Rillaboom|[spread] p1a,p1b\n|-resisted|p1a: Heatran\n|-supereffective|p1b: Rillaboom\n|-damage|p1a: Heatran|87\/100\n|-damage|p1b: Rillaboom|0 fnt\n|faint|p1b: Rillaboom\n|move|p2b: Ninetales|Aurora Veil|p2b: Ninetales\n|-sidestart|p2: VeryGayContentVGC|move: Aurora Veil\n|move|p1a: Heatran|Flash Cannon|p2a: Iron Bundle\n|-damage|p2a: Iron Bundle|29\/100\n|-damage|p1a: Heatran|78\/100|[from] item: Life Orb\n|\n|-weather|Snow|[upkeep]\n|-heal|p2a: Iron Bundle|35\/100|[from] Grassy Terrain\n|-heal|p1a: Heatran|84\/100|[from] Grassy Terrain\n|upkeep\n|\n|t:|1699849779\n|switch|p1b: Chien-Pao|Chien-Pao, L50|100\/100\n|-ability|p1b: Chien-Pao|Sword of Ruin\n|turn|2\n|inactive|Trains go BRRR has 30 seconds left.\n|inactive|Trains go BRRR has 20 seconds left.\n|\n|t:|1699849817\n|move|p1b: Chien-Pao|Sucker Punch|p2b: Ninetales\n|-supereffective|p2b: Ninetales\n|-damage|p2b: Ninetales|3\/100\n|move|p2a: Iron Bundle|Blizzard|p1a: Heatran|[spread] p1a,p1b\n|-resisted|p1a: Heatran\n|-crit|p1a: Heatran\n|-resisted|p1b: Chien-Pao\n|-damage|p1a: Heatran|63\/100\n|-damage|p1b: Chien-Pao|48\/100\n|move|p2b: Ninetales|Dazzling Gleam|p1a: Heatran|[spread] p1a,p1b\n|-resisted|p1a: Heatran\n|-supereffective|p1b: Chien-Pao\n|-damage|p1a: Heatran|58\/100\n|-damage|p1b: Chien-Pao|0 fnt\n|faint|p1b: Chien-Pao\n|move|p1a: Heatran|Flash Cannon|p2a: Iron Bundle\n|-damage|p2a: Iron Bundle|0 fnt\n|faint|p2a: Iron Bundle\n|-end|p2a: Iron Bundle|Quark Drive|[silent]\n|-damage|p1a: Heatran|48\/100|[from] item: Life Orb\n|\n|-weather|Snow|[upkeep]\n|-heal|p2b: Ninetales|9\/100|[from] Grassy Terrain\n|-heal|p1a: Heatran|55\/100|[from] Grassy Terrain\n|upkeep\n|\n|t:|1699849834\n|switch|p2a: Chien-Pao|Chien-Pao, L50|100\/100\n|switch|p1b: Dragonite|Dragonite, L50, M|100\/100\n|-ability|p2a: Chien-Pao|Sword of Ruin\n|turn|3\n|inactive|Trains go BRRR has 30 seconds left.\n|\n|t:|1699849860\n|-terastallize|p1a: Heatran|Fairy\n|move|p1b: Dragonite|Extreme Speed|p2a: Chien-Pao\n|-damage|p2a: Chien-Pao|70\/100\n|move|p2a: Chien-Pao|Sacred Sword|p1a: Heatran\n|-resisted|p1a: Heatran\n|-crit|p1a: Heatran\n|-damage|p1a: Heatran|29\/100\n|move|p2b: Ninetales|Blizzard|p1a: Heatran|[spread] p1a,p1b\n|-supereffective|p1b: Dragonite\n|-crit|p1b: Dragonite\n|-damage|p1a: Heatran|0 fnt\n|-damage|p1b: Dragonite|0 fnt\n|faint|p1a: Heatran\n|faint|p1b: Dragonite\n|\n|win|VeryGayContentVGC\n|raw|Trains go BRRR's rating: 1459 &rarr; <strong>1436<\/strong><br \/>(-23 for losing)\n|raw|VeryGayContentVGC's rating: 1408 &rarr; <strong>1431<\/strong><br \/>(+23 for winning)\n|l|\u2606VeryGayContentVGC\n","uploadtime":1699849874,"views":15,"p1id":"trainsgobrrr","p2id":"verygaycontentvgc","formatid":"gen9vgc2023regulatione","rating":1431,"private":0,"password":""}