{"id":"gen9vgc2023regulatione-1994337314","p1":"SupernovaSZ8","p2":"Best dozo player","format":"[Gen 9] VGC 2023 Regulation E","log":"|j|\u2606SupernovaSZ8\n|j|\u2606Best dozo player\n|t:|1700432568\n|gametype|doubles\n|player|p1|SupernovaSZ8|iono|1344\n|player|p2|Best dozo player|giovanni|1444\n|teamsize|p1|6\n|teamsize|p2|6\n|gen|9\n|tier|[Gen 9] VGC 2023 Regulation E\n|rated|\n|rule|Species Clause: Limit one of each Pok\u00e9mon\n|rule|Item Clause: Limit one of each item\n|clearpoke\n|poke|p1|Chien-Pao, L50|\n|poke|p1|Dragapult, L50, F|\n|poke|p1|Farigiraf, L50, M|\n|poke|p1|Heatran, L50, M|\n|poke|p1|Rillaboom, L50, M|\n|poke|p1|Urshifu-*, L50, F|\n|poke|p2|Zapdos-Galar, L50|\n|poke|p2|Chien-Pao, L50|\n|poke|p2|Rillaboom, L50, F|\n|poke|p2|Heatran, L50, M|\n|poke|p2|Dondozo, L50, M|\n|poke|p2|Dragonite, L50, F|\n|teampreview|4\n|c|\u2606Best dozo player|supernova player?\n|\n|t:|1700432636\n|start\n|switch|p1a: Dragapult|Dragapult, L50, F, shiny|100\/100\n|switch|p1b: Urshifu|Urshifu-Rapid-Strike, L50, F|100\/100\n|switch|p2a: Chien-Pao|Chien-Pao, L50|100\/100\n|switch|p2b: Zapdos|Zapdos-Galar, L50|100\/100\n|-ability|p2a: Chien-Pao|Sword of Ruin\n|turn|1\n|c|\u2606SupernovaSZ8|?\n|c|\u2606Best dozo player|supernova is a team\n|\n|t:|1700432686\n|switch|p1a: Farigiraf|Farigiraf, L50, M|100\/100\n|move|p2b: Zapdos|Brave Bird|p1b: Urshifu\n|-supereffective|p1b: Urshifu\n|-damage|p1b: Urshifu|0 fnt\n|faint|p1b: Urshifu\n|-damage|p2b: Zapdos|66\/100|[from] Recoil\n|move|p2a: Chien-Pao|Icicle Crash|p1a: Farigiraf\n|-damage|p1a: Farigiraf|52\/100\n|\n|upkeep\n|c|\u2606Best dozo player|i asked if you are a player\n|c|\u2606SupernovaSZ8|I am a player\n|\n|t:|1700432700\n|switch|p1b: Chien-Pao|Chien-Pao, L50|100\/100\n|-ability|p1b: Chien-Pao|Sword of Ruin\n|turn|2\n|c|\u2606Best dozo player|from supernova\n|c|\u2606Best dozo player|...\n|c|\u2606Best dozo player|dont worry\n|c|\u2606SupernovaSZ8|what?\n|c|\u2606Best dozo player|i dont care\n|c|\u2606Best dozo player|glhf\n|c|\u2606SupernovaSZ8|im confused\n|\n|t:|1700432744\n|move|p2b: Zapdos|Brave Bird|p1a: Farigiraf\n|-damage|p1a: Farigiraf|0 fnt\n|-damage|p2b: Zapdos|49\/100|[from] item: Rocky Helmet|[of] p1a: Farigiraf\n|faint|p1a: Farigiraf\n|-damage|p2b: Zapdos|26\/100|[from] Recoil\n|move|p2a: Chien-Pao|Icicle Crash|p1b: Chien-Pao\n|-resisted|p1b: Chien-Pao\n|-damage|p1b: Chien-Pao|68\/100\n|cant|p1b: Chien-Pao|flinch\n|\n|upkeep\n|\n|t:|1700432755\n|switch|p1a: Dragapult|Dragapult, L50, F, shiny|100\/100\n|turn|3\n|c|\u2606Best dozo player|srry hax\n|\n|t:|1700432777\n|move|p2a: Chien-Pao|Sucker Punch|p1a: Dragapult\n|-supereffective|p1a: Dragapult\n|-damage|p1a: Dragapult|0 fnt\n|faint|p1a: Dragapult\n|move|p2b: Zapdos|Brave Bird|p1b: Chien-Pao\n|-damage|p1b: Chien-Pao|0 fnt\n|faint|p1b: Chien-Pao\n|-damage|p2b: Zapdos|5\/100|[from] Recoil\n|\n|win|Best dozo player\n|raw|SupernovaSZ8's rating: 1344 &rarr; <strong>1330<\/strong><br \/>(-14 for losing)\n|raw|Best dozo player's rating: 1444 &rarr; <strong>1458<\/strong><br \/>(+14 for winning)\n|l|\u2606SupernovaSZ8\n","uploadtime":1700432792,"views":28,"p1id":"supernovasz8","p2id":"bestdozoplayer","formatid":"gen9vgc2023regulatione","rating":1330,"private":0,"password":""}