{"id":"gen9vgc2023regulatione-1995622255","p1":"snizzard","p2":"Jack00VGC","format":"[Gen 9] VGC 2023 Regulation E","log":"|j|\u2606snizzard\n|j|\u2606Jack00VGC\n|t:|1700588324\n|gametype|doubles\n|player|p1|snizzard|2|1066\n|player|p2|Jack00VGC|alder|1064\n|teamsize|p1|6\n|teamsize|p2|6\n|gen|9\n|tier|[Gen 9] VGC 2023 Regulation E\n|rated|\n|rule|Species Clause: Limit one of each Pok\u00e9mon\n|rule|Item Clause: Limit one of each item\n|clearpoke\n|poke|p1|Abomasnow, L50, M|\n|poke|p1|Iron Hands, L50|\n|poke|p1|Farigiraf, L50, M|\n|poke|p1|Heatran, L50, M|\n|poke|p1|Ting-Lu, L50|\n|poke|p1|Articuno, L50|\n|poke|p2|Flutter Mane, L50|\n|poke|p2|Ogerpon-Wellspring, L50, F|\n|poke|p2|Indeedee-F, L50, F|\n|poke|p2|Chi-Yu, L50|\n|poke|p2|Regieleki, L50|\n|poke|p2|Tornadus, L50, M|\n|teampreview|4\n|inactive|Battle timer is ON: inactive players will automatically lose when time's up. (requested by Jack00VGC)\nJack00VGC rejected open team sheets.\n|inactive|Jack00VGC has 60 seconds left.\n|\n|t:|1700588374\n|start\n|switch|p1a: Abomasnow|Abomasnow, L50, M|100\/100\n|switch|p1b: Articuno|Articuno, L50, shiny|100\/100\n|switch|p2a: Indeedee|Indeedee-F, L50, F|100\/100\n|switch|p2b: Ogerpon|Ogerpon-Wellspring, L50, F|100\/100\n|-fieldstart|move: Psychic Terrain|[from] ability: Psychic Surge|[of] p2a: Indeedee\n|-enditem|p2a: Indeedee|Psychic Seed\n|-boost|p2a: Indeedee|spd|1|[from] item: Psychic Seed\n|-weather|Snow|[from] ability: Snow Warning|[of] p1a: Abomasnow\n|turn|1\n|inactive|Jack00VGC has 30 seconds left.\n|inactive|Jack00VGC has 20 seconds left.\n|inactive|Jack00VGC has 15 seconds left.\n|\n|t:|1700588415\n|-terastallize|p2b: Ogerpon|Water\n|detailschange|p2b: Ogerpon|Ogerpon-Wellspring-Tera, L50, F, tera:Water\n|-ability|p2b: Ogerpon|Embody Aspect (Wellspring)|boost\n|-boost|p2b: Ogerpon|spd|1\n|move|p2b: Ogerpon|Swords Dance|p2b: Ogerpon\n|-boost|p2b: Ogerpon|atk|2\n|move|p2a: Indeedee|Psychic|p1a: Abomasnow\n|-damage|p1a: Abomasnow|53\/100\n|move|p1b: Articuno|Freeze-Dry|p2b: Ogerpon\n|-supereffective|p2b: Ogerpon\n|-damage|p2b: Ogerpon|58\/100\n|move|p1a: Abomasnow|Blizzard|p2b: Ogerpon|[spread] p2a,p2b\n|-resisted|p2b: Ogerpon\n|-damage|p2a: Indeedee|76\/100\n|-damage|p2b: Ogerpon|45\/100\n|\n|-weather|Snow|[upkeep]\n|upkeep\n|turn|2\n|inactive|snizzard has 30 seconds left.\n|inactive|Jack00VGC has 30 seconds left.\n|inactive|snizzard has 20 seconds left.\n|\n|t:|1700588451\n|move|p2b: Ogerpon|Ivy Cudgel|p1b: Articuno|[anim] Ivy Cudgel Water\n|-damage|p1b: Articuno|22\/100\n|move|p2a: Indeedee|Psychic|p1a: Abomasnow\n|-damage|p1a: Abomasnow|3\/100\n|move|p1b: Articuno|Sheer Cold|p2a: Indeedee|[miss]\n|-miss|p1b: Articuno|p2a: Indeedee\n|move|p1a: Abomasnow|Leaf Storm|p2b: Ogerpon\n|-supereffective|p2b: Ogerpon\n|-damage|p2b: Ogerpon|0 fnt\n|-unboost|p1a: Abomasnow|spa|2\n|-enditem|p1a: Abomasnow|Eject Pack\n|faint|p2b: Ogerpon\n|\n|t:|1700588467\n|switch|p1a: Heatran|Heatran, L50, M|100\/100\n|\n|-weather|Snow|[upkeep]\n|upkeep\n|\n|t:|1700588489\n|switch|p2b: Flutter Mane|Flutter Mane, L50|100\/100\n|turn|3\n|\n|t:|1700588509\n|move|p2a: Indeedee|Follow Me|p2a: Indeedee\n|-singleturn|p2a: Indeedee|move: Follow Me\n|move|p2b: Flutter Mane|Shadow Ball|p1a: Heatran\n|-damage|p1a: Heatran|54\/100\n|-unboost|p1a: Heatran|spd|1\n|move|p1a: Heatran|Earth Power|p2a: Indeedee\n|-damage|p2a: Indeedee|45\/100\n|-damage|p1a: Heatran|45\/100|[from] item: Life Orb\n|move|p1b: Articuno|Sheer Cold|p2a: Indeedee|[miss]\n|-miss|p1b: Articuno|p2a: Indeedee\n|\n|-weather|Snow|[upkeep]\n|upkeep\n|turn|4\n|\n|t:|1700588528\n|move|p2b: Flutter Mane|Shadow Ball|p1a: Heatran\n|-damage|p1a: Heatran|0 fnt\n|faint|p1a: Heatran\n|move|p2a: Indeedee|Psychic|p1b: Articuno\n|-damage|p1b: Articuno|0 fnt\n|faint|p1b: Articuno\n|\n|-weather|Snow|[upkeep]\n|upkeep\n|-message|snizzard forfeited.\n|\n|win|Jack00VGC\n|raw|snizzard's rating: 1048 &rarr; <strong>1032<\/strong><br \/>(-16 for losing)\n|raw|Jack00VGC's rating: 1064 &rarr; <strong>1093<\/strong><br \/>(+29 for winning)\n|l|\u2606snizzard\n","uploadtime":1700588544,"views":0,"p1id":"snizzard","p2id":"jack00vgc","formatid":"gen9vgc2023regulatione","rating":1032,"private":0,"password":""}