{"id":"gen9vgc2023regulatione-1989309368","p1":"MkemonOLD","p2":"BreadyTorus","format":"[Gen 9] VGC 2023 Regulation E","log":"|j|\u2606MkemonOLD\n|j|\u2606BreadyTorus\n|t:|1699834716\n|gametype|doubles\n|player|p1|MkemonOLD|170|1061\n|player|p2|BreadyTorus|265|1000\n|teamsize|p1|6\n|teamsize|p2|6\n|gen|9\n|tier|[Gen 9] VGC 2023 Regulation E\n|rated|\n|rule|Species Clause: Limit one of each Pok\u00e9mon\n|rule|Item Clause: Limit one of each item\n|clearpoke\n|poke|p1|Urshifu-*, L50, M|\n|poke|p1|Tornadus, L50, M|\n|poke|p1|Clefairy, L50, M|\n|poke|p1|Gholdengo, L50|\n|poke|p1|Ogerpon-Hearthflame, L50, F|\n|poke|p1|Amoonguss, L50, M|\n|poke|p2|Gallade, L50, M|\n|poke|p2|Drifblim, L50, M|\n|poke|p2|Ogerpon-Cornerstone, L50, F|\n|poke|p2|Scream Tail, L50|\n|poke|p2|Chi-Yu, L50|\n|poke|p2|Tornadus, L50, M|\n|teampreview|4\n|\n|t:|1699834770\n|start\n|switch|p1a: Tornadus|Tornadus, L50, M|100\/100\n|switch|p1b: Gholdengo|Gholdengo, L50|100\/100\n|switch|p2a: Kracko|Tornadus, L50, M|100\/100\n|switch|p2b: My Fish|Chi-Yu, L50|100\/100\n|-ability|p2b: My Fish|Beads of Ruin\n|turn|1\n|\n|t:|1699834797\n|move|p2a: Kracko|Taunt|p1a: Tornadus\n|-start|p1a: Tornadus|move: Taunt\n|cant|p1a: Tornadus|move: Taunt|Rain Dance\n|move|p2b: My Fish|Dark Pulse|p1b: Gholdengo\n|-supereffective|p1b: Gholdengo\n|-crit|p1b: Gholdengo\n|-damage|p1b: Gholdengo|0 fnt\n|faint|p1b: Gholdengo\n|-damage|p2b: My Fish|91\/100|[from] item: Life Orb\n|\n|upkeep\n|-message|MkemonOLD forfeited.\n|\n|win|BreadyTorus\n|raw|MkemonOLD's rating: 1061 &rarr; <strong>1039<\/strong><br \/>(-22 for losing)\n|raw|BreadyTorus's rating: 1000 &rarr; <strong>1047<\/strong><br \/>(+47 for winning)\n|l|\u2606MkemonOLD\n","uploadtime":1699834829,"views":34,"p1id":"mkemonold","p2id":"breadytorus","formatid":"gen9vgc2023regulatione","rating":1039,"private":0,"password":""}