{"id":"gen9vgc2023regulatione-1999423102","p1":"Lsxy","p2":"Jippt351","format":"[Gen 9] VGC 2023 Regulation E","log":"|j|\u2606Lsxy\n|j|\u2606Jippt351\n|t:|1701078042\n|gametype|doubles\n|player|p1|Lsxy|170|1290\n|player|p2|Jippt351|266|1269\n|teamsize|p1|6\n|teamsize|p2|6\n|gen|9\n|tier|[Gen 9] VGC 2023 Regulation E\n|rated|\n|rule|Species Clause: Limit one of each Pok\u00e9mon\n|rule|Item Clause: Limit one of each item\n|clearpoke\n|poke|p1|Scizor, L50, M|\n|poke|p1|Politoed, L50, F|\n|poke|p1|Farigiraf, L50, F|\n|poke|p1|Palafin, L50, F|\n|poke|p1|Basculegion, L50, M|\n|poke|p1|Roaring Moon, L50|\n|poke|p2|Lilligant-Hisui, L50, F|\n|poke|p2|Torkoal, L50, F|\n|poke|p2|Regidrago, L50|\n|poke|p2|Ursaluna, L50, M|\n|poke|p2|Armarouge, L50, F|\n|poke|p2|Indeedee-F, L50, F|\n|teampreview|4\n|inactive|Battle timer is ON: inactive players will automatically lose when time's up. (requested by Jippt351)\n|c|\u2606Jippt351|lol we face again\n|l|\u2606Jippt351\n|inactive|Jippt351 disconnected and has a minute to reconnect!\n|player|p2|\n|j|\u2606Jippt351\n|inactive|Jippt351 reconnected and has 60 seconds left.\n|player|p2|Jippt351|266\n|l|\u2606Jippt351\n|inactive|Jippt351 disconnected and has a minute to reconnect!\n|player|p2|\n|j|\u2606Jippt351\n|inactive|Jippt351 reconnected and has 40 seconds left.\n|player|p2|Jippt351|266\n|\n|t:|1701078101\n|start\n|switch|p1a: Roaring Moon|Roaring Moon, L50|100\/100\n|switch|p1b: Farigiraf|Farigiraf, L50, F|100\/100\n|switch|p2a: Lilligant|Lilligant-Hisui, L50, F|100\/100\n|switch|p2b: Torkoal|Torkoal, L50, F|100\/100\n|-weather|SunnyDay|[from] ability: Drought|[of] p2b: Torkoal\n|-activate|p1a: Roaring Moon|ability: Protosynthesis\n|-start|p1a: Roaring Moon|protosynthesisspe\n|turn|1\n|l|\u2606Jippt351\n|inactive|Jippt351 disconnected and has a minute to reconnect!\n|player|p2|\n|j|\u2606Jippt351\n|inactive|Jippt351 reconnected and has 35 seconds left.\n|player|p2|Jippt351|266\n|inactive|Jippt351 has 30 seconds left.\n|inactive|Jippt351 has 20 seconds left.\n|inactive|Jippt351 has 15 seconds left.\n|inactive|Jippt351 has 10 seconds left.\n|\n|t:|1701078147\n|switch|p1b: Politoed|Politoed, L50, F|100\/100\n|-weather|RainDance|[from] ability: Drizzle|[of] p1b: Politoed\n|-end|p1a: Roaring Moon|Protosynthesis\n|-enditem|p1a: Roaring Moon|Booster Energy\n|-activate|p1a: Roaring Moon|ability: Protosynthesis|[fromitem]\n|-start|p1a: Roaring Moon|protosynthesisspe\n|-terastallize|p2b: Torkoal|Fire\n|move|p1a: Roaring Moon|Knock Off|p2b: Torkoal\n|-damage|p2b: Torkoal|59\/100\n|-enditem|p2b: Torkoal|Charcoal|[from] move: Knock Off|[of] p1a: Roaring Moon\n|move|p2a: Lilligant|After You|p2b: Torkoal\n|-activate|p2b: Torkoal|move: After You\n|move|p2b: Torkoal|Eruption|p1a: Roaring Moon|[spread] p1a,p1b\n|-resisted|p1a: Roaring Moon\n|-resisted|p1b: Politoed\n|-damage|p1a: Roaring Moon|92\/100\n|-damage|p1b: Politoed|92\/100\n|\n|-weather|RainDance|[upkeep]\n|upkeep\n|turn|2\n|l|\u2606Jippt351\n|inactive|Jippt351 disconnected and has a minute to reconnect!\n|player|p2|\n|j|\u2606Jippt351\n|inactive|Jippt351 reconnected and has 35 seconds left.\n|player|p2|Jippt351|266\n|inactive|Jippt351 has 30 seconds left.\n|\n|t:|1701078173\n|move|p2b: Torkoal|Protect|p2b: Torkoal\n|-singleturn|p2b: Torkoal|Protect\n|move|p1a: Roaring Moon|Acrobatics|p2a: Lilligant\n|-supereffective|p2a: Lilligant\n|-enditem|p2a: Lilligant|Focus Sash\n|-damage|p2a: Lilligant|1\/100\n|move|p2a: Lilligant|Solar Blade||[still]\n|-prepare|p2a: Lilligant|Solar Blade\n|move|p1b: Politoed|Muddy Water|p2a: Lilligant|[spread] p2a\n|-activate|p2b: Torkoal|move: Protect\n|-resisted|p2a: Lilligant\n|-damage|p2a: Lilligant|0 fnt\n|faint|p2a: Lilligant\n|\n|-weather|RainDance|[upkeep]\n|upkeep\n|-message|Jippt351 forfeited.\n|\n|win|Lsxy\n|raw|Lsxy's rating: 1290 &rarr; <strong>1313<\/strong><br \/>(+23 for winning)\n|raw|Jippt351's rating: 1269 &rarr; <strong>1246<\/strong><br \/>(-23 for losing)\n|l|\u2606Lsxy\n","uploadtime":1701078192,"views":8,"p1id":"lsxy","p2id":"jippt351","formatid":"gen9vgc2023regulatione","rating":1246,"private":0,"password":""}