{"id":"gen9vgc2023regulatione-1990869816","p1":"Vaiythe","p2":"Delta1O7","format":"[Gen 9] VGC 2023 Regulation E","log":"|j|\u2606Vaiythe\n|j|\u2606Delta1O7\n|t:|1700009589\n|gametype|doubles\n|player|p1|Vaiythe|shadowtriad|1080\n|player|p2|Delta1O7|1|1137\n|teamsize|p1|6\n|teamsize|p2|6\n|gen|9\n|tier|[Gen 9] VGC 2023 Regulation E\n|rated|\n|rule|Species Clause: Limit one of each Pok\u00e9mon\n|rule|Item Clause: Limit one of each item\n|clearpoke\n|poke|p1|Bisharp, L50, M|\n|poke|p1|Blissey, L50, F|\n|poke|p1|Clawitzer, L50, M|\n|poke|p1|Decidueye, L50, F|\n|poke|p1|Fezandipiti, L50, M|\n|poke|p1|Cyclizar, L50, F|\n|poke|p2|Maushold-Four, L50|\n|poke|p2|Lucario, L50, M|\n|poke|p2|Dragonite, L50, M|\n|poke|p2|Iron Hands, L50|\n|poke|p2|Iron Bundle, L50|\n|poke|p2|Arcanine, L50, M|\n|teampreview|4\n|inactive|Battle timer is ON: inactive players will automatically lose when time's up. (requested by Vaiythe)\nVaiythe rejected open team sheets.\n|\n|t:|1700009628\n|start\n|switch|p1a: Bisharp|Bisharp, L50, M, shiny|100\/100\n|switch|p1b: Blissey|Blissey, L50, F, shiny|100\/100\n|switch|p2a: Maushold|Maushold-Four, L50|100\/100\n|switch|p2b: Lucario|Lucario, L50, M|100\/100\n|turn|1\n|\n|t:|1700009651\n|move|p2a: Maushold|Beat Up|p2b: Lucario\n|-resisted|p2b: Lucario\n|-damage|p2b: Lucario|99\/100\n|-ability|p2b: Lucario|Justified|boost\n|-boost|p2b: Lucario|atk|1\n|-resisted|p2b: Lucario\n|-damage|p2b: Lucario|99\/100\n|-ability|p2b: Lucario|Justified|boost\n|-boost|p2b: Lucario|atk|1\n|-resisted|p2b: Lucario\n|-damage|p2b: Lucario|98\/100\n|-ability|p2b: Lucario|Justified|boost\n|-boost|p2b: Lucario|atk|1\n|-resisted|p2b: Lucario\n|-damage|p2b: Lucario|97\/100\n|-ability|p2b: Lucario|Justified|boost\n|-boost|p2b: Lucario|atk|1\n|-hitcount|p2b: Lucario|4\n|move|p2b: Lucario|Close Combat|p1a: Bisharp\n|-supereffective|p1a: Bisharp\n|-damage|p1a: Bisharp|0 fnt\n|-unboost|p2b: Lucario|def|1\n|-unboost|p2b: Lucario|spd|1\n|faint|p1a: Bisharp\n|move|p1b: Blissey|Life Dew||[still]\n|-fail|p1b: Blissey|heal\n|\n|upkeep\n|\n|t:|1700009670\n|switch|p1a: Cyclizar|Cyclizar, L50, F|100\/100\n|turn|2\n|\n|t:|1700009678\n|move|p2a: Maushold|Follow Me|p2a: Maushold\n|-singleturn|p2a: Maushold|move: Follow Me\n|move|p1a: Cyclizar|Wild Charge|p2a: Maushold\n|-damage|p2a: Maushold|68\/100\n|-damage|p1a: Cyclizar|90\/100|[from] Recoil\n|-damage|p1a: Cyclizar|80\/100|[from] item: Life Orb\n|move|p2b: Lucario|Close Combat|p1b: Blissey\n|-supereffective|p1b: Blissey\n|-damage|p1b: Blissey|0 fnt\n|-unboost|p2b: Lucario|def|1\n|-unboost|p2b: Lucario|spd|1\n|faint|p1b: Blissey\n|\n|upkeep\n|\n|t:|1700009690\n|switch|p1b: Clawitzer|Clawitzer, L50, M, shiny|100\/100\n|turn|3\n|\n|t:|1700009701\n|move|p2a: Maushold|Follow Me|p2a: Maushold\n|-singleturn|p2a: Maushold|move: Follow Me\n|move|p1a: Cyclizar|Wild Charge|p2a: Maushold\n|-damage|p2a: Maushold|35\/100\n|-damage|p1a: Cyclizar|70\/100|[from] Recoil\n|-damage|p1a: Cyclizar|60\/100|[from] item: Life Orb\n|move|p1b: Clawitzer|Dragon Pulse|p2a: Maushold\n|-damage|p2a: Maushold|0 fnt\n|faint|p2a: Maushold\n|move|p2b: Lucario|Close Combat|p1a: Cyclizar\n|-supereffective|p1a: Cyclizar\n|-damage|p1a: Cyclizar|0 fnt\n|-unboost|p2b: Lucario|def|1\n|-unboost|p2b: Lucario|spd|1\n|faint|p1a: Cyclizar\n|\n|upkeep\n|\n|t:|1700009716\n|switch|p2a: Iron Hands|Iron Hands, L50|100\/100\n|turn|4\n|\n|t:|1700009723\n|move|p2a: Iron Hands|Fake Out|p1b: Clawitzer\n|-damage|p1b: Clawitzer|83\/100\n|cant|p1b: Clawitzer|flinch\n|move|p2b: Lucario|Close Combat|p1b: Clawitzer\n|-damage|p1b: Clawitzer|0 fnt\n|-unboost|p2b: Lucario|def|1\n|-unboost|p2b: Lucario|spd|1\n|faint|p1b: Clawitzer\n|\n|win|Delta1O7\n|raw|Vaiythe's rating: 1080 &rarr; <strong>1062<\/strong><br \/>(-18 for losing)\n|raw|Delta1O7's rating: 1137 &rarr; <strong>1158<\/strong><br \/>(+21 for winning)\n|l|\u2606Vaiythe\n","uploadtime":1700009798,"views":30,"p1id":"vaiythe","p2id":"delta1o7","formatid":"gen9vgc2023regulatione","rating":1062,"private":0,"password":""}