{"id":"gen9vgc2023regulatione-1995652947","p1":"JEMM1992","p2":"secretstudent","format":"[Gen 9] VGC 2023 Regulation E","log":"|j|\u2606JEMM1992\n|j|\u2606secretstudent\n|t:|1700591012\n|gametype|doubles\n|player|p1|JEMM1992|lucas|1216\n|player|p2|secretstudent|beauty|1121\n|teamsize|p1|6\n|teamsize|p2|6\n|gen|9\n|tier|[Gen 9] VGC 2023 Regulation E\n|rated|\n|rule|Species Clause: Limit one of each Pok\u00e9mon\n|rule|Item Clause: Limit one of each item\n|clearpoke\n|poke|p1|Baxcalibur, L50, M|\n|poke|p1|Bronzong, L50|\n|poke|p1|Tornadus, L50, M|\n|poke|p1|Flutter Mane, L50|\n|poke|p1|Maushold-Four, L50|\n|poke|p1|Annihilape, L50, F|\n|poke|p2|Chien-Pao, L50|\n|poke|p2|Amoonguss, L50, F|\n|poke|p2|Hatterene, L50, F|\n|poke|p2|Gyarados, L50, M|\n|poke|p2|Volcarona, L50, F|\n|poke|p2|Ogerpon, L50, F|\n|teampreview|4\n|l|\u2606secretstudent\n|player|p2|\n|j|\u2606secretstudent\n|player|p2|secretstudent|beauty\n|\n|t:|1700591108\n|start\n|switch|p1a: Bronzong|Bronzong, L50|100\/100\n|switch|p1b: Flutter Mane|Flutter Mane, L50|100\/100\n|switch|p2a: Gyarados|Gyarados, L50, M|100\/100\n|switch|p2b: Hatterene|Hatterene, L50, F|100\/100\n|-ability|p2a: Gyarados|Intimidate|boost\n|-unboost|p1a: Bronzong|atk|1\n|-unboost|p1b: Flutter Mane|atk|1\n|turn|1\n|\n|t:|1700591135\n|-terastallize|p1b: Flutter Mane|Fairy\n|move|p1a: Bronzong|Helping Hand|p1b: Flutter Mane\n|-singleturn|p1b: Flutter Mane|Helping Hand|[of] p1a: Bronzong\n|move|p1b: Flutter Mane|Dazzling Gleam|p2a: Gyarados|[spread] p2a,p2b\n|-damage|p2a: Gyarados|0 fnt\n|-damage|p2b: Hatterene|0 fnt\n|faint|p2a: Gyarados\n|faint|p2b: Hatterene\n|\n|upkeep\n|\n|t:|1700591145\n|switch|p2a: Amoonguss|Amoonguss, L50, F|100\/100\n|switch|p2b: Chien-Pao|Chien-Pao, L50|100\/100\n|-ability|p2b: Chien-Pao|Sword of Ruin\n|turn|2\n|\n|t:|1700591163\n|move|p1a: Bronzong|Helping Hand|p1b: Flutter Mane\n|-singleturn|p1b: Flutter Mane|Helping Hand|[of] p1a: Bronzong\n|move|p2b: Chien-Pao|Sucker Punch|p1b: Flutter Mane\n|-resisted|p1b: Flutter Mane\n|-damage|p1b: Flutter Mane|43\/100\n|move|p1b: Flutter Mane|Dazzling Gleam|p2b: Chien-Pao|[spread] p2a,p2b\n|-resisted|p2a: Amoonguss\n|-crit|p2a: Amoonguss\n|-supereffective|p2b: Chien-Pao\n|-damage|p2a: Amoonguss|29\/100\n|-enditem|p2b: Chien-Pao|Focus Sash\n|-damage|p2b: Chien-Pao|1\/100\n|move|p2a: Amoonguss|Spore|p1a: Bronzong\n|-status|p1a: Bronzong|slp|[from] move: Spore\n|\n|upkeep\n|turn|3\n|\n|t:|1700591186\n|switch|p1a: Tornadus|Tornadus, L50, M|100\/100\n|move|p2b: Chien-Pao|Sucker Punch|p1b: Flutter Mane\n|-resisted|p1b: Flutter Mane\n|-damage|p1b: Flutter Mane|0 fnt\n|faint|p1b: Flutter Mane\n|-end|p1b: Flutter Mane|Protosynthesis|[silent]\n|move|p2a: Amoonguss|Pollen Puff|p2b: Chien-Pao\n|-heal|p2b: Chien-Pao|51\/100\n|\n|upkeep\n|\n|t:|1700591202\n|switch|p1b: Baxcalibur|Baxcalibur, L50, M|100\/100\n|turn|4\n|\n|t:|1700591215\n|move|p1a: Tornadus|Taunt|p2a: Amoonguss\n|-start|p2a: Amoonguss|move: Taunt\n|move|p2b: Chien-Pao|Icicle Crash|p1a: Tornadus\n|-supereffective|p1a: Tornadus\n|-damage|p1a: Tornadus|0 fnt\n|faint|p1a: Tornadus\n|move|p1b: Baxcalibur|Earthquake|p2a: Amoonguss|[spread] p2a,p2b\n|-damage|p2a: Amoonguss|0 fnt\n|-damage|p2b: Chien-Pao|0 fnt\n|faint|p2a: Amoonguss\n|faint|p2b: Chien-Pao\n|-damage|p1b: Baxcalibur|91\/100|[from] item: Life Orb\n|\n|win|JEMM1992\n|raw|JEMM1992's rating: 1216 &rarr; <strong>1234<\/strong><br \/>(+18 for winning)\n|raw|secretstudent's rating: 1121 &rarr; <strong>1103<\/strong><br \/>(-18 for losing)\n","uploadtime":1700591225,"views":6,"p1id":"jemm1992","p2id":"secretstudent","formatid":"gen9vgc2023regulatione","rating":1103,"private":0,"password":""}