{"id":"gen9vgc2023regulatione-1988638270","p1":"rocckoo","p2":"Determewnation","format":"[Gen 9] VGC 2023 Regulation E","log":"|j|\u2606rocckoo\n|j|\u2606Determewnation\n|t:|1699744860\n|gametype|doubles\n|player|p1|rocckoo|2|1375\n|player|p2|Determewnation|akari-isekai|1450\n|teamsize|p1|6\n|teamsize|p2|6\n|gen|9\n|tier|[Gen 9] VGC 2023 Regulation E\n|rated|\n|rule|Species Clause: Limit one of each Pok\u00e9mon\n|rule|Item Clause: Limit one of each item\n|clearpoke\n|poke|p1|Regieleki, L50|\n|poke|p1|Empoleon, L50, F|\n|poke|p1|Ogerpon-Hearthflame, L50, F|\n|poke|p1|Dragonite, L50, M|\n|poke|p1|Ninetales-Alola, L50, M|\n|poke|p1|Landorus-Therian, L50, M|\n|poke|p2|Indeedee-F, L50, F|\n|poke|p2|Iron Hands, L50|\n|poke|p2|Goodra, L50, M|\n|poke|p2|Chi-Yu, L50|\n|poke|p2|Tornadus, L50, M|\n|poke|p2|Hatterene, L50, F|\n|teampreview|4\n|inactive|Battle timer is ON: inactive players will automatically lose when time's up. (requested by rocckoo)\n|\n|t:|1699744922\n|start\n|switch|p1a: Ninetales|Ninetales-Alola, L50, M|100\/100\n|switch|p1b: Dragonite|Dragonite, L50, M|100\/100\n|switch|p2a: Tornadus|Tornadus, L50, M|100\/100\n|switch|p2b: Chi-Yu|Chi-Yu, L50|100\/100\n|-weather|Snow|[from] ability: Snow Warning|[of] p1a: Ninetales\n|-ability|p2b: Chi-Yu|Beads of Ruin\n|turn|1\n|inactive|rocckoo has 30 seconds left.\n|inactive|rocckoo has 20 seconds left.\n|inactive|rocckoo has 15 seconds left.\n|\n|t:|1699744966\n|move|p2a: Tornadus|Sunny Day|p2a: Tornadus\n|-weather|SunnyDay\n|move|p1a: Ninetales|Aurora Veil||[still]\n|-fail|p1a: Ninetales\n|move|p2b: Chi-Yu|Heat Wave|p1b: Dragonite|[spread] p1a,p1b\n|-supereffective|p1a: Ninetales\n|-resisted|p1b: Dragonite\n|-damage|p1a: Ninetales|0 fnt\n|-damage|p1b: Dragonite|82\/100\n|faint|p1a: Ninetales\n|move|p1b: Dragonite|Stomping Tantrum|p2b: Chi-Yu\n|-supereffective|p2b: Chi-Yu\n|-damage|p2b: Chi-Yu|8\/100\n|\n|-weather|SunnyDay|[upkeep]\n|upkeep\n|\n|t:|1699744981\n|switch|p1a: Empoleon|Empoleon, L50, F|100\/100\n|turn|2\n|\n|t:|1699744995\n|switch|p2a: Indeedee|Indeedee-F, L50, F|100\/100\n|-fieldstart|move: Psychic Terrain|[from] ability: Psychic Surge|[of] p2a: Indeedee\n|-enditem|p2a: Indeedee|Psychic Seed\n|-boost|p2a: Indeedee|spd|1|[from] item: Psychic Seed\n|move|p1b: Dragonite|Extreme Speed|p2b: Chi-Yu\n|-activate|p2b: Chi-Yu|move: Psychic Terrain\n|move|p2b: Chi-Yu|Heat Wave|p1a: Empoleon|[spread] p1a,p1b\n|-resisted|p1b: Dragonite\n|-damage|p1a: Empoleon|0 fnt\n|-damage|p1b: Dragonite|49\/100\n|faint|p1a: Empoleon\n|\n|-weather|SunnyDay|[upkeep]\n|upkeep\n|\n|t:|1699745000\n|switch|p1a: Landorus|Landorus-Therian, L50, M|100\/100\n|-ability|p1a: Landorus|Intimidate|boost\n|-unboost|p2a: Indeedee|atk|1\n|-unboost|p2b: Chi-Yu|atk|1\n|turn|3\n|\n|t:|1699745023\n|move|p1a: Landorus|U-turn|p2a: Indeedee\n|-supereffective|p2a: Indeedee\n|-damage|p2a: Indeedee|55\/100\n|move|p2b: Chi-Yu|Heat Wave|p1b: Dragonite|[spread] p1a,p1b\n|-resisted|p1b: Dragonite\n|-damage|p1a: Landorus|0 fnt\n|-damage|p1b: Dragonite|13\/100\n|faint|p1a: Landorus\n|move|p1b: Dragonite|Stomping Tantrum|p2b: Chi-Yu\n|-supereffective|p2b: Chi-Yu\n|-damage|p2b: Chi-Yu|0 fnt\n|faint|p2b: Chi-Yu\n|move|p2a: Indeedee|Psychic|p1b: Dragonite\n|-damage|p1b: Dragonite|0 fnt\n|faint|p1b: Dragonite\n|\n|win|Determewnation\n|raw|rocckoo's rating: 1375 &rarr; <strong>1359<\/strong><br \/>(-16 for losing)\n|raw|Determewnation's rating: 1450 &rarr; <strong>1466<\/strong><br \/>(+16 for winning)\n|l|\u2606Determewnation\n|j|\u2606Determewnation\n|player|p2|Determewnation|akari-isekai\n","uploadtime":1699745222,"views":13,"p1id":"rocckoo","p2id":"determewnation","formatid":"gen9vgc2023regulatione","rating":1359,"private":0,"password":""}