{"id":"gen9vgc2023regulatione-1999206383","p1":"you'll be fine","p2":"AmongusMaster5678","format":"[Gen 9] VGC 2023 Regulation E","log":"|j|\u2606you'll be fine\n|j|\u2606AmongusMaster5678\n|t:|1701045351\n|gametype|doubles\n|player|p1|you'll be fine|n|1445\n|player|p2|AmongusMaster5678|170|1431\n|teamsize|p1|6\n|teamsize|p2|6\n|gen|9\n|tier|[Gen 9] VGC 2023 Regulation E\n|rated|\n|rule|Species Clause: Limit one of each Pok\u00e9mon\n|rule|Item Clause: Limit one of each item\n|clearpoke\n|poke|p1|Roaring Moon, L50|\n|poke|p1|Gholdengo, L50|\n|poke|p1|Arcanine-Hisui, L50, F|\n|poke|p1|Ogerpon-Wellspring, L50, F|\n|poke|p1|Rillaboom, L50, M|\n|poke|p1|Flutter Mane, L50|\n|poke|p2|Rillaboom, L50, F|\n|poke|p2|Arcanine-Hisui, L50, F|\n|poke|p2|Urshifu-*, L50, F|\n|poke|p2|Tornadus, L50, M|\n|poke|p2|Flutter Mane, L50|\n|poke|p2|Chien-Pao, L50|\n|teampreview|4\n|inactive|Battle timer is ON: inactive players will automatically lose when time's up. (requested by AmongusMaster5678)\n|inactive|you'll be fine also wants the timer to be on.\n|inactive|you'll be fine has 60 seconds left.\n|\n|t:|1701045388\n|start\n|switch|p1a: Roaring Moon|Roaring Moon, L50|100\/100\n|switch|p1b: Arcanine|Arcanine-Hisui, L50, F|100\/100\n|switch|p2a: Tornadus|Tornadus, L50, M|100\/100\n|switch|p2b: Chien-Pao|Chien-Pao, L50|100\/100\n|-ability|p2b: Chien-Pao|Sword of Ruin\n|-ability|p1b: Arcanine|Intimidate|boost\n|-unboost|p2a: Tornadus|atk|1\n|-unboost|p2b: Chien-Pao|atk|1\n|-enditem|p1a: Roaring Moon|Booster Energy\n|-activate|p1a: Roaring Moon|ability: Protosynthesis|[fromitem]\n|-start|p1a: Roaring Moon|protosynthesisspe\n|turn|1\n|\n|t:|1701045410\n|-terastallize|p1a: Roaring Moon|Poison\n|move|p2a: Tornadus|Tailwind|p2a: Tornadus\n|-sidestart|p2: AmongusMaster5678|move: Tailwind\n|move|p2b: Chien-Pao|Icicle Crash|p1a: Roaring Moon\n|-damage|p1a: Roaring Moon|67\/100\n|cant|p1a: Roaring Moon|flinch\n|move|p1b: Arcanine|Rock Slide|p2a: Tornadus|[spread] p2a,p2b\n|-supereffective|p2a: Tornadus\n|-supereffective|p2b: Chien-Pao\n|-damage|p2a: Tornadus|0 fnt\n|-enditem|p2b: Chien-Pao|Focus Sash\n|-damage|p2b: Chien-Pao|1\/100\n|faint|p2a: Tornadus\n|\n|upkeep\n|\n|t:|1701045420\n|switch|p2a: Arcanine|Arcanine-Hisui, L50, F|100\/100\n|-ability|p2a: Arcanine|Intimidate|boost\n|-unboost|p1a: Roaring Moon|atk|1\n|-unboost|p1b: Arcanine|atk|1\n|turn|2\n|\n|t:|1701045435\n|-terastallize|p2a: Arcanine|Fairy\n|move|p2b: Chien-Pao|Crunch|p1a: Roaring Moon\n|-crit|p1a: Roaring Moon\n|-damage|p1a: Roaring Moon|0 fnt\n|faint|p1a: Roaring Moon\n|-end|p1a: Roaring Moon|Protosynthesis|[silent]\n|move|p2a: Arcanine|Rock Slide|p1b: Arcanine\n|-supereffective|p1b: Arcanine\n|-crit|p1b: Arcanine\n|-damage|p1b: Arcanine|0 fnt\n|faint|p1b: Arcanine\n|\n|upkeep\n|c|\u2606you'll be fine|WOW\n|c|\u2606you'll be fine|lmaooo\n|\n|t:|1701045450\n|switch|p1a: Flutter Mane|Flutter Mane, L50, shiny|100\/100\n|switch|p1b: Gholdengo|Gholdengo, L50|100\/100\n|turn|3\n|\n|t:|1701045473\n|move|p1a: Flutter Mane|Protect|p1a: Flutter Mane\n|-singleturn|p1a: Flutter Mane|Protect\n|move|p2b: Chien-Pao|Crunch|p1b: Gholdengo\n|-supereffective|p1b: Gholdengo\n|-damage|p1b: Gholdengo|24\/100\n|move|p2a: Arcanine|Rock Slide|p1b: Gholdengo|[spread] p1b\n|-activate|p1a: Flutter Mane|move: Protect\n|-resisted|p1b: Gholdengo\n|-damage|p1b: Gholdengo|0 fnt\n|faint|p1b: Gholdengo\n|\n|upkeep\n|turn|4\n|\n|t:|1701045484\n|move|p2b: Chien-Pao|Crunch|p1a: Flutter Mane\n|-damage|p1a: Flutter Mane|48\/100\n|-unboost|p1a: Flutter Mane|def|1\n|move|p2a: Arcanine|Rock Slide|p1a: Flutter Mane\n|-damage|p1a: Flutter Mane|0 fnt\n|faint|p1a: Flutter Mane\n|-end|p1a: Flutter Mane|Protosynthesis|[silent]\n|\n|win|AmongusMaster5678\n|raw|you&apos;ll be fine's rating: 1445 &rarr; <strong>1424<\/strong><br \/>(-21 for losing)\n|raw|AmongusMaster5678's rating: 1431 &rarr; <strong>1452<\/strong><br \/>(+21 for winning)\n|l|\u2606you'll be fine\n","uploadtime":1701045581,"views":16,"p1id":"youllbefine","p2id":"amongusmaster5678","formatid":"gen9vgc2023regulatione","rating":1424,"private":0,"password":""}