{"id":"gen9vgc2023regulatione-1989247750","p1":"ShimeNaruka","p2":"Marcostap","format":"[Gen 9] VGC 2023 Regulation E","log":"|j|\u2606ShimeNaruka\n|j|\u2606Marcostap\n|n|\u2606ShimeNaruka|shimenaruka\n|n|\u2606Marcostap|marcostap\n|html|View the match progress at <a href=\"\/game-bestof3-gen9vgc2023regulatione-1989243210\">game-bestof3-gen9vgc2023regulatione-1989243210<\/a>\n|t:|1699827751\n|gametype|doubles\n|player|p1|ShimeNaruka|alder|\n|player|p2|Marcostap|cynthia-gen4|\n|teamsize|p1|6\n|teamsize|p2|6\n|gen|9\n|tier|[Gen 9] VGC 2023 Regulation E\n|rule|Species Clause: Limit one of each Pok\u00e9mon\n|rule|Item Clause: Limit one of each item\n|clearpoke\n|poke|p1|Flutter Mane, L50|\n|poke|p1|Urshifu-*, L50, F|\n|poke|p1|Ogerpon-Wellspring, L50, F|\n|poke|p1|Iron Hands, L50|\n|poke|p1|Landorus, L50, M|\n|poke|p1|Arcanine-Hisui, L50, F|\n|poke|p2|Rillaboom, L50, M|\n|poke|p2|Pelipper, L50, F|\n|poke|p2|Palafin, L50, M|\n|poke|p2|Ursaluna-Bloodmoon, L50, M|\n|poke|p2|Dusclops, L50, F|\n|poke|p2|Cresselia, L50, F|\n|teampreview|4\nShimeNaruka has agreed to open team sheets.\nMarcostap has agreed to open team sheets.\n|showteam|p1|Flutter Mane||BoosterEnergy|Protosynthesis|Moonblast,ShadowBall,IcyWind,Protect||||||50|,,,,,Fairy]Urshifu||FocusSash|UnseenFist|WickedBlow,CloseCombat,SuckerPunch,Protect|||F|||50|,,,,,Dark]Ogerpon-Wellspring||WellspringMask|WaterAbsorb|IvyCudgel,WoodHammer,FollowMe,SpikyShield|||F|||50|,,,,,Water]Iron Hands||AssaultVest|QuarkDrive|WildCharge,DrainPunch,HeavySlam,FakeOut||||||50|,,,,,Grass]Landorus||LifeOrb|SheerForce|EarthPower,SludgeBomb,Taunt,Protect|||M|||50|,,,,,Poison]Arcanine-Hisui||ChoiceBand|Intimidate|FlareBlitz,RockSlide,ExtremeSpeed,TeraBlast|||F|||50|,,,,,Fairy\n|showteam|p2|Rillaboom||AssaultVest|GrassySurge|FakeOut,Uturn,GrassyGlide,WoodHammer|||M|||50|,,,,,Grass]Pelipper||Leftovers|Drizzle|Hurricane,HelpingHand,WideGuard,Protect|||F|||50|,,,,,Flying]Palafin||ChoiceBand|ZerotoHero|JetPunch,WaveCrash,FlipTurn,DrainPunch|||M|||50|,,,,,Fighting]Ursaluna-Bloodmoon||LifeOrb|MindsEye|Protect,EarthPower,BloodMoon,HyperVoice|||M|||50|,,,,,Normal]Dusclops||Eviolite|Pressure|NightShade,WillOWisp,PainSplit,TrickRoom|||F|||50|,,,,,Poison]Cresselia||RockyHelmet|Levitate|LunarBlessing,Psychic,HelpingHand,Protect|||F|||50|,,,,,Psychic\n|j| Rebornsan93\n|j| lucasarreguy\n|c| lucasarreguy|podem come\u00e7ar\n|j| PSmonteiro\n|j| Yuri\n|\n|t:|1699827846\n|start\n|switch|p1a: Iron Hands|Iron Hands, L50|100\/100\n|switch|p1b: Urshifu|Urshifu, L50, F|100\/100\n|switch|p2a: Ursaluna|Ursaluna-Bloodmoon, L50, M|100\/100\n|switch|p2b: Pelipper|Pelipper, L50, F|100\/100\n|-weather|RainDance|[from] ability: Drizzle|[of] p2b: Pelipper\n|turn|1\n|\n|t:|1699827880\n|-terastallize|p2a: Ursaluna|Normal\n|move|p2b: Pelipper|Helping Hand|p2a: Ursaluna\n|-singleturn|p2a: Ursaluna|Helping Hand|[of] p2b: Pelipper\n|move|p1b: Urshifu|Protect|p1b: Urshifu\n|-singleturn|p1b: Urshifu|Protect\n|move|p1a: Iron Hands|Wild Charge|p2b: Pelipper\n|-supereffective|p2b: Pelipper\n|-damage|p2b: Pelipper|0 fnt\n|faint|p2b: Pelipper\n|-damage|p1a: Iron Hands|83\/100|[from] Recoil\n|move|p2a: Ursaluna|Hyper Voice|p1b: Urshifu|[spread] p1a\n|-activate|p1b: Urshifu|move: Protect\n|-damage|p1a: Iron Hands|28\/100\n|-damage|p2a: Ursaluna|91\/100|[from] item: Life Orb\n|\n|-weather|RainDance|[upkeep]\n|upkeep\n|\n|t:|1699827897\n|switch|p2b: Rillaboom|Rillaboom, L50, M|100\/100\n|-fieldstart|move: Grassy Terrain|[from] ability: Grassy Surge|[of] p2b: Rillaboom\n|turn|2\n|\n|t:|1699827905\n|move|p2b: Rillaboom|Fake Out|p1b: Urshifu\n|-damage|p1b: Urshifu|85\/100\n|cant|p1b: Urshifu|flinch\n|move|p1a: Iron Hands|Drain Punch|p2b: Rillaboom\n|-damage|p2b: Rillaboom|53\/100\n|-heal|p1a: Iron Hands|45\/100|[from] drain|[of] p2b: Rillaboom\n|move|p2a: Ursaluna|Hyper Voice|p1b: Urshifu|[spread] p1a,p1b\n|-damage|p1a: Iron Hands|10\/100\n|-damage|p1b: Urshifu|0 fnt\n|faint|p1b: Urshifu\n|-damage|p2a: Ursaluna|81\/100|[from] item: Life Orb\n|\n|-weather|RainDance|[upkeep]\n|-heal|p2b: Rillaboom|59\/100|[from] Grassy Terrain\n|-heal|p1a: Iron Hands|16\/100|[from] Grassy Terrain\n|-heal|p2a: Ursaluna|87\/100|[from] Grassy Terrain\n|upkeep\n|\n|t:|1699827915\n|switch|p1b: Landorus|Landorus, L50, M|100\/100\n|turn|3\n|\n|t:|1699827930\n|-terastallize|p1b: Landorus|Poison\n|move|p2b: Rillaboom|Grassy Glide|p1a: Iron Hands\n|-damage|p1a: Iron Hands|0 fnt\n|faint|p1a: Iron Hands\n|-end|p1a: Iron Hands|Quark Drive|[silent]\n|move|p1b: Landorus|Sludge Bomb|p2b: Rillaboom\n|-supereffective|p2b: Rillaboom\n|-damage|p2b: Rillaboom|0 fnt\n|faint|p2b: Rillaboom\n|move|p2a: Ursaluna|Blood Moon|p1b: Landorus\n|-damage|p1b: Landorus|0 fnt\n|faint|p1b: Landorus\n|-damage|p2a: Ursaluna|78\/100|[from] item: Life Orb\n|\n|-weather|RainDance|[upkeep]\n|-heal|p2a: Ursaluna|83\/100|[from] Grassy Terrain\n|upkeep\n|-message|ShimeNaruka forfeited.\n|\n|win|Marcostap\n|l|\u2606ShimeNaruka\n","uploadtime":1699827995,"views":7,"p1id":"shimenaruka","p2id":"marcostap","formatid":"gen9vgc2023regulatione","rating":0,"private":0,"password":""}