{"id":"gen9vgc2023regulatione-1995656117","p1":"mimik_m3","p2":"Shooples","format":"[Gen 9] VGC 2023 Regulation E","log":"|j|\u2606mimik_m3\n|j|\u2606Shooples\n|t:|1700591289\n|gametype|doubles\n|player|p1|mimik_m3|elesa|1365\n|player|p2|Shooples|2|1325\n|teamsize|p1|6\n|teamsize|p2|6\n|gen|9\n|tier|[Gen 9] VGC 2023 Regulation E\n|rated|\n|rule|Species Clause: Limit one of each Pok\u00e9mon\n|rule|Item Clause: Limit one of each item\n|clearpoke\n|poke|p1|Gastrodon-East, L50, M|\n|poke|p1|Ogerpon, L50, F|\n|poke|p1|Iron Hands, L50|\n|poke|p1|Heatran, L50, M|\n|poke|p1|Flutter Mane, L50|\n|poke|p1|Tornadus, L50, M|\n|poke|p2|Dondozo, L50, F|\n|poke|p2|Tatsugiri-Droopy, L50, M|\n|poke|p2|Ting-Lu, L50|\n|poke|p2|Flutter Mane, L50|\n|poke|p2|Chi-Yu, L50|\n|poke|p2|Rillaboom, L50, F|\n|teampreview|4\n|inactive|Battle timer is ON: inactive players will automatically lose when time's up. (requested by Shooples)\n|inactive|Shooples has 60 seconds left.\n|\n|t:|1700591340\n|start\n|switch|p1a: waiter waiter!|Gastrodon-East, L50, M, shiny|100\/100\n|switch|p1b: girl who says bruh|Flutter Mane, L50|100\/100\n|switch|p2a: Ting-Lu|Ting-Lu, L50|100\/100\n|switch|p2b: Dondozo|Dondozo, L50, F|100\/100\n|-ability|p2a: Ting-Lu|Vessel of Ruin\n|turn|1\n|inactive|mimik_m3 has 30 seconds left.\n|\n|t:|1700591367\n|-terastallize|p1b: girl who says bruh|Fire\n|move|p1b: girl who says bruh|Energy Ball|p2a: Ting-Lu\n|-supereffective|p2a: Ting-Lu\n|-damage|p2a: Ting-Lu|54\/100\n|move|p2b: Dondozo|Yawn|p1a: waiter waiter!\n|-start|p1a: waiter waiter!|move: Yawn|[of] p2b: Dondozo\n|move|p2a: Ting-Lu|Heavy Slam|p1b: girl who says bruh\n|-resisted|p1b: girl who says bruh\n|-damage|p1b: girl who says bruh|77\/100\n|move|p1a: waiter waiter!|Icy Wind|p2b: Dondozo|[spread] p2a,p2b\n|-supereffective|p2a: Ting-Lu\n|-resisted|p2b: Dondozo\n|-damage|p2a: Ting-Lu|44\/100\n|-damage|p2b: Dondozo|98\/100\n|-unboost|p2a: Ting-Lu|spe|1\n|-unboost|p2b: Dondozo|spe|1\n|-enditem|p2a: Ting-Lu|Sitrus Berry|[eat]\n|-heal|p2a: Ting-Lu|69\/100|[from] item: Sitrus Berry\n|\n|-heal|p2b: Dondozo|100\/100|[from] item: Leftovers\n|upkeep\n|turn|2\n|inactive|Shooples has 30 seconds left.\n|inactive|Shooples has 20 seconds left.\n|\n|t:|1700591404\n|-end|p1b: girl who says bruh|Protosynthesis|[silent]\n|switch|p1b: jogoat|Heatran, L50, M|100\/100\n|switch|p2b: Rillaboom|Rillaboom, L50, F|100\/100\n|-fieldstart|move: Grassy Terrain|[from] ability: Grassy Surge|[of] p2b: Rillaboom\n|switch|p1a: girl who says heyy|Iron Hands, L50|100\/100\n|move|p2a: Ting-Lu|Stomping Tantrum|p1b: jogoat\n|-supereffective|p1b: jogoat\n|-damage|p1b: jogoat|0 fnt\n|faint|p1b: jogoat\n|\n|-heal|p2a: Ting-Lu|75\/100|[from] Grassy Terrain\n|upkeep\n|\n|t:|1700591418\n|switch|p1b: girl who says bruh|Flutter Mane, L50, tera:Fire|77\/100\n|turn|3\n|\n|t:|1700591430\n|-terastallize|p2a: Ting-Lu|Poison\n|move|p2b: Rillaboom|Fake Out|p1a: girl who says heyy\n|-damage|p1a: girl who says heyy|91\/100\n|cant|p1a: girl who says heyy|flinch\n|move|p1b: girl who says bruh|Moonblast|p2a: Ting-Lu\n|-resisted|p2a: Ting-Lu\n|-damage|p2a: Ting-Lu|58\/100\n|move|p2a: Ting-Lu|Stomping Tantrum|p1b: girl who says bruh\n|-supereffective|p1b: girl who says bruh\n|-damage|p1b: girl who says bruh|0 fnt\n|faint|p1b: girl who says bruh\n|-end|p1b: girl who says bruh|Protosynthesis|[silent]\n|\n|-heal|p1a: girl who says heyy|97\/100|[from] Grassy Terrain\n|-heal|p2a: Ting-Lu|64\/100|[from] Grassy Terrain\n|upkeep\n|-message|mimik_m3 forfeited.\n|\n|win|Shooples\n|raw|mimik_m3's rating: 1365 &rarr; <strong>1343<\/strong><br \/>(-22 for losing)\n|raw|Shooples's rating: 1325 &rarr; <strong>1347<\/strong><br \/>(+22 for winning)\n|l|\u2606mimik_m3\n","uploadtime":1700591464,"views":2,"p1id":"mimikm3","p2id":"shooples","formatid":"gen9vgc2023regulatione","rating":1343,"private":0,"password":""}