{"id":"gen9vgc2023regulatione-1998385979","p1":"Lautaro Borlinkez","p2":"arnauito_77","format":"[Gen 9] VGC 2023 Regulation E","log":"|j|\u2606Lautaro Borlinkez\n|j|\u2606arnauito_77\n|n|\u2606Lautaro Borlinkez|lautaroborlinkez\n|n|\u2606arnauito_77|arnauito77\n|html|View the match progress at <a href=\"\/game-bestof3-gen9vgc2023regulatione-1998384184\">game-bestof3-gen9vgc2023regulatione-1998384184<\/a>\n|t:|1700936475\n|gametype|doubles\n|player|p1|Lautaro Borlinkez|170|\n|player|p2|arnauito_77|lucas|\n|teamsize|p1|6\n|teamsize|p2|6\n|gen|9\n|tier|[Gen 9] VGC 2023 Regulation E\n|rule|Species Clause: Limit one of each Pok\u00e9mon\n|rule|Item Clause: Limit one of each item\n|clearpoke\n|poke|p1|Cresselia, L50, F|\n|poke|p1|Ursaluna, L50, F|\n|poke|p1|Bronzong, L50|\n|poke|p1|Abomasnow, L50, F|\n|poke|p1|Glastrier, L50|\n|poke|p1|Iron Hands, L50|\n|poke|p2|Tornadus, L50, M|\n|poke|p2|Urshifu-*, L50, F|\n|poke|p2|Arcanine-Hisui, L50, M|\n|poke|p2|Rillaboom, L50, M|\n|poke|p2|Flutter Mane, L50|\n|poke|p2|Iron Hands, L50|\n|teampreview|4\nLautaro Borlinkez has agreed to open team sheets.\n|j| Lukitax_NM\n|l| Lukitax_NM\n|j| Lukitax_NM\n|j| ARANHADUMARAR\n|\n|t:|1700936507\n|start\n|switch|p1a: Cresselia|Cresselia, L50, F|100\/100\n|switch|p1b: Iron Hands|Iron Hands, L50|100\/100\n|switch|p2a: Flutter Mane|Flutter Mane, L50|100\/100\n|switch|p2b: Urshifu|Urshifu-Rapid-Strike, L50, F|100\/100\n|-enditem|p2a: Flutter Mane|Booster Energy\n|-activate|p2a: Flutter Mane|ability: Protosynthesis|[fromitem]\n|-start|p2a: Flutter Mane|protosynthesisspa\n|turn|1\n|j| ArceusVGC\n|c|\u2606arnauito_77|La lista...\n|c| ARANHADUMARAR|hab\u00eda un comando\n|c| Lukitax_NM|como que no viste\n|c| ARANHADUMARAR|para poner las ots\n|c| Lukitax_NM|30 veces ya el team\n|c| Lukitax_NM|de aboma\n|c| Lukitax_NM|es \/showteam\n|c| Lukitax_NM|es comando\n|c| Lukitax_NM|creo\n|c|\u2606arnauito_77|!showteam\n|c| arnauito_77|\/raw <div class=\"infobox\"><details><summary>View team<\/summary>Tornadus (M) @ Rocky Helmet  <br \/>Ability: Prankster  <br \/>Level: 50  <br \/>Tera Type: Ghost  <br \/>EVs: 180 HP &#x2f; 252 Def &#x2f; 4 SpA &#x2f; 68 SpD &#x2f; 4 Spe  <br \/>Bold Nature  <br \/>IVs: 0 Atk  <br \/>- Tailwind  <br \/>- Bleakwind Storm  <br \/>- Protect  <br \/>- Rain Dance  <br \/><br \/>Urshifu (Urshifu-Rapid-Strike) (F) @ Choice Scarf  <br \/>Ability: Unseen Fist  <br \/>Level: 50  <br \/>Tera Type: Water  <br \/>EVs: 4 HP &#x2f; 116 Atk &#x2f; 76 Def &#x2f; 100 SpD &#x2f; 212 Spe  <br \/>Adamant Nature  <br \/>- U-turn  <br \/>- Close Combat  <br \/>- Surging Strikes  <br \/>- Aqua Jet  <br \/><br \/>Arcanine (Arcanine-Hisui) (M) @ Choice Band  <br \/>Ability: Intimidate  <br \/>Level: 50  <br \/>Tera Type: Fairy  <br \/>EVs: 116 HP &#x2f; 196 Atk &#x2f; 4 Def &#x2f; 4 SpD &#x2f; 188 Spe  <br \/>Adamant Nature  <br \/>- Flare Blitz  <br \/>- Rock Slide  <br \/>- Tera Blast  <br \/>- Extreme Speed  <br \/><br \/>Rillaboom (M) @ Miracle Seed  <br \/>Ability: Grassy Surge  <br \/>Level: 50  <br \/>Tera Type: Poison  <br \/>EVs: 4 HP &#x2f; 156 Atk &#x2f; 236 Def &#x2f; 12 SpD &#x2f; 100 Spe  <br \/>Adamant Nature  <br \/>- Fake Out  <br \/>- Wood Hammer  <br \/>- High Horsepower  <br \/>- Grassy Glide  <br \/><br \/>Flutter Mane @ Booster Energy  <br \/>Ability: Protosynthesis  <br \/>Level: 50  <br \/>Tera Type: Fairy  <br \/>EVs: 100 HP &#x2f; 196 Def &#x2f; 68 SpA &#x2f; 4 SpD &#x2f; 140 Spe  <br \/>Modest Nature  <br \/>IVs: 0 Atk  <br \/>- Protect  <br \/>- Dazzling Gleam  <br \/>- Moonblast  <br \/>- Shadow Ball  <br \/><br \/>Iron Hands @ Assault Vest  <br \/>Ability: Quark Drive  <br \/>Level: 50  <br \/>Tera Type: Fire  <br \/>EVs: 20 HP &#x2f; 156 Atk &#x2f; 108 Def &#x2f; 188 SpD &#x2f; 36 Spe  <br \/>Adamant Nature  <br \/>- Fake Out  <br \/>- Drain Punch  <br \/>- Wild Charge  <br \/>- Heavy Slam  <br \/><br \/><\/details><\/div>\n|c| ArceusVGC|NONONO\n|c|\u2606arnauito_77|Hazlo tambi\u00e9n\n|c|\u2606arnauito_77|NOOOO\n|c|\u2606Lautaro Borlinkez|Para que quiero\n|c|\u2606Lautaro Borlinkez|Eso\n|c| Lukitax_NM|para ver los moves del rival\n|c|\u2606Lautaro Borlinkez|!showteam\n|c| Lautaro Borlinkez|\/raw <div class=\"infobox\"><details><summary>View team<\/summary>Cresselia (F) @ Mental Herb  <br \/>Ability: Levitate  <br \/>Level: 50  <br \/>Tera Type: Electric  <br \/>EVs: 252 HP &#x2f; 124 Def &#x2f; 12 SpA &#x2f; 116 SpD  <br \/>Relaxed Nature  <br \/>IVs: 0 Atk  <br \/>- Moonblast  <br \/>- Trick Room  <br \/>- Lunar Blessing  <br \/>- Thunderbolt  <br \/><br \/>Ursaluna (F) @ Flame Orb  <br \/>Ability: Guts  <br \/>Level: 50  <br \/>Tera Type: Ground  <br \/>EVs: 132 HP &#x2f; 252 Atk &#x2f; 60 Def &#x2f; 60 SpD  <br \/>Brave Nature  <br \/>- Protect  <br \/>- Earthquake  <br \/>- Facade  <br \/>- Rock Slide  <br \/><br \/>Bronzong @ Safety Goggles  <br \/>Ability: Levitate  <br \/>Level: 50  <br \/>Tera Type: Fire  <br \/>EVs: 252 HP &#x2f; 140 Def &#x2f; 116 SpD  <br \/>Sassy Nature  <br \/>IVs: 0 Spe  <br \/>- Trick Room  <br \/>- Gyro Ball  <br \/>- Safeguard  <br \/>- Protect  <br \/><br \/>Abomasnow (F) @ Weakness Policy  <br \/>Ability: Snow Warning  <br \/>Level: 50  <br \/>Tera Type: Water  <br \/>EVs: 252 HP &#x2f; 36 Def &#x2f; 220 SpA  <br \/>Quiet Nature  <br \/>IVs: 0 Atk &#x2f; 0 Spe  <br \/>- Giga Drain  <br \/>- Blizzard  <br \/>- Earth Power  <br \/>- Aurora Veil  <br \/><br \/>Glastrier @ Life Orb  <br \/>Ability: Chilling Neigh  <br \/>Level: 50  <br \/>Tera Type: Ice  <br \/>EVs: 252 HP &#x2f; 252 Atk &#x2f; 4 SpD  <br \/>Brave Nature  <br \/>IVs: 0 Spe  <br \/>- Icicle Crash  <br \/>- Stomping Tantrum  <br \/>- Heavy Slam  <br \/>- Swords Dance  <br \/><br \/>Iron Hands @ Assault Vest  <br \/>Ability: Quark Drive  <br \/>Level: 50  <br \/>Tera Type: Flying  <br \/>EVs: 84 HP &#x2f; 252 Atk &#x2f; 92 Def &#x2f; 76 SpD  <br \/>Brave Nature  <br \/>IVs: 0 Spe  <br \/>- Drain Punch  <br \/>- Wild Charge  <br \/>- Volt Switch  <br \/>- Fake Out  <br \/><br \/><\/details><\/div>\n|c| Lukitax_NM|es la ots\n|c|\u2606arnauito_77|Ese pone los Evs\n|c|\u2606arnauito_77|Es este\n|c|\u2606arnauito_77|!showteam hidestats\n|c| arnauito_77|\/raw <div class=\"infobox\"><details><summary>View team<\/summary>Tornadus (M) @ Rocky Helmet  <br \/>Ability: Prankster  <br \/>Level: 50  <br \/>Tera Type: Ghost  <br \/>- Tailwind  <br \/>- Bleakwind Storm  <br \/>- Protect  <br \/>- Rain Dance  <br \/><br \/>Urshifu (Urshifu-Rapid-Strike) (F) @ Choice Scarf  <br \/>Ability: Unseen Fist  <br \/>Level: 50  <br \/>Tera Type: Water  <br \/>- U-turn  <br \/>- Close Combat  <br \/>- Surging Strikes  <br \/>- Aqua Jet  <br \/><br \/>Arcanine (Arcanine-Hisui) (M) @ Choice Band  <br \/>Ability: Intimidate  <br \/>Level: 50  <br \/>Tera Type: Fairy  <br \/>- Flare Blitz  <br \/>- Rock Slide  <br \/>- Tera Blast  <br \/>- Extreme Speed  <br \/><br \/>Rillaboom (M) @ Miracle Seed  <br \/>Ability: Grassy Surge  <br \/>Level: 50  <br \/>Tera Type: Poison  <br \/>- Fake Out  <br \/>- Wood Hammer  <br \/>- High Horsepower  <br \/>- Grassy Glide  <br \/><br \/>Flutter Mane @ Booster Energy  <br \/>Ability: Protosynthesis  <br \/>Level: 50  <br \/>Tera Type: Fairy  <br \/>- Protect  <br \/>- Dazzling Gleam  <br \/>- Moonblast  <br \/>- Shadow Ball  <br \/><br \/>Iron Hands @ Assault Vest  <br \/>Ability: Quark Drive  <br \/>Level: 50  <br \/>Tera Type: Fire  <br \/>- Fake Out  <br \/>- Drain Punch  <br \/>- Wild Charge  <br \/>- Heavy Slam  <br \/><br \/><\/details><\/div>\n|c| Lukitax_NM|ya da igual xd\n|c| ArceusVGC|Que sea..\n|c|\u2606arnauito_77|Ya xd\n|c|\u2606Lautaro Borlinkez|!showteam hidestats\n|c| Lautaro Borlinkez|\/raw <div class=\"infobox\"><details><summary>View team<\/summary>Cresselia (F) @ Mental Herb  <br \/>Ability: Levitate  <br \/>Level: 50  <br \/>Tera Type: Electric  <br \/>- Moonblast  <br \/>- Trick Room  <br \/>- Lunar Blessing  <br \/>- Thunderbolt  <br \/><br \/>Ursaluna (F) @ Flame Orb  <br \/>Ability: Guts  <br \/>Level: 50  <br \/>Tera Type: Ground  <br \/>- Protect  <br \/>- Earthquake  <br \/>- Facade  <br \/>- Rock Slide  <br \/><br \/>Bronzong @ Safety Goggles  <br \/>Ability: Levitate  <br \/>Level: 50  <br \/>Tera Type: Fire  <br \/>- Trick Room  <br \/>- Gyro Ball  <br \/>- Safeguard  <br \/>- Protect  <br \/><br \/>Abomasnow (F) @ Weakness Policy  <br \/>Ability: Snow Warning  <br \/>Level: 50  <br \/>Tera Type: Water  <br \/>- Giga Drain  <br \/>- Blizzard  <br \/>- Earth Power  <br \/>- Aurora Veil  <br \/><br \/>Glastrier @ Life Orb  <br \/>Ability: Chilling Neigh  <br \/>Level: 50  <br \/>Tera Type: Ice  <br \/>- Icicle Crash  <br \/>- Stomping Tantrum  <br \/>- Heavy Slam  <br \/>- Swords Dance  <br \/><br \/>Iron Hands @ Assault Vest  <br \/>Ability: Quark Drive  <br \/>Level: 50  <br \/>Tera Type: Flying  <br \/>- Drain Punch  <br \/>- Wild Charge  <br \/>- Volt Switch  <br \/>- Fake Out  <br \/><br \/><\/details><\/div>\n|c| Lukitax_NM|solamente jueguen pa que gane el aboma\n|\n|t:|1700936702\n|switch|p2b: Iron Hands|Iron Hands, L50|100\/100\n|move|p1b: Iron Hands|Fake Out|p2a: Flutter Mane\n|-immune|p2a: Flutter Mane\n|move|p2a: Flutter Mane|Moonblast|p1b: Iron Hands\n|-supereffective|p1b: Iron Hands\n|-damage|p1b: Iron Hands|25\/100\n|move|p1a: Cresselia|Trick Room|p1a: Cresselia\n|-fieldstart|move: Trick Room|[of] p1a: Cresselia\n|\n|upkeep\n|turn|2\n|c| Lukitax_NM|lautaro va borracho\n|\n|t:|1700936734\n|move|p2a: Flutter Mane|Protect|p2a: Flutter Mane\n|-singleturn|p2a: Flutter Mane|Protect\n|move|p1b: Iron Hands|Wild Charge|p2a: Flutter Mane\n|-activate|p2a: Flutter Mane|move: Protect\n|move|p2b: Iron Hands|Drain Punch|p1b: Iron Hands\n|-damage|p1b: Iron Hands|0 fnt\n|faint|p1b: Iron Hands\n|-end|p1b: Iron Hands|Quark Drive|[silent]\n|move|p1a: Cresselia|Moonblast|p2a: Flutter Mane\n|-activate|p2a: Flutter Mane|move: Protect\n|\n|upkeep\n|\n|t:|1700936737\n|switch|p1b: Ursaluna|Ursaluna, L50, F|100\/100\n|turn|3\n|c| ArceusVGC|Lautaro se acaba de marcar un Wolfey\n|c| ArceusVGC|Pero le sali\u00f3 mal XD\n|\n|t:|1700936778\n|-end|p2a: Flutter Mane|Protosynthesis|[silent]\n|switch|p2a: Rillaboom|Rillaboom, L50, M|100\/100\n|-fieldstart|move: Grassy Terrain|[from] ability: Grassy Surge|[of] p2a: Rillaboom\n|move|p1b: Ursaluna|Protect|p1b: Ursaluna\n|-singleturn|p1b: Ursaluna|Protect\n|move|p2b: Iron Hands|Drain Punch|p1b: Ursaluna\n|-activate|p1b: Ursaluna|move: Protect\n|move|p1a: Cresselia|Moonblast|p2b: Iron Hands\n|-supereffective|p2b: Iron Hands\n|-crit|p2b: Iron Hands\n|-damage|p2b: Iron Hands|71\/100\n|\n|-heal|p2b: Iron Hands|77\/100|[from] Grassy Terrain\n|-status|p1b: Ursaluna|brn|[from] item: Flame Orb\n|upkeep\n|turn|4\n|\n|t:|1700936810\n|switch|p1b: Abomasnow|Abomasnow, L50, F|100\/100\n|-weather|Snow|[from] ability: Snow Warning|[of] p1b: Abomasnow\n|move|p2a: Rillaboom|Fake Out|p1b: Abomasnow\n|-damage|p1b: Abomasnow|90\/100\n|move|p2b: Iron Hands|Drain Punch|p1b: Abomasnow\n|-supereffective|p1b: Abomasnow\n|-damage|p1b: Abomasnow|23\/100\n|-heal|p2b: Iron Hands|100\/100|[from] drain|[of] p1b: Abomasnow\n|-enditem|p1b: Abomasnow|Weakness Policy\n|-boost|p1b: Abomasnow|atk|2|[from] item: Weakness Policy\n|-boost|p1b: Abomasnow|spa|2|[from] item: Weakness Policy\n|move|p1a: Cresselia|Moonblast|p2b: Iron Hands\n|-supereffective|p2b: Iron Hands\n|-damage|p2b: Iron Hands|79\/100\n|\n|-weather|Snow|[upkeep]\n|-heal|p1b: Abomasnow|29\/100|[from] Grassy Terrain\n|-heal|p2b: Iron Hands|85\/100|[from] Grassy Terrain\n|upkeep\n|turn|5\n|c| ArceusVGC|Oja que aqu\u00ed hay buen Main Game\n|c| Lukitax_NM|gg\n|\n|t:|1700936848\n|switch|p2a: Urshifu|Urshifu-Rapid-Strike, L50, F|100\/100\n|move|p1b: Abomasnow|Blizzard|p2a: Urshifu|[spread] p2a,p2b\n|-resisted|p2a: Urshifu\n|-damage|p2a: Urshifu|52\/100\n|-damage|p2b: Iron Hands|46\/100\n|-status|p2a: Urshifu|frz\n|move|p2b: Iron Hands|Drain Punch|p1b: Abomasnow\n|-supereffective|p1b: Abomasnow\n|-crit|p1b: Abomasnow\n|-damage|p1b: Abomasnow|0 fnt\n|-heal|p2b: Iron Hands|59\/100|[from] drain|[of] p1b: Abomasnow\n|faint|p1b: Abomasnow\n|move|p1a: Cresselia|Lunar Blessing||[still]\n|-fail|p1a: Cresselia\n|\n|-weather|Snow|[upkeep]\n|-heal|p2b: Iron Hands|65\/100|[from] Grassy Terrain\n|-heal|p2a: Urshifu|58\/100 frz|[from] Grassy Terrain\n|-fieldend|move: Trick Room\n|upkeep\n|c| Lukitax_NM|que mind game\n|c| ARANHADUMARAR|vaya\n|\n|t:|1700936858\n|switch|p1b: Ursaluna|Ursaluna, L50, F|100\/100 brn\n|turn|6\n|c| Lukitax_NM|bueno, si hay game\n|c|\u2606Lautaro Borlinkez|Dios\n|c| ARANHADUMARAR|game si hay eso desde luego\n|c| ArceusVGC|HY game\n|c|\u2606arnauito_77|Que mala suerte...\n|c| ArceusVGC|Arnauito\n|c| ArceusVGC|Es un 10%\n|c| Lukitax_NM|arnau, no es nada tuyo\n|\n|t:|1700936893\n|move|p1b: Ursaluna|Protect|p1b: Ursaluna\n|-singleturn|p1b: Ursaluna|Protect\n|cant|p2a: Urshifu|frz\n|move|p2b: Iron Hands|Drain Punch|p1b: Ursaluna\n|-activate|p1b: Ursaluna|move: Protect\n|move|p1a: Cresselia|Trick Room|p1a: Cresselia\n|-fieldstart|move: Trick Room|[of] p1a: Cresselia\n|\n|-weather|Snow|[upkeep]\n|-heal|p2b: Iron Hands|71\/100|[from] Grassy Terrain\n|-heal|p2a: Urshifu|65\/100 frz|[from] Grassy Terrain\n|-damage|p1b: Ursaluna|95\/100 brn|[from] brn\n|upkeep\n|turn|7\n|c| ARANHADUMARAR|se descongela al segundo turno\n|c| ARANHADUMARAR|yo lo tengo claro\n|c| Lukitax_NM|pero todos queremos que gane aboma\n|c| ArceusVGC|Menos Posiblidades hay que eecuentres una novia\n|c|\u2606arnauito_77|Gracias por el apoyo gente xd\n|\n|t:|1700936922\n|move|p1b: Ursaluna|Facade|p2b: Iron Hands\n|-damage|p2b: Iron Hands|0 fnt\n|faint|p2b: Iron Hands\n|-end|p2b: Iron Hands|Quark Drive|[silent]\n|move|p1a: Cresselia|Moonblast|p2a: Urshifu\n|-supereffective|p2a: Urshifu\n|-damage|p2a: Urshifu|20\/100 frz\n|cant|p2a: Urshifu|frz\n|\n|-weather|Snow|[upkeep]\n|-heal|p1b: Ursaluna|100\/100 brn|[from] Grassy Terrain\n|-heal|p2a: Urshifu|27\/100 frz|[from] Grassy Terrain\n|-damage|p1b: Ursaluna|95\/100 brn|[from] brn\n|-fieldend|move: Grassy Terrain\n|upkeep\n|\n|t:|1700936941\n|switch|p2b: Rillaboom|Rillaboom, L50, M|100\/100\n|-fieldstart|move: Grassy Terrain|[from] ability: Grassy Surge|[of] p2b: Rillaboom\n|turn|8\n|c| ARANHADUMARAR|esto es in\u00e9dito\n|\n|t:|1700936963\n|move|p2b: Rillaboom|Fake Out|p1b: Ursaluna\n|-damage|p1b: Ursaluna|84\/100 brn\n|cant|p2a: Urshifu|frz\n|cant|p1b: Ursaluna|flinch\n|move|p1a: Cresselia|Lunar Blessing|p1a: Cresselia|[spread] p1a,p1b\n|-heal|p1b: Ursaluna|100\/100 brn\n|-curestatus|p1b: Ursaluna|brn|[msg]\n|\n|-weather|none\n|-heal|p2a: Urshifu|33\/100 frz|[from] Grassy Terrain\n|-status|p1b: Ursaluna|brn|[from] item: Flame Orb\n|upkeep\n|turn|9\n|c| ArceusVGC|Nooo\n|\n|t:|1700936979\n|move|p2b: Rillaboom|Grassy Glide|p1b: Ursaluna\n|-supereffective|p1b: Ursaluna\n|-crit|p1b: Ursaluna\n|-damage|p1b: Ursaluna|0 fnt\n|faint|p1b: Ursaluna\n|cant|p2a: Urshifu|frz\n|move|p1a: Cresselia|Lunar Blessing||[still]\n|-fail|p1a: Cresselia\n|\n|-heal|p2a: Urshifu|39\/100 frz|[from] Grassy Terrain\n|upkeep\n|turn|10\n|c| ArceusVGC|Pero tira facadeee\n|c|\u2606Lautaro Borlinkez|Gg\n|c| ARANHADUMARAR|tomaaaa\n|c| ArceusVGC|NOOO\n|c| ArceusVGC|Ajajajjajaajjaj\n|c| Lukitax_NM|F\n|c| Lukitax_NM|era justo xd\n|c|\u2606arnauito_77|VAMOOOOS\n|c|\u2606arnauito_77|XDDDDD\n|c|\u2606arnauito_77|SORRY XD\n|\n|t:|1700937013\n|switch|p2a: Flutter Mane|Flutter Mane, L50|100\/100\n|move|p1a: Cresselia|Moonblast|p2b: Rillaboom\n|-damage|p2b: Rillaboom|75\/100\n|-unboost|p2b: Rillaboom|spa|1\n|move|p2b: Rillaboom|Wood Hammer|p1a: Cresselia\n|-damage|p1a: Cresselia|43\/100\n|-damage|p2b: Rillaboom|50\/100|[from] Recoil\n|\n|-heal|p2b: Rillaboom|57\/100|[from] Grassy Terrain\n|-fieldend|move: Trick Room\n|upkeep\n|turn|11\n|c| Lukitax_NM|arnau acaba de ganar con el big 6 del formato\n|c| Lukitax_NM|al team del pueblo\n|c| Lukitax_NM|cine\u00a8nt\n|\n|t:|1700937025\n|-terastallize|p2a: Flutter Mane|Fairy\n|-terastallize|p1a: Cresselia|Electric\n|move|p2a: Flutter Mane|Moonblast|p1a: Cresselia\n|-damage|p1a: Cresselia|2\/100\n|move|p2b: Rillaboom|Wood Hammer|p1a: Cresselia\n|-damage|p1a: Cresselia|0 fnt\n|faint|p1a: Cresselia\n|-damage|p2b: Rillaboom|56\/100|[from] Recoil\n|\n|win|arnauito_77\n|c|\u2606Lautaro Borlinkez|Gg\n|c|\u2606Lautaro Borlinkez|Les dije\n|c|\u2606Lautaro Borlinkez|Qu\u00e9 era m\u00e1s malo que un noob\n|c|\u2606arnauito_77|Na,jugaste muy bien\n|l| Lukitax_NM\n","uploadtime":1700937085,"views":0,"p1id":"lautaroborlinkez","p2id":"arnauito77","formatid":"gen9vgc2023regulatione","rating":0,"private":0,"password":""}