{"id":"gen9vgc2023regulatione-1994843707","p1":"Zscheme","p2":"Losingwithbadteam","format":"[Gen 9] VGC 2023 Regulation E","log":"|j|\u2606Zscheme\n|j|\u2606Losingwithbadteam\n|t:|1700497929\n|gametype|doubles\n|player|p1|Zscheme|red|1233\n|player|p2|Losingwithbadteam|101|1153\n|teamsize|p1|6\n|teamsize|p2|6\n|gen|9\n|tier|[Gen 9] VGC 2023 Regulation E\n|rated|\n|rule|Species Clause: Limit one of each Pok\u00e9mon\n|rule|Item Clause: Limit one of each item\n|clearpoke\n|poke|p1|Arcanine-Hisui, L50, M|\n|poke|p1|Tornadus, L50, M|\n|poke|p1|Chien-Pao, L50|\n|poke|p1|Rillaboom, L50, F|\n|poke|p1|Armarouge, L50, F|\n|poke|p1|Sneasler, L50, F|\n|poke|p2|Tornadus, L50, M|\n|poke|p2|Arcanine, L50, F|\n|poke|p2|Flutter Mane, L50|\n|poke|p2|Ogerpon-Wellspring, L50, F|\n|poke|p2|Iron Hands, L50|\n|poke|p2|Jolteon, L50, M|\n|teampreview|4\n|inactive|Battle timer is ON: inactive players will automatically lose when time's up. (requested by Losingwithbadteam)\n|inactive|Zscheme has 60 seconds left.\n|inactive|Losingwithbadteam has 60 seconds left.\n|\n|t:|1700497969\n|start\n|switch|p1a: Tornadus|Tornadus, L50, M|100\/100\n|switch|p1b: Armarouge|Armarouge, L50, F|100\/100\n|switch|p2a: Iron Hands|Iron Hands, L50|100\/100\n|switch|p2b: Flutter Mane|Flutter Mane, L50|100\/100\n|-enditem|p2b: Flutter Mane|Booster Energy\n|-activate|p2b: Flutter Mane|ability: Protosynthesis|[fromitem]\n|-start|p2b: Flutter Mane|protosynthesisspe\n|turn|1\n|inactive|Zscheme has 30 seconds left.\n|\n|t:|1700498003\n|move|p2b: Flutter Mane|Shadow Ball|p1b: Armarouge\n|-supereffective|p1b: Armarouge\n|-damage|p1b: Armarouge|10\/100\n|-enditem|p1b: Armarouge|Weakness Policy\n|-boost|p1b: Armarouge|atk|2|[from] item: Weakness Policy\n|-boost|p1b: Armarouge|spa|2|[from] item: Weakness Policy\n|move|p1a: Tornadus|Bleakwind Storm|p2b: Flutter Mane|[spread] p2a,p2b\n|-damage|p2a: Iron Hands|85\/100\n|-damage|p2b: Flutter Mane|68\/100\n|move|p1b: Armarouge|Calm Mind|p1b: Armarouge\n|-boost|p1b: Armarouge|spa|1\n|-boost|p1b: Armarouge|spd|1\n|move|p2a: Iron Hands|Thunder Punch|p1a: Tornadus\n|-supereffective|p1a: Tornadus\n|-damage|p1a: Tornadus|2\/100\n|\n|upkeep\n|turn|2\n|inactive|Zscheme has 30 seconds left.\n|inactive|Losingwithbadteam has 30 seconds left.\n|\n|t:|1700498037\n|-end|p2a: Iron Hands|Quark Drive|[silent]\n|switch|p2a: Tornadus|Tornadus, L50, M|100\/100\n|move|p1a: Tornadus|Tailwind|p1a: Tornadus\n|-sidestart|p1: Zscheme|move: Tailwind\n|move|p2b: Flutter Mane|Dazzling Gleam|p1b: Armarouge|[spread] p1a,p1b\n|-resisted|p1b: Armarouge\n|-damage|p1a: Tornadus|0 fnt\n|-damage|p1b: Armarouge|0 fnt\n|faint|p1a: Tornadus\n|faint|p1b: Armarouge\n|\n|upkeep\n|-message|Zscheme forfeited.\n|\n|win|Losingwithbadteam\n|raw|Zscheme's rating: 1233 &rarr; <strong>1202<\/strong><br \/>(-31 for losing)\n|raw|Losingwithbadteam's rating: 1153 &rarr; <strong>1184<\/strong><br \/>(+31 for winning)\n|l|\u2606Zscheme\n","uploadtime":1700498055,"views":11,"p1id":"zscheme","p2id":"losingwithbadteam","formatid":"gen9vgc2023regulatione","rating":1184,"private":0,"password":""}