{"id":"gen9vgc2023regulatione-1988803479","p1":"Robo Zaki","p2":"AceTrainerNinja","format":"[Gen 9] VGC 2023 Regulation E","log":"|j|\u2606Robo Zaki\n|j|\u2606AceTrainerNinja\n|t:|1699765427\n|gametype|doubles\n|player|p1|Robo Zaki|n|1093\n|player|p2|AceTrainerNinja|265|1081\n|teamsize|p1|6\n|teamsize|p2|6\n|gen|9\n|tier|[Gen 9] VGC 2023 Regulation E\n|rated|\n|rule|Species Clause: Limit one of each Pok\u00e9mon\n|rule|Item Clause: Limit one of each item\n|clearpoke\n|poke|p1|Kommo-o, L50, F|\n|poke|p1|Oricorio, L50, F|\n|poke|p1|Grimmsnarl, L50, M|\n|poke|p1|Volcarona, L50, M|\n|poke|p1|Quaquaval, L50, F|\n|poke|p1|Hawlucha, L50, F|\n|poke|p2|Rillaboom, L50, F|\n|poke|p2|Urshifu-*, L50, F|\n|poke|p2|Typhlosion-Hisui, L50, M|\n|poke|p2|Tornadus, L50, M|\n|poke|p2|Landorus-Therian, L50, M|\n|poke|p2|Iron Bundle, L50|\n|teampreview|4\n|inactive|Battle timer is ON: inactive players will automatically lose when time's up. (requested by Robo Zaki)\n|\n|t:|1699765460\n|start\n|switch|p1a: Grimmsnarl|Grimmsnarl, L50, M, shiny|100\/100\n|switch|p1b: Hawlucha|Hawlucha, L50, F, shiny|100\/100\n|switch|p2a: Typhlosion|Typhlosion-Hisui, L50, M|100\/100\n|switch|p2b: Tornadus|Tornadus, L50, M|100\/100\n|-item|p1a: Grimmsnarl|Leftovers|[from] ability: Frisk|[of] p2a: Typhlosion|[identify]\n|-item|p1b: Hawlucha|Big Nugget|[from] ability: Frisk|[of] p2a: Typhlosion|[identify]\n|turn|1\n|inactive|AceTrainerNinja has 30 seconds left.\n|\n|t:|1699765487\n|move|p2b: Tornadus|Tailwind|p2b: Tornadus\n|-sidestart|p2: AceTrainerNinja|move: Tailwind\n|move|p1a: Grimmsnarl|Thunder Wave|p2a: Typhlosion\n|-status|p2a: Typhlosion|par\n|move|p1b: Hawlucha|Fling|p2a: Typhlosion\n|-supereffective|p2a: Typhlosion\n|-damage|p2a: Typhlosion|2\/100 par\n|-enditem|p1b: Hawlucha|Big Nugget|[from] move: Fling\n|move|p2a: Typhlosion|Eruption|p1b: Hawlucha|[spread] p1a,p1b\n|-crit|p1b: Hawlucha\n|-damage|p1a: Grimmsnarl|99\/100\n|-damage|p1b: Hawlucha|99\/100\n|\n|-heal|p1a: Grimmsnarl|100\/100|[from] item: Leftovers\n|upkeep\n|turn|2\n|-message|AceTrainerNinja forfeited.\n|\n|win|Robo Zaki\n|raw|Robo Zaki's rating: 1093 &rarr; <strong>1118<\/strong><br \/>(+25 for winning)\n|raw|AceTrainerNinja's rating: 1081 &rarr; <strong>1060<\/strong><br \/>(-21 for losing)\n|l|\u2606AceTrainerNinja\n","uploadtime":1699765501,"views":11,"p1id":"robozaki","p2id":"acetrainerninja","formatid":"gen9vgc2023regulatione","rating":1060,"private":0,"password":""}