{"id":"gen9vgc2023regulatione-2000134087","p1":"CAUDDILLO","p2":"It4li4n St4llion","format":"[Gen 9] VGC 2023 Regulation E","log":"|j|\u2606CAUDDILLO\n|j|\u2606It4li4n St4llion\n|t:|1701160873\n|gametype|doubles\n|player|p1|CAUDDILLO|265|1134\n|player|p2|It4li4n St4llion|clemont|1129\n|teamsize|p1|6\n|teamsize|p2|6\n|gen|9\n|tier|[Gen 9] VGC 2023 Regulation E\n|rated|\n|rule|Species Clause: Limit one of each Pok\u00e9mon\n|rule|Item Clause: Limit one of each item\n|clearpoke\n|poke|p1|Kommo-o, L50, M|\n|poke|p1|Tyranitar, L50, F|\n|poke|p1|Rillaboom, L50, F|\n|poke|p1|Flutter Mane, L50|\n|poke|p1|Arcanine-Hisui, L50, M|\n|poke|p1|Iron Bundle, L50|\n|poke|p2|Rillaboom, L50, F|\n|poke|p2|Chien-Pao, L50|\n|poke|p2|Heatran, L50, F|\n|poke|p2|Enamorus, L50, F|\n|poke|p2|Farigiraf, L50, M|\n|poke|p2|Clodsire, L50, F|\n|teampreview|4\n|inactive|Battle timer is ON: inactive players will automatically lose when time's up. (requested by It4li4n St4llion)\nIt4li4n St4llion has agreed to open team sheets.\n|inactive|CAUDDILLO has 60 seconds left.\n|\n|t:|1701160926\n|start\n|switch|p1a: Iron Bundle|Iron Bundle, L50|100\/100\n|switch|p1b: Tyranitar|Tyranitar, L50, F|100\/100\n|switch|p2a: Rillaboom|Rillaboom, L50, F|100\/100\n|switch|p2b: Enamorus|Enamorus, L50, F|100\/100\n|-fieldstart|move: Grassy Terrain|[from] ability: Grassy Surge|[of] p2a: Rillaboom\n|-weather|Sandstorm|[from] ability: Sand Stream|[of] p1b: Tyranitar\n|-enditem|p1a: Iron Bundle|Booster Energy\n|-activate|p1a: Iron Bundle|ability: Quark Drive|[fromitem]\n|-start|p1a: Iron Bundle|quarkdrivespe\n|turn|1\n|\n|t:|1701160948\n|move|p2a: Rillaboom|Fake Out|p1a: Iron Bundle\n|-damage|p1a: Iron Bundle|82\/100\n|cant|p1a: Iron Bundle|flinch\n|move|p2b: Enamorus|Superpower|p1b: Tyranitar\n|-supereffective|p1b: Tyranitar\n|-damage|p1b: Tyranitar|0 fnt\n|-boost|p2b: Enamorus|atk|1\n|-boost|p2b: Enamorus|def|1\n|faint|p1b: Tyranitar\n|\n|-weather|Sandstorm|[upkeep]\n|-damage|p1a: Iron Bundle|76\/100|[from] Sandstorm\n|-damage|p2b: Enamorus|94\/100|[from] Sandstorm\n|-damage|p2a: Rillaboom|94\/100|[from] Sandstorm\n|-heal|p1a: Iron Bundle|82\/100|[from] Grassy Terrain\n|-heal|p2a: Rillaboom|100\/100|[from] Grassy Terrain\n|upkeep\n|inactive|CAUDDILLO has 30 seconds left.\n|\n|t:|1701160978\n|switch|p1b: Arcanine|Arcanine-Hisui, L50, M|100\/100\n|-ability|p1b: Arcanine|Intimidate|boost\n|-unboost|p2a: Rillaboom|atk|1\n|-boost|p2b: Enamorus|atk|1\n|turn|2\n|inactive|CAUDDILLO has 30 seconds left.\n|inactive|It4li4n St4llion has 30 seconds left.\n|inactive|CAUDDILLO has 20 seconds left.\n|inactive|It4li4n St4llion has 20 seconds left.\n|inactive|CAUDDILLO has 15 seconds left.\n|inactive|It4li4n St4llion has 15 seconds left.\n|inactive|CAUDDILLO has 10 seconds left.\n|inactive|It4li4n St4llion has 10 seconds left.\n|inactive|CAUDDILLO has 5 seconds left.\n|\n|t:|1701161033\n|-terastallize|p2b: Enamorus|Poison\n|move|p2a: Rillaboom|Grassy Glide|p1a: Iron Bundle\n|-supereffective|p1a: Iron Bundle\n|-damage|p1a: Iron Bundle|7\/100\n|move|p1a: Iron Bundle|Freeze-Dry|p2b: Enamorus\n|-damage|p2b: Enamorus|56\/100\n|move|p2b: Enamorus|Superpower|p1b: Arcanine\n|-supereffective|p1b: Arcanine\n|-damage|p1b: Arcanine|0 fnt\n|-boost|p2b: Enamorus|atk|1\n|-boost|p2b: Enamorus|def|1\n|faint|p1b: Arcanine\n|\n|-weather|Sandstorm|[upkeep]\n|-damage|p1a: Iron Bundle|1\/100|[from] Sandstorm\n|-damage|p2b: Enamorus|50\/100|[from] Sandstorm\n|-damage|p2a: Rillaboom|94\/100|[from] Sandstorm\n|-enditem|p2b: Enamorus|Sitrus Berry|[eat]\n|-heal|p2b: Enamorus|75\/100|[from] item: Sitrus Berry\n|-heal|p1a: Iron Bundle|7\/100|[from] Grassy Terrain\n|-heal|p2b: Enamorus|81\/100|[from] Grassy Terrain\n|-heal|p2a: Rillaboom|100\/100|[from] Grassy Terrain\n|upkeep\n|-message|CAUDDILLO forfeited.\n|\n|win|It4li4n St4llion\n|raw|CAUDDILLO's rating: 1134 &rarr; <strong>1109<\/strong><br \/>(-25 for losing)\n|raw|It4li4n St4llion's rating: 1129 &rarr; <strong>1154<\/strong><br \/>(+25 for winning)\n|l|\u2606CAUDDILLO\n","uploadtime":1701161065,"views":9,"p1id":"cauddillo","p2id":"it4li4nst4llion","formatid":"gen9vgc2023regulatione","rating":1109,"private":0,"password":""}