{"id":"gen9vgc2023regulatione-1988926259","p1":"Dozo4Live","p2":"newalttotestteams","format":"[Gen 9] VGC 2023 Regulation E","log":"|j|\u2606Dozo4Live\n|j|\u2606newalttotestteams\n|t:|1699789087\n|gametype|doubles\n|player|p1|Dozo4Live|ethan|1636\n|player|p2|newalttotestteams|n|1545\n|teamsize|p1|6\n|teamsize|p2|6\n|gen|9\n|tier|[Gen 9] VGC 2023 Regulation E\n|rated|\n|rule|Species Clause: Limit one of each Pok\u00e9mon\n|rule|Item Clause: Limit one of each item\n|clearpoke\n|poke|p1|Chi-Yu, L50|\n|poke|p1|Dondozo, L50, F|\n|poke|p1|Tatsugiri-Droopy, L50, F|\n|poke|p1|Glimmora, L50, F|\n|poke|p1|Flutter Mane, L50|\n|poke|p1|Iron Hands, L50|\n|poke|p2|Tornadus, L50, M|\n|poke|p2|Urshifu-*, L50, F|\n|poke|p2|Chien-Pao, L50|\n|poke|p2|Ogerpon-Hearthflame, L50, F|\n|poke|p2|Flutter Mane, L50|\n|poke|p2|Arcanine-Hisui, L50, M|\n|teampreview|4\n|inactive|Battle timer is ON: inactive players will automatically lose when time's up. (requested by Dozo4Live)\nnewalttotestteams has agreed to open team sheets.\n|inactive|newalttotestteams has 60 seconds left.\n|\n|t:|1699789125\n|start\n|switch|p1a: Chi-Yu|Chi-Yu, L50|100\/100\n|switch|p1b: Glimmora|Glimmora, L50, F, shiny|100\/100\n|switch|p2a: Urshifu|Urshifu-Rapid-Strike, L50, F|100\/100\n|switch|p2b: Chien-Pao|Chien-Pao, L50|100\/100\n|-ability|p1a: Chi-Yu|Beads of Ruin\n|-ability|p2b: Chien-Pao|Sword of Ruin\n|turn|1\n|inactive|Dozo4Live has 30 seconds left.\n|inactive|Dozo4Live has 20 seconds left.\n|inactive|Dozo4Live has 15 seconds left.\n|\n|t:|1699789168\n|move|p2b: Chien-Pao|Protect|p2b: Chien-Pao\n|-singleturn|p2b: Chien-Pao|Protect\n|move|p1a: Chi-Yu|Psychic|p2a: Urshifu\n|-supereffective|p2a: Urshifu\n|-damage|p2a: Urshifu|0 fnt\n|faint|p2a: Urshifu\n|move|p1b: Glimmora|Power Gem|p2b: Chien-Pao\n|-activate|p2b: Chien-Pao|move: Protect\n|\n|upkeep\n|\n|t:|1699789178\n|switch|p2a: Ogerpon|Ogerpon-Hearthflame, L50, F|100\/100\n|-ability|p2a: Ogerpon|Mold Breaker\n|turn|2\n|-message|newalttotestteams forfeited.\n|\n|win|Dozo4Live\n|raw|Dozo4Live's rating: 1636 &rarr; <strong>1651<\/strong><br \/>(+15 for winning)\n|raw|newalttotestteams's rating: 1545 &rarr; <strong>1530<\/strong><br \/>(-15 for losing)\n|l|\u2606newalttotestteams\n","uploadtime":1699789187,"views":17,"p1id":"dozo4live","p2id":"newalttotestteams","formatid":"gen9vgc2023regulatione","rating":1530,"private":0,"password":""}