{"id":"gen9vgc2023regulatione-2000285412","p1":"Mura-93","p2":"Losingwithbadteam","format":"[Gen 9] VGC 2023 Regulation E","log":"|j|\u2606Mura-93\n|j|\u2606Losingwithbadteam\n|t:|1701181345\n|gametype|doubles\n|player|p1|Mura-93|2|1098\n|player|p2|Losingwithbadteam|2|1009\n|teamsize|p1|6\n|teamsize|p2|6\n|gen|9\n|tier|[Gen 9] VGC 2023 Regulation E\n|rated|\n|rule|Species Clause: Limit one of each Pok\u00e9mon\n|rule|Item Clause: Limit one of each item\n|clearpoke\n|poke|p1|Decidueye, L50, F|\n|poke|p1|Typhlosion, L50, M|\n|poke|p1|Landorus-Therian, L50, M|\n|poke|p1|Slowking, L50, F|\n|poke|p1|Iron Hands, L50|\n|poke|p1|Flutter Mane, L50|\n|poke|p2|Oranguru, L50, M|\n|poke|p2|Skeledirge, L50, M|\n|poke|p2|Urshifu-*, L50, M|\n|poke|p2|Flutter Mane, L50|\n|poke|p2|Iron Hands, L50|\n|poke|p2|Rillaboom, L50, M|\n|teampreview|4\n|inactive|Battle timer is ON: inactive players will automatically lose when time's up. (requested by Losingwithbadteam)\n|inactive|Mura-93 has 60 seconds left.\n|\n|t:|1701181376\n|start\n|switch|p1a: Decidueye|Decidueye, L50, F|100\/100\n|switch|p1b: Slowking|Slowking, L50, F|100\/100\n|switch|p2a: Urshifu|Urshifu-Rapid-Strike, L50, M|100\/100\n|switch|p2b: Rillaboom|Rillaboom, L50, M|100\/100\n|-fieldstart|move: Grassy Terrain|[from] ability: Grassy Surge|[of] p2b: Rillaboom\n|turn|1\n|\n|t:|1701181396\n|-terastallize|p1b: Slowking|Grass\n|move|p2a: Urshifu|U-turn|p1b: Slowking\n|-supereffective|p1b: Slowking\n|-damage|p1b: Slowking|49\/100\n|\n|t:|1701181401\n|switch|p2a: Skeledirge|Skeledirge, L50, M|100\/100|[from] U-turn\n|move|p2b: Rillaboom|U-turn|p1b: Slowking\n|-supereffective|p1b: Slowking\n|-damage|p1b: Slowking|0 fnt\n|faint|p1b: Slowking\n|\n|t:|1701181408\n|switch|p2b: Oranguru|Oranguru, L50, M|100\/100|[from] U-turn\n|move|p1a: Decidueye|Energy Ball|p2a: Skeledirge\n|-resisted|p2a: Skeledirge\n|-damage|p2a: Skeledirge|69\/100\n|-damage|p1a: Decidueye|91\/100|[from] item: Life Orb\n|\n|-heal|p1a: Decidueye|97\/100|[from] Grassy Terrain\n|-heal|p2a: Skeledirge|75\/100|[from] Grassy Terrain\n|upkeep\n|\n|t:|1701181420\n|switch|p1b: Landorus|Landorus-Therian, L50, M|100\/100\n|-ability|p1b: Landorus|Intimidate|boost\n|-unboost|p2a: Skeledirge|atk|1\n|-fail|p2b: Oranguru|unboost|Attack|[from] ability: Inner Focus|[of] p2b: Oranguru\n|turn|2\n|\n|t:|1701181433\n|-terastallize|p2a: Skeledirge|Fairy\n|move|p1b: Landorus|Stomping Tantrum|p2a: Skeledirge\n|-damage|p2a: Skeledirge|20\/100\n|move|p1a: Decidueye|Air Slash|p2b: Oranguru\n|-crit|p2b: Oranguru\n|-damage|p2b: Oranguru|68\/100\n|-damage|p1a: Decidueye|87\/100|[from] item: Life Orb\n|move|p2a: Skeledirge|Torch Song|p1b: Landorus\n|-damage|p1b: Landorus|56\/100\n|-boost|p2a: Skeledirge|spa|1\n|-enditem|p2a: Skeledirge|Throat Spray\n|-boost|p2a: Skeledirge|spa|1|[from] item: Throat Spray\n|move|p2b: Oranguru|Trick Room|p2b: Oranguru\n|-fieldstart|move: Trick Room|[of] p2b: Oranguru\n|\n|-heal|p2b: Oranguru|74\/100|[from] Grassy Terrain\n|-heal|p2a: Skeledirge|25\/100|[from] Grassy Terrain\n|-heal|p1a: Decidueye|93\/100|[from] Grassy Terrain\n|upkeep\n|turn|3\n|inactive|Mura-93 has 30 seconds left.\n|c|\u2606Losingwithbadteam|Ggs\n|\n|t:|1701181467\n|move|p2b: Oranguru|Instruct|p2a: Skeledirge\n|-singleturn|p2a: Skeledirge|move: Instruct|[of] p2b: Oranguru\n|move|p2a: Skeledirge|Torch Song|p1b: Landorus\n|-damage|p1b: Landorus|0 fnt\n|-boost|p2a: Skeledirge|spa|1\n|faint|p1b: Landorus\n|move|p2a: Skeledirge|Heat Wave|p1a: Decidueye\n|-supereffective|p1a: Decidueye\n|-damage|p1a: Decidueye|0 fnt\n|faint|p1a: Decidueye\n|\n|-heal|p2b: Oranguru|80\/100|[from] Grassy Terrain\n|-heal|p2a: Skeledirge|31\/100|[from] Grassy Terrain\n|upkeep\n|\n|t:|1701181485\n|switch|p1a: Typhlosion|Typhlosion, L50, M|100\/100\n|turn|4\n|\n|t:|1701181495\n|move|p2b: Oranguru|Instruct|p2a: Skeledirge\n|-singleturn|p2a: Skeledirge|move: Instruct|[of] p2b: Oranguru\n|move|p2a: Skeledirge|Heat Wave|p1a: Typhlosion\n|-start|p1a: Typhlosion|ability: Flash Fire\n|move|p2a: Skeledirge|Shadow Ball|p1a: Typhlosion\n|-damage|p1a: Typhlosion|0 fnt\n|faint|p1a: Typhlosion\n|\n|win|Losingwithbadteam\n|raw|Mura-93's rating: 1098 &rarr; <strong>1067<\/strong><br \/>(-31 for losing)\n|raw|Losingwithbadteam's rating: 1009 &rarr; <strong>1057<\/strong><br \/>(+48 for winning)\n|l|\u2606Mura-93\n","uploadtime":1701181510,"views":6,"p1id":"mura93","p2id":"losingwithbadteam","formatid":"gen9vgc2023regulatione","rating":1057,"private":0,"password":""}