{"id":"gen9vgc2023regulatione-1990688412","p1":"stridesvgc","p2":"Dryslide","format":"[Gen 9] VGC 2023 Regulation E","log":"|j|\u2606stridesvgc\n|j|\u2606Dryslide\n|t:|1699991899\n|gametype|doubles\n|player|p1|stridesvgc|266|1169\n|player|p2|Dryslide|flannery|1259\n|teamsize|p1|6\n|teamsize|p2|6\n|gen|9\n|tier|[Gen 9] VGC 2023 Regulation E\n|rated|\n|rule|Species Clause: Limit one of each Pok\u00e9mon\n|rule|Item Clause: Limit one of each item\n|clearpoke\n|poke|p1|Urshifu-*, L50, F|\n|poke|p1|Ursaluna, L50, M|\n|poke|p1|Staraptor, L50, M|\n|poke|p1|Cresselia, L50, F|\n|poke|p1|Heatran, L50, F|\n|poke|p1|Farigiraf, L50, F|\n|poke|p2|Flutter Mane, L50|\n|poke|p2|Urshifu-*, L50, M|\n|poke|p2|Arcanine-Hisui, L50, F|\n|poke|p2|Rillaboom, L50, M|\n|poke|p2|Chien-Pao, L50|\n|poke|p2|Tornadus, L50, M|\n|teampreview|4\n|inactive|Battle timer is ON: inactive players will automatically lose when time's up. (requested by Dryslide)\nDryslide rejected open team sheets.\n|\n|t:|1699991932\n|start\n|switch|p1a: Cresselia|Cresselia, L50, F, shiny|100\/100\n|switch|p1b: Ursaluna|Ursaluna, L50, M, shiny|100\/100\n|switch|p2a: Chien-Pao|Chien-Pao, L50|100\/100\n|switch|p2b: Arcanine|Arcanine-Hisui, L50, F, shiny|100\/100\n|-ability|p2a: Chien-Pao|Sword of Ruin\n|-ability|p2b: Arcanine|Intimidate|boost\n|-unboost|p1a: Cresselia|atk|1\n|-unboost|p1b: Ursaluna|atk|1\n|turn|1\n|inactive|Dryslide has 30 seconds left.\n|inactive|Dryslide has 20 seconds left.\n|\n|t:|1699991967\n|-terastallize|p1a: Cresselia|Water\n|move|p1b: Ursaluna|Protect|p1b: Ursaluna\n|-singleturn|p1b: Ursaluna|Protect\n|move|p2a: Chien-Pao|Crunch|p1b: Ursaluna\n|-activate|p1b: Ursaluna|move: Protect\n|move|p2b: Arcanine|Head Smash|p1a: Cresselia\n|-damage|p1a: Cresselia|0 fnt\n|faint|p1a: Cresselia\n|-damage|p2b: Arcanine|34\/100|[from] Recoil\n|\n|-status|p1b: Ursaluna|brn|[from] item: Flame Orb\n|upkeep\n|inactive|stridesvgc has 30 seconds left.\n|\n|t:|1699991993\n|switch|p1a: Urshifu|Urshifu, L50, F|100\/100\n|turn|2\n|inactive|Dryslide has 30 seconds left.\n|inactive|Dryslide has 20 seconds left.\n|inactive|stridesvgc has 30 seconds left.\n|inactive|Dryslide has 15 seconds left.\n|\n|t:|1699992034\n|switch|p2b: Rillaboom|Rillaboom, L50, M|100\/100\n|-fieldstart|move: Grassy Terrain|[from] ability: Grassy Surge|[of] p2b: Rillaboom\n|move|p2a: Chien-Pao|Sacred Sword|p1b: Ursaluna\n|-supereffective|p1b: Ursaluna\n|-damage|p1b: Ursaluna|43\/100 brn\n|move|p1a: Urshifu|Wicked Blow|p2b: Rillaboom\n|-crit|p2b: Rillaboom\n|-damage|p2b: Rillaboom|28\/100\n|move|p1b: Ursaluna|Facade|p2b: Rillaboom\n|-damage|p2b: Rillaboom|0 fnt\n|faint|p2b: Rillaboom\n|\n|-heal|p1b: Ursaluna|49\/100 brn|[from] Grassy Terrain\n|-damage|p1b: Ursaluna|43\/100 brn|[from] brn\n|upkeep\n|\n|t:|1699992054\n|switch|p2b: Arcanine|Arcanine-Hisui, L50, F, shiny|34\/100\n|-ability|p2b: Arcanine|Intimidate|boost\n|-unboost|p1a: Urshifu|atk|1\n|-unboost|p1b: Ursaluna|atk|1\n|turn|3\n|\n|t:|1699992076\n|move|p1b: Ursaluna|Protect|p1b: Ursaluna\n|-singleturn|p1b: Ursaluna|Protect\n|move|p2b: Arcanine|Extreme Speed|p1a: Urshifu\n|-damage|p1a: Urshifu|48\/100\n|move|p2a: Chien-Pao|Sacred Sword|p1a: Urshifu\n|-supereffective|p1a: Urshifu\n|-damage|p1a: Urshifu|0 fnt\n|faint|p1a: Urshifu\n|\n|-heal|p2b: Arcanine|40\/100|[from] Grassy Terrain\n|-heal|p1b: Ursaluna|49\/100 brn|[from] Grassy Terrain\n|-damage|p1b: Ursaluna|43\/100 brn|[from] brn\n|upkeep\n|-message|stridesvgc forfeited.\n|\n|win|Dryslide\n|raw|stridesvgc's rating: 1169 &rarr; <strong>1150<\/strong><br \/>(-19 for losing)\n|raw|Dryslide's rating: 1259 &rarr; <strong>1278<\/strong><br \/>(+19 for winning)\n|l|\u2606stridesvgc\n","uploadtime":1699992094,"views":11,"p1id":"stridesvgc","p2id":"dryslide","formatid":"gen9vgc2023regulatione","rating":1150,"private":0,"password":""}