{"id":"gen9vgc2023regulatione-1995051024","p1":"EricShin Phils","p2":"Ozwald McFly","format":"[Gen 9] VGC 2023 Regulation E","log":"|j|\u2606EricShin Phils\n|j|\u2606Ozwald McFly\n|t:|1700517269\n|gametype|doubles\n|player|p1|EricShin Phils|shadowtriad|1347\n|player|p2|Ozwald McFly|102|1430\n|teamsize|p1|6\n|teamsize|p2|6\n|gen|9\n|tier|[Gen 9] VGC 2023 Regulation E\n|rated|\n|rule|Species Clause: Limit one of each Pok\u00e9mon\n|rule|Item Clause: Limit one of each item\n|clearpoke\n|poke|p1|Iron Bundle, L50|\n|poke|p1|Urshifu-*, L50, F|\n|poke|p1|Iron Hands, L50|\n|poke|p1|Ogerpon-Hearthflame, L50, F|\n|poke|p1|Tornadus, L50, M|\n|poke|p1|Landorus-Therian, L50, M|\n|poke|p2|Noctowl, L50, F|\n|poke|p2|Sandy Shocks, L50|\n|poke|p2|Espeon, L50, F|\n|poke|p2|Indeedee-F, L50, F|\n|poke|p2|Iron Hands, L50|\n|poke|p2|Decidueye-Hisui, L50, M|\n|teampreview|4\n|inactive|Battle timer is ON: inactive players will automatically lose when time's up. (requested by EricShin Phils)\n|inactive|EricShin Phils has 60 seconds left.\n|\n|t:|1700517314\n|start\n|switch|p1a: Ogerpon|Ogerpon-Hearthflame, L50, F|100\/100\n|switch|p1b: Tornadus|Tornadus, L50, M|100\/100\n|switch|p2a: Decidueye|Decidueye-Hisui, L50, M, shiny|100\/100\n|switch|p2b: Indeedee|Indeedee-F, L50, F|100\/100\n|-ability|p1a: Ogerpon|Mold Breaker\n|-fieldstart|move: Psychic Terrain|[from] ability: Psychic Surge|[of] p2b: Indeedee\n|turn|1\n|\n|t:|1700517329\n|move|p1a: Ogerpon|Spiky Shield|p1a: Ogerpon\n|-singleturn|p1a: Ogerpon|move: Protect\n|move|p2a: Decidueye|Protect|p2a: Decidueye\n|-singleturn|p2a: Decidueye|Protect\n|move|p1b: Tornadus|Sunny Day|p1b: Tornadus\n|-weather|SunnyDay\n|move|p2b: Indeedee|Trick Room|p2b: Indeedee\n|-fieldstart|move: Trick Room|[of] p2b: Indeedee\n|\n|-weather|SunnyDay|[upkeep]\n|upkeep\n|turn|2\n|inactive|EricShin Phils has 30 seconds left.\n|\n|t:|1700517362\n|-terastallize|p2a: Decidueye|Fighting\n|-terastallize|p1a: Ogerpon|Fire\n|detailschange|p1a: Ogerpon|Ogerpon-Hearthflame-Tera, L50, F, tera:Fire\n|-ability|p1a: Ogerpon|Embody Aspect (Hearthflame)|boost\n|-boost|p1a: Ogerpon|atk|1\n|move|p2b: Indeedee|Helping Hand|p2a: Decidueye\n|-singleturn|p2a: Decidueye|Helping Hand|[of] p2b: Indeedee\n|move|p2a: Decidueye|Triple Arrows|p1a: Ogerpon\n|-crit|p1a: Ogerpon\n|-damage|p1a: Ogerpon|0 fnt\n|faint|p1a: Ogerpon\n|move|p1b: Tornadus|Bleakwind Storm|p2a: Decidueye|[spread] p2b\n|-miss|p1b: Tornadus|p2a: Decidueye\n|-damage|p2b: Indeedee|71\/100\n|\n|-weather|SunnyDay|[upkeep]\n|upkeep\n|\n|t:|1700517379\n|switch|p1a: Landorus|Landorus-Therian, L50, M|100\/100\n|-ability|p1a: Landorus|Intimidate|boost\n|-fail|p2a: Decidueye|unboost|Attack|[from] ability: Scrappy|[of] p2a: Decidueye\n|-unboost|p2b: Indeedee|atk|1\n|turn|3\n|\n|t:|1700517395\n|move|p2b: Indeedee|Helping Hand|p2a: Decidueye\n|-singleturn|p2a: Decidueye|Helping Hand|[of] p2b: Indeedee\n|move|p2a: Decidueye|Leaf Blade|p1a: Landorus\n|-crit|p1a: Landorus\n|-damage|p1a: Landorus|0 fnt\n|faint|p1a: Landorus\n|move|p1b: Tornadus|Bleakwind Storm|p2a: Decidueye|[spread] p2b\n|-miss|p1b: Tornadus|p2a: Decidueye\n|-damage|p2b: Indeedee|42\/100\n|-enditem|p2b: Indeedee|Sitrus Berry|[eat]\n|-heal|p2b: Indeedee|67\/100|[from] item: Sitrus Berry\n|\n|-weather|SunnyDay|[upkeep]\n|upkeep\n|\n|t:|1700517409\n|switch|p1a: Urshifu|Urshifu, L50, F|100\/100\n|turn|4\n|-message|EricShin Phils forfeited.\n|\n|win|Ozwald McFly\n|raw|EricShin Phils's rating: 1347 &rarr; <strong>1332<\/strong><br \/>(-15 for losing)\n|raw|Ozwald McFly's rating: 1430 &rarr; <strong>1445<\/strong><br \/>(+15 for winning)\n|l|\u2606EricShin Phils\n","uploadtime":1700517428,"views":6,"p1id":"ericshinphils","p2id":"ozwaldmcfly","formatid":"gen9vgc2023regulatione","rating":1332,"private":0,"password":""}