{"id":"gen9vgc2023regulatione-1996385944","p1":"PulpyTest","p2":"MisterPulpyVGC","format":"[Gen 9] VGC 2023 Regulation E","log":"|j|\u2606PulpyTest\n|j|\u2606MisterPulpyVGC\n|t:|1700677073\n|gametype|doubles\n|player|p1|PulpyTest|102|\n|player|p2|MisterPulpyVGC|101|\n|teamsize|p1|6\n|teamsize|p2|6\n|gen|9\n|tier|[Gen 9] VGC 2023 Regulation E\n|rule|Species Clause: Limit one of each Pok\u00e9mon\n|rule|Item Clause: Limit one of each item\n|clearpoke\n|poke|p1|Roaring Moon, L50|\n|poke|p1|Heatran, L50, F|\n|poke|p1|Amoonguss, L50, M|\n|poke|p1|Flutter Mane, L50|\n|poke|p1|Iron Hands, L50|\n|poke|p1|Landorus-Therian, L50, M|\n|poke|p2|Chi-Yu, L50|\n|poke|p2|Ogerpon-Wellspring, L50, F|\n|poke|p2|Regieleki, L50|\n|poke|p2|Spectrier, L50|\n|poke|p2|Tornadus, L50, M|\n|poke|p2|Indeedee-F, L50, F|\n|teampreview|4\n|\n|t:|1700677099\n|start\n|switch|p1a: CantBeTouch|Iron Hands, L50|100\/100\n|switch|p1b: FeuDeBois|Heatran, L50, F|100\/100\n|switch|p2a: Kasane Teto|Indeedee-F, L50, F, shiny|100\/100\n|switch|p2b: FriendLikeMe|Tornadus, L50, M|100\/100\n|-fieldstart|move: Psychic Terrain|[from] ability: Psychic Surge|[of] p2a: Kasane Teto\n|-enditem|p2a: Kasane Teto|Psychic Seed\n|-boost|p2a: Kasane Teto|spd|1|[from] item: Psychic Seed\n|turn|1\n|\n|t:|1700677121\n|move|p1b: FeuDeBois|Protect|p1b: FeuDeBois\n|-singleturn|p1b: FeuDeBois|Protect\n|move|p2a: Kasane Teto|Protect|p2a: Kasane Teto\n|-singleturn|p2a: Kasane Teto|Protect\n|move|p1a: CantBeTouch|Fake Out|p2b: FriendLikeMe\n|-hint|Psychic Terrain doesn't affect Pok\u00e9mon immune to Ground.\n|-damage|p2b: FriendLikeMe|81\/100\n|cant|p2b: FriendLikeMe|flinch\n|\n|upkeep\n|turn|2\n|-message|MisterPulpyVGC forfeited.\n|\n|win|PulpyTest\n|l|\u2606MisterPulpyVGC\n","uploadtime":1700677151,"views":22,"p1id":"pulpytest","p2id":"misterpulpyvgc","formatid":"gen9vgc2023regulatione","rating":0,"private":0,"password":""}