{"id":"gen9vgc2023regulatione-1998795447","p1":"Jippt351","p2":"pisspisspoopoo","format":"[Gen 9] VGC 2023 Regulation E","log":"|j|\u2606Jippt351\n|j|\u2606pisspisspoopoo\n|t:|1700992546\n|gametype|doubles\n|player|p1|Jippt351|102|1199\n|player|p2|pisspisspoopoo|swimmer|1288\n|teamsize|p1|6\n|teamsize|p2|6\n|gen|9\n|tier|[Gen 9] VGC 2023 Regulation E\n|rated|\n|rule|Species Clause: Limit one of each Pok\u00e9mon\n|rule|Item Clause: Limit one of each item\n|clearpoke\n|poke|p1|Armarouge, L50, F|\n|poke|p1|Indeedee-F, L50, F|\n|poke|p1|Torkoal, L50, F|\n|poke|p1|Weezing-Galar, L50, F|\n|poke|p1|Flutter Mane, L50|\n|poke|p1|Gallade, L50, M|\n|poke|p2|Torkoal, L50, F|\n|poke|p2|Ogerpon-Wellspring, L50, F|\n|poke|p2|Lilligant-Hisui, L50, F|\n|poke|p2|Tornadus, L50, M|\n|poke|p2|Flutter Mane, L50|\n|poke|p2|Arcanine-Hisui, L50, F|\n|teampreview|4\n|inactive|Battle timer is ON: inactive players will automatically lose when time's up. (requested by Jippt351)\n|\n|t:|1700992564\n|start\n|switch|p1a: Armarouge|Armarouge, L50, F|100\/100\n|switch|p1b: Indeedee|Indeedee-F, L50, F|100\/100\n|switch|p2a: Flutter Mane|Flutter Mane, L50|100\/100\n|switch|p2b: Arcanine|Arcanine-Hisui, L50, F|100\/100\n|-ability|p2b: Arcanine|Intimidate|boost\n|-unboost|p1a: Armarouge|atk|1\n|-unboost|p1b: Indeedee|atk|1\n|-fieldstart|move: Psychic Terrain|[from] ability: Psychic Surge|[of] p1b: Indeedee\n|turn|1\n|\n|t:|1700992578\n|move|p1b: Indeedee|Follow Me|p1b: Indeedee\n|-singleturn|p1b: Indeedee|move: Follow Me\n|move|p2a: Flutter Mane|Dazzling Gleam|p1b: Indeedee|[spread] p1a,p1b\n|-resisted|p1a: Armarouge\n|-damage|p1a: Armarouge|81\/100\n|-damage|p1b: Indeedee|67\/100\n|move|p2b: Arcanine|Rock Slide|p1a: Armarouge|[spread] p1a,p1b\n|-supereffective|p1a: Armarouge\n|-damage|p1a: Armarouge|2\/100\n|-damage|p1b: Indeedee|29\/100\n|move|p1a: Armarouge|Trick Room|p1a: Armarouge\n|-fieldstart|move: Trick Room|[of] p1a: Armarouge\n|\n|upkeep\n|turn|2\n|\n|t:|1700992591\n|move|p1a: Armarouge|Expanding Force|p2b: Arcanine|[spread] p2a,p2b\n|-damage|p2a: Flutter Mane|18\/100\n|-damage|p2b: Arcanine|0 fnt\n|faint|p2b: Arcanine\n|-damage|p1a: Armarouge|0 fnt|[from] item: Life Orb\n|faint|p1a: Armarouge\n|move|p1b: Indeedee|Heal Pulse|p2a: Flutter Mane\n|-heal|p2a: Flutter Mane|68\/100\n|move|p2a: Flutter Mane|Dazzling Gleam|p1b: Indeedee\n|-damage|p1b: Indeedee|0 fnt\n|faint|p1b: Indeedee\n|\n|upkeep\n|\n|t:|1700992598\n|switch|p1a: Torkoal|Torkoal, L50, F|100\/100\n|switch|p1b: Flutter Mane|Flutter Mane, L50|100\/100\n|switch|p2b: Torkoal|Torkoal, L50, F|100\/100\n|-weather|SunnyDay|[from] ability: Drought|[of] p1a: Torkoal\n|-activate|p1b: Flutter Mane|ability: Protosynthesis\n|-start|p1b: Flutter Mane|protosynthesisspa\n|-activate|p2a: Flutter Mane|ability: Protosynthesis\n|-start|p2a: Flutter Mane|protosynthesisspe\n|turn|3\n|inactive|pisspisspoopoo has 30 seconds left.\n|\n|t:|1700992624\n|-terastallize|p1a: Torkoal|Fire\n|-terastallize|p2b: Torkoal|Fire\n|move|p1a: Torkoal|Eruption|p2b: Torkoal|[spread] p2a,p2b\n|-resisted|p2b: Torkoal\n|-damage|p2a: Flutter Mane|0 fnt\n|-damage|p2b: Torkoal|25\/100\n|faint|p2a: Flutter Mane\n|-end|p2a: Flutter Mane|Protosynthesis|[silent]\n|move|p2b: Torkoal|Eruption|p1b: Flutter Mane|[spread] p1a,p1b\n|-resisted|p1a: Torkoal\n|-damage|p1a: Torkoal|83\/100\n|-damage|p1b: Flutter Mane|70\/100\n|move|p1b: Flutter Mane|Shadow Ball|p2b: Torkoal\n|-damage|p2b: Torkoal|0 fnt\n|faint|p2b: Torkoal\n|\n|-weather|SunnyDay|[upkeep]\n|upkeep\n|\n|t:|1700992631\n|switch|p2b: Lilligant|Lilligant-Hisui, L50, F|100\/100\n|turn|4\n|-message|pisspisspoopoo forfeited.\n|\n|win|Jippt351\n|raw|Jippt351's rating: 1199 &rarr; <strong>1230<\/strong><br \/>(+31 for winning)\n|raw|pisspisspoopoo's rating: 1288 &rarr; <strong>1257<\/strong><br \/>(-31 for losing)\n|l|\u2606pisspisspoopoo\n","uploadtime":1700992640,"views":13,"p1id":"jippt351","p2id":"pisspisspoopoo","formatid":"gen9vgc2023regulatione","rating":1230,"private":0,"password":""}