{"id":"gen9vgc2023regulatione-1989097523","p1":"Effelon","p2":"justPiplup","format":"[Gen 9] VGC 2023 Regulation E","log":"|j|\u2606Effelon\n|j|\u2606justPiplup\n|n|\u2606Effelon|effelon\n|n|\u2606justPiplup|justpiplup\n|html|View the match progress at <a href=\"\/game-bestof3-gen9vgc2023regulatione-1989093997\">game-bestof3-gen9vgc2023regulatione-1989093997<\/a>\n|t:|1699811866\n|gametype|doubles\n|player|p1|Effelon|colress|\n|player|p2|justPiplup|karen|\n|teamsize|p1|6\n|teamsize|p2|6\n|gen|9\n|tier|[Gen 9] VGC 2023 Regulation E\n|rule|Species Clause: Limit one of each Pok\u00e9mon\n|rule|Item Clause: Limit one of each item\n|clearpoke\n|poke|p1|Toxicroak, L50, M|\n|poke|p1|Vivillon-Fancy, L50, F|\n|poke|p1|Flareon, L50, F|\n|poke|p1|Sylveon, L50, F|\n|poke|p1|Pikachu, L50, M|\n|poke|p1|Bronzong, L50|\n|poke|p2|Oranguru, L50, M|\n|poke|p2|Sylveon, L50, F|\n|poke|p2|Flareon, L50, M|\n|poke|p2|Stonjourner, L50, M|\n|poke|p2|Espeon, L50, F|\n|poke|p2|Toxicroak, L50, M|\n|teampreview|4\njustPiplup has agreed to open team sheets.\nEffelon has agreed to open team sheets.\n|showteam|p1|Toxicroak||ExpertBelt|DrySkin|CloseCombat,KnockOff,PoisonJab,SwordsDance|||M|||50|,,,,,Poison]Vivillon-Fancy||FocusSash|CompoundEyes|SleepPowder,TeraBlast,RagePowder,PollenPuff|||F|||50|,,,,,Poison]Flareon||ToxicOrb|Guts|Facade,FlareBlitz,TeraBlast,Protect|||F|||50|,,,,,Grass]Sylveon||ThroatSpray|Pixilate|HyperVoice,Psyshock,TeraBlast,Protect|||F|||50|,,,,,Fire]Pikachu||LightBall|LightningRod|VoltTackle,KnockOff,FakeOut,BrickBreak|||M|||50|,,,,,Electric]Bronzong||SitrusBerry|Heatproof|Psychic,BodyPress,LightScreen,Reflect||||||50|,,,,,Fighting\n|showteam|p2|Oranguru||SafetyGoggles|InnerFocus|TrickRoom,Instruct,Encore,Psychic|||M|||50|,,,,,Steel]Sylveon||AbilityShield|Pixilate|HyperVoice,Psychic,TeraBlast,Protect|||F|||50|,,,,,Fire]Flareon||ToxicOrb|Guts|SleepTalk,Facade,FlareBlitz,Protect|||M|||50|,,,,,Grass]Stonjourner||QuickClaw|PowerSpot|WideGuard,HighHorsepower,RockSlide,TeraBlast|||M|||50|,,,,,Fire]Espeon||CovertCloak|MagicBounce|GrassKnot,TeraBlast,ShadowBall,Psychic|||F|||50|,,,,,Steel]Toxicroak||FocusSash|DrySkin|FakeOut,KnockOff,PoisonJab,Taunt|||M|||50|,,,,,Dark\n|j| Coupe457\n|inactive|Battle timer is ON: inactive players will automatically lose when time's up. (requested by Effelon)\n|\n|t:|1699811971\n|start\n|switch|p1a: chupaki|Pikachu, L50, M|100\/100\n|switch|p1b: AAAAAAAA|Sylveon, L50, F|100\/100\n|switch|p2a: UG OG STINKY|Oranguru, L50, M|100\/100\n|switch|p2b: Hanekawa|Espeon, L50, F|100\/100\n|turn|1\n|inactive|justPiplup has 30 seconds left.\n|inactive|Effelon has 30 seconds left.\n|inactive|justPiplup has 20 seconds left.\n|inactive|justPiplup has 15 seconds left.\n|inactive|justPiplup has 10 seconds left.\n|\n|t:|1699812019\n|move|p1a: chupaki|Knock Off|p2b: Hanekawa\n|-supereffective|p2b: Hanekawa\n|-damage|p2b: Hanekawa|0 fnt\n|-enditem|p2b: Hanekawa|Covert Cloak|[from] move: Knock Off|[of] p1a: chupaki\n|faint|p2b: Hanekawa\n|move|p2a: UG OG STINKY|Instruct|p2: Hanekawa|[notarget]\n|-fail|p2a: UG OG STINKY\n|move|p1b: AAAAAAAA|Hyper Voice|p2a: UG OG STINKY\n|-damage|p2a: UG OG STINKY|59\/100\n|-enditem|p1b: AAAAAAAA|Throat Spray\n|-boost|p1b: AAAAAAAA|spa|1|[from] item: Throat Spray\n|\n|upkeep\n|\n|t:|1699812032\n|switch|p2b: Madoca Magica|Sylveon, L50, F|100\/100\n|turn|2\n|\n|t:|1699812054\n|move|p1a: chupaki|Volt Tackle|p2a: UG OG STINKY\n|-damage|p2a: UG OG STINKY|0 fnt\n|faint|p2a: UG OG STINKY\n|-damage|p1a: chupaki|66\/100|[from] Recoil\n|move|p2b: Madoca Magica|Hyper Voice|p1b: AAAAAAAA|[spread] p1a,p1b\n|-damage|p1a: chupaki|0 fnt\n|-damage|p1b: AAAAAAAA|71\/100\n|faint|p1a: chupaki\n|move|p1b: AAAAAAAA|Hyper Voice|p2b: Madoca Magica\n|-damage|p2b: Madoca Magica|46\/100\n|\n|upkeep\n|\n|t:|1699812068\n|switch|p1a: facade time|Flareon, L50, F|100\/100\n|switch|p2a: Promare|Flareon, L50, M|100\/100\n|turn|3\n|\n|t:|1699812091\n|-terastallize|p2b: Madoca Magica|Fire\n|move|p1a: facade time|Protect|p1a: facade time\n|-singleturn|p1a: facade time|Protect\n|move|p2a: Promare|Flare Blitz|p1b: AAAAAAAA\n|-damage|p1b: AAAAAAAA|0 fnt\n|faint|p1b: AAAAAAAA\n|-damage|p2a: Promare|73\/100|[from] Recoil\n|move|p2b: Madoca Magica|Hyper Voice|p1a: facade time\n|-activate|p1a: facade time|move: Protect\n|\n|-status|p1a: facade time|tox|[from] item: Toxic Orb\n|-status|p2a: Promare|tox|[from] item: Toxic Orb\n|upkeep\n|\n|t:|1699812097\n|switch|p1b: frok|Toxicroak, L50, M, shiny|100\/100\n|turn|4\n|inactive|justPiplup has 30 seconds left.\n|\n|t:|1699812129\n|-terastallize|p1b: frok|Poison\n|move|p1b: frok|Poison Jab|p2a: Promare\n|-damage|p2a: Promare|0 fnt\n|faint|p2a: Promare\n|move|p1a: facade time|Facade|p2b: Madoca Magica\n|-damage|p2b: Madoca Magica|0 fnt\n|faint|p2b: Madoca Magica\n|\n|win|Effelon\n|c|&|\/uhtml prompt-effelon,Effelon is ready for game 3!\n","uploadtime":1699812134,"views":10,"p1id":"effelon","p2id":"justpiplup","formatid":"gen9vgc2023regulatione","rating":0,"private":0,"password":""}