{"id":"gen9vgc2023regulatione-1991021630","p1":"KoleOffline","p2":"seekyriecry","format":"[Gen 9] VGC 2023 Regulation E","log":"|j|\u203dKoleOffline\n|j|\u2606seekyriecry\n|t:|1700029441\n|gametype|doubles\n|player|p1|KoleOffline|brawly|1057\n|player|p2|seekyriecry|caitlin|1142\n|teamsize|p1|6\n|teamsize|p2|6\n|gen|9\n|tier|[Gen 9] VGC 2023 Regulation E\n|rated|\n|rule|Species Clause: Limit one of each Pok\u00e9mon\n|rule|Item Clause: Limit one of each item\n|clearpoke\n|poke|p1|Golem-Alola, L50, F|\n|poke|p1|Rabsca, L50, F|\n|poke|p1|Dondozo, L50, M|\n|poke|p1|Iron Hands, L50|\n|poke|p1|Sinistcha-Masterpiece, L50|\n|poke|p1|Arcanine-Hisui, L50, F|\n|poke|p2|Sylveon, L50, M|\n|poke|p2|Espeon, L50, M|\n|poke|p2|Leafeon, L50, F|\n|poke|p2|Flareon, L50, M|\n|poke|p2|Umbreon, L50, F|\n|poke|p2|Vaporeon, L50, M|\n|teampreview|4\n|inactive|Battle timer is ON: inactive players will automatically lose when time's up. (requested by KoleOffline)\nKoleOffline has agreed to open team sheets.\n|\n|t:|1700029466\n|start\n|switch|p1a: Golem|Golem-Alola, L50, F, shiny|100\/100\n|switch|p1b: Rabsca|Rabsca, L50, F|100\/100\n|switch|p2a: Sylvester|Sylveon, L50, M, shiny|100\/100\n|switch|p2b: Bubsy|Vaporeon, L50, M, shiny|100\/100\n|turn|1\n|\n|t:|1700029486\n|-terastallize|p2b: Bubsy|Grass\n|move|p1a: Golem|Protect|p1a: Golem\n|-singleturn|p1a: Golem|Protect\n|move|p2b: Bubsy|Ice Beam|p1b: Rabsca\n|-damage|p1b: Rabsca|80\/100\n|move|p2a: Sylvester|Hyper Voice|p1b: Rabsca|[spread] p1b\n|-activate|p1a: Golem|move: Protect\n|-damage|p1b: Rabsca|40\/100\n|-enditem|p2a: Sylvester|Throat Spray\n|-boost|p2a: Sylvester|spa|1|[from] item: Throat Spray\n|move|p1b: Rabsca|Trick Room|p1b: Rabsca\n|-fieldstart|move: Trick Room|[of] p1b: Rabsca\n|\n|upkeep\n|turn|2\n|\n|t:|1700029505\n|move|p1a: Golem|Explosion|p2a: Sylvester|[spread] p2a,p2b\n|-activate|p1b: Rabsca|ability: Telepathy\n|-resisted|p2b: Bubsy\n|-damage|p2a: Sylvester|0 fnt\n|-damage|p2b: Bubsy|35\/100\n|faint|p1a: Golem\n|faint|p2a: Sylvester\n|move|p1b: Rabsca|Revival Blessing|p1b: Rabsca\n|-enditem|p1b: Rabsca|Leppa Berry|[eat]\n|-activate|p1b: Rabsca|item: Leppa Berry|Revival Blessing|[consumed]\n|\n|t:|1700029510\n|-heal|p1: Golem|50\/100|[from] move: Revival Blessing\n|switch|p1a: Golem|Golem-Alola, L50, F, shiny|50\/100\n|move|p2b: Bubsy|Acid Armor|p2b: Bubsy\n|-boost|p2b: Bubsy|def|2\n|\n|upkeep\n|\n|t:|1700029520\n|switch|p2a: Nebula|Umbreon, L50, F, shiny|100\/100\n|turn|3\n|\n|t:|1700029534\n|move|p1a: Golem|Explosion|p2b: Bubsy|[spread] p2a,p2b\n|-activate|p1b: Rabsca|ability: Telepathy\n|-resisted|p2b: Bubsy\n|-damage|p2a: Nebula|18\/100\n|-damage|p2b: Bubsy|4\/100\n|-enditem|p2b: Bubsy|Wiki Berry|[eat]\n|-heal|p2b: Bubsy|38\/100|[from] item: Wiki Berry\n|faint|p1a: Golem\n|move|p1b: Rabsca|Revival Blessing|p1b: Rabsca\n|\n|t:|1700029540\n|-heal|p1: Golem|50\/100|[from] move: Revival Blessing\n|switch|p1a: Golem|Golem-Alola, L50, F, shiny|50\/100\n|move|p2a: Nebula|Foul Play|p1a: Golem\n|-damage|p1a: Golem|14\/100\n|move|p2b: Bubsy|Scald|p1b: Rabsca\n|-damage|p1b: Rabsca|11\/100\n|\n|-heal|p2a: Nebula|24\/100|[from] item: Leftovers\n|upkeep\n|turn|4\n|inactive|seekyriecry has 30 seconds left.\n|inactive|seekyriecry has 20 seconds left.\n|inactive|seekyriecry has 15 seconds left.\n|\n|t:|1700029580\n|move|p1a: Golem|Explosion|p2a: Nebula|[spread] p2a,p2b\n|-activate|p1b: Rabsca|ability: Telepathy\n|-resisted|p2b: Bubsy\n|-crit|p2b: Bubsy\n|-damage|p2a: Nebula|0 fnt\n|-damage|p2b: Bubsy|0 fnt\n|faint|p1a: Golem\n|faint|p2a: Nebula\n|faint|p2b: Bubsy\n|move|p1b: Rabsca|Stored Power|p2: Nebula|[notarget]\n|-fail|p1b: Rabsca\n|\n|upkeep\n|-message|seekyriecry forfeited.\n|\n|win|KoleOffline\n|raw|KoleOffline's rating: 1057 &rarr; <strong>1096<\/strong><br \/>(+39 for winning)\n|raw|seekyriecry's rating: 1142 &rarr; <strong>1111<\/strong><br \/>(-31 for losing)\n|l|\u2606seekyriecry\n","uploadtime":1700029591,"views":16,"p1id":"koleoffline","p2id":"seekyriecry","formatid":"gen9vgc2023regulatione","rating":1096,"private":0,"password":""}