{"id":"gen9vgc2023regulatione-1998828980","p1":"keonspy","p2":"LUCNOOK","format":"[Gen 9] VGC 2023 Regulation E","log":"|j|\u2606keonspy\n|j|\u2606LUCNOOK\n|t:|1700999144\n|gametype|doubles\n|player|p1|keonspy|265|1240\n|player|p2|LUCNOOK|caitlin|1208\n|teamsize|p1|6\n|teamsize|p2|6\n|gen|9\n|tier|[Gen 9] VGC 2023 Regulation E\n|rated|\n|rule|Species Clause: Limit one of each Pok\u00e9mon\n|rule|Item Clause: Limit one of each item\n|clearpoke\n|poke|p1|Gothitelle, L50, F|\n|poke|p1|Scream Tail, L50|\n|poke|p1|Gothorita, L50, F|\n|poke|p1|Maushold-Four, L50|\n|poke|p1|Iron Hands, L50|\n|poke|p1|Ceruledge, L50, M|\n|poke|p2|Sinistcha, L50|\n|poke|p2|Annihilape, L50, M|\n|poke|p2|Ninetales-Alola, L50, M|\n|poke|p2|Clefairy, L50, M|\n|poke|p2|Moltres-Galar, L50|\n|poke|p2|Ting-Lu, L50|\n|teampreview|4\n|inactive|Battle timer is ON: inactive players will automatically lose when time's up. (requested by LUCNOOK)\n|inactive|keonspy has 60 seconds left.\nLUCNOOK has agreed to open team sheets.\n|\n|t:|1700999195\n|start\n|switch|p1a: Scream Tail|Scream Tail, L50|100\/100\n|switch|p1b: Ceruledge|Ceruledge, L50, M|100\/100\n|switch|p2a: Ninetales|Ninetales-Alola, L50, M|100\/100\n|switch|p2b: Moltres|Moltres-Galar, L50|100\/100\n|-weather|Snow|[from] ability: Snow Warning|[of] p2a: Ninetales\n|-enditem|p1a: Scream Tail|Booster Energy\n|-activate|p1a: Scream Tail|ability: Protosynthesis|[fromitem]\n|-start|p1a: Scream Tail|protosynthesisspe\n|turn|1\n|\n|t:|1700999209\n|switch|p1b: Gothitelle|Gothitelle, L50, F|100\/100\n|move|p1a: Scream Tail|Perish Song|p1a: Scream Tail\n|-start|p1a: Scream Tail|perish3|[silent]\n|-start|p1b: Gothitelle|perish3|[silent]\n|-start|p2a: Ninetales|perish3|[silent]\n|-start|p2b: Moltres|perish3|[silent]\n|-fieldactivate|move: Perish Song\n|move|p2a: Ninetales|Aurora Veil|p2a: Ninetales\n|-sidestart|p2: LUCNOOK|move: Aurora Veil\n|move|p2b: Moltres|Nasty Plot|p2b: Moltres\n|-boost|p2b: Moltres|spa|2\n|\n|-weather|Snow|[upkeep]\n|-start|p1a: Scream Tail|perish3\n|-start|p2a: Ninetales|perish3\n|-start|p2b: Moltres|perish3\n|-start|p1b: Gothitelle|perish3\n|upkeep\n|turn|2\n|\n|t:|1700999226\n|move|p1b: Gothitelle|Fake Out|p2b: Moltres\n|-damage|p2b: Moltres|97\/100\n|move|p1a: Scream Tail|Encore|p2a: Ninetales\n|-start|p2a: Ninetales|Encore\n|move|p2a: Ninetales|Aurora Veil||[still]\n|-fail|p2a: Ninetales\n|cant|p2b: Moltres|flinch\n|\n|-weather|Snow|[upkeep]\n|-start|p1a: Scream Tail|perish2\n|-start|p2a: Ninetales|perish2\n|-start|p2b: Moltres|perish2\n|-start|p1b: Gothitelle|perish2\n|upkeep\n|turn|3\n|\n|t:|1700999247\n|move|p1a: Scream Tail|Encore|p2b: Moltres\n|-start|p2b: Moltres|Encore\n|move|p2a: Ninetales|Aurora Veil||[still]\n|-fail|p2a: Ninetales\n|move|p2b: Moltres|Nasty Plot|p2b: Moltres\n|-boost|p2b: Moltres|spa|2\n|move|p1b: Gothitelle|Tera Blast|p2a: Ninetales\n|-damage|p2a: Ninetales|86\/100\n|\n|-weather|Snow|[upkeep]\n|-start|p1a: Scream Tail|perish1\n|-start|p2a: Ninetales|perish1\n|-start|p2b: Moltres|perish1\n|-start|p1b: Gothitelle|perish1\n|upkeep\n|turn|4\n|-message|LUCNOOK forfeited.\n|\n|win|keonspy\n|raw|keonspy's rating: 1240 &rarr; <strong>1263<\/strong><br \/>(+23 for winning)\n|raw|LUCNOOK's rating: 1208 &rarr; <strong>1185<\/strong><br \/>(-23 for losing)\n|l|\u2606LUCNOOK\n","uploadtime":1700999275,"views":17,"p1id":"keonspy","p2id":"lucnook","formatid":"gen9vgc2023regulatione","rating":1185,"private":0,"password":""}