{"id":"gen9vgc2023regulatione-1993678328","p1":"N-Zoroark stan","p2":"bunnelby to NU","format":"[Gen 9] VGC 2023 Regulation E","log":"|j|\u2606N-Zoroark stan\n|j|\u2606bunnelby to NU\n|n|\u2606N-Zoroark stan|nzoroarkstan\n|n|\u2606bunnelby to NU|bunnelbytonu\n|html|View the match progress at <a href=\"\/game-bestof3-gen9vgc2023regulatione-1993676630\">game-bestof3-gen9vgc2023regulatione-1993676630<\/a>\n|t:|1700344619\n|gametype|doubles\n|player|p1|N-Zoroark stan|riley|\n|player|p2|bunnelby to NU|170|\n|teamsize|p1|6\n|teamsize|p2|6\n|gen|9\n|tier|[Gen 9] VGC 2023 Regulation E\n|rule|Species Clause: Limit one of each Pok\u00e9mon\n|rule|Item Clause: Limit one of each item\n|clearpoke\n|poke|p1|Zoroark-Hisui, L50, F|\n|poke|p1|Flutter Mane, L50|\n|poke|p1|Chi-Yu, L50|\n|poke|p1|Tornadus, L50, M|\n|poke|p1|Ogerpon-Wellspring, L50, F|\n|poke|p1|Iron Hands, L50|\n|poke|p2|Politoed, L50, M|\n|poke|p2|Golduck, L50, M|\n|poke|p2|Urshifu-*, L50, M|\n|poke|p2|Sinistcha-Masterpiece, L50|\n|poke|p2|Tornadus, L50, M|\n|poke|p2|Kommo-o, L50, M|\n|teampreview|4\n|inactive|Battle timer is ON: inactive players will automatically lose when time's up. (requested by N-Zoroark stan)\nN-Zoroark stan has agreed to open team sheets.\n|\n|t:|1700344647\n|start\n|switch|p1a: Iron Hands|Iron Hands, L50|100\/100\n|switch|p1b: Flutter Mane|Flutter Mane, L50|100\/100\n|switch|p2a: Potion seller|Sinistcha-Masterpiece, L50|100\/100\n|switch|p2b: Will Smith|Tornadus, L50, M|100\/100\n|turn|1\n|inactive|N-Zoroark stan has 30 seconds left.\n|\n|t:|1700344680\n|move|p1a: Iron Hands|Fake Out|p2b: Will Smith\n|-damage|p2b: Will Smith|81\/100\n|move|p2a: Potion seller|Rage Powder|p2a: Potion seller\n|-singleturn|p2a: Potion seller|move: Rage Powder\n|cant|p2b: Will Smith|flinch\n|move|p1b: Flutter Mane|Shadow Ball|p2a: Potion seller\n|-supereffective|p2a: Potion seller\n|-damage|p2a: Potion seller|1\/100\n|-enditem|p2a: Potion seller|Sitrus Berry|[eat]\n|-heal|p2a: Potion seller|26\/100|[from] item: Sitrus Berry\n|\n|upkeep\n|turn|2\n|j| Jimothy uncool\n|inactive|bunnelby to NU has 30 seconds left.\n|inactive|bunnelby to NU has 20 seconds left.\n|\n|t:|1700344717\n|move|p2b: Will Smith|Tailwind|p2b: Will Smith\n|-sidestart|p2: bunnelby to NU|move: Tailwind\n|move|p1b: Flutter Mane|Dazzling Gleam|p2a: Potion seller|[spread] p2a,p2b\n|-damage|p2a: Potion seller|0 fnt\n|-damage|p2b: Will Smith|40\/100\n|faint|p2a: Potion seller\n|move|p1a: Iron Hands|Wild Charge|p2b: Will Smith\n|-supereffective|p2b: Will Smith\n|-damage|p2b: Will Smith|0 fnt\n|faint|p2b: Will Smith\n|-damage|p1a: Iron Hands|92\/100|[from] Recoil\n|\n|upkeep\n|\n|t:|1700344723\n|switch|p2b: Abstinence only|Urshifu-Rapid-Strike, L50, M|100\/100\n|switch|p2a: Parallel fifths|Kommo-o, L50, M|100\/100\n|turn|3\n|\n|t:|1700344738\n|-terastallize|p2a: Parallel fifths|Normal\n|move|p2b: Abstinence only|Surging Strikes|p1a: Iron Hands\n|-crit|p1a: Iron Hands\n|-damage|p1a: Iron Hands|73\/100\n|-crit|p1a: Iron Hands\n|-damage|p1a: Iron Hands|53\/100\n|-crit|p1a: Iron Hands\n|-damage|p1a: Iron Hands|34\/100\n|-hitcount|p1a: Iron Hands|3\n|move|p2a: Parallel fifths|Shadow Claw|p1b: Flutter Mane\n|-supereffective|p1b: Flutter Mane\n|-damage|p1b: Flutter Mane|41\/100\n|move|p1b: Flutter Mane|Moonblast|p2a: Parallel fifths\n|-crit|p2a: Parallel fifths\n|-damage|p2a: Parallel fifths|8\/100\n|move|p1a: Iron Hands|Drain Punch|p2a: Parallel fifths\n|-supereffective|p2a: Parallel fifths\n|-damage|p2a: Parallel fifths|0 fnt\n|-heal|p1a: Iron Hands|37\/100|[from] drain|[of] p2a: Parallel fifths\n|faint|p2a: Parallel fifths\n|\n|upkeep\n|turn|4\n|j| TheRealBlueninja\n|c|\u2606bunnelby to NU|no fuck you\n|c|\u2606bunnelby to NU|fuck you\n|c|\u2606bunnelby to NU|fuck yu squared\n|inactive|N-Zoroark stan has 30 seconds left.\n|inactive|bunnelby to NU has 30 seconds left.\n|c|\u2606N-Zoroark stan|crit surely mattered there\n|\n|t:|1700344775\n|move|p2b: Abstinence only|Surging Strikes|p1a: Iron Hands\n|-crit|p1a: Iron Hands\n|-damage|p1a: Iron Hands|19\/100\n|-crit|p1a: Iron Hands\n|-damage|p1a: Iron Hands|2\/100\n|-crit|p1a: Iron Hands\n|-damage|p1a: Iron Hands|0 fnt\n|faint|p1a: Iron Hands\n|-end|p1a: Iron Hands|Quark Drive|[silent]\n|-hitcount|p1: Iron Hands|3\n|move|p1b: Flutter Mane|Moonblast|p2b: Abstinence only\n|-supereffective|p2b: Abstinence only\n|-damage|p2b: Abstinence only|0 fnt\n|faint|p2b: Abstinence only\n|\n|win|N-Zoroark stan\n|c|\u2606N-Zoroark stan|ggs\n","uploadtime":1700344790,"views":9,"p1id":"nzoroarkstan","p2id":"bunnelbytonu","formatid":"gen9vgc2023regulatione","rating":0,"private":0,"password":""}