{"id":"gen9vgc2023regulatione-1989712979","p1":"givi","p2":"kidturtle","format":"[Gen 9] VGC 2023 Regulation E","log":"|j|\u2606givi\n|j|\u2606kidturtle\n|n|\u2606givi|givi\n|n|\u2606kidturtle|kidturtle\n|html|View the match progress at <a href=\"\/game-bestof3-gen9vgc2023regulatione-1989710349\">game-bestof3-gen9vgc2023regulatione-1989710349<\/a>\n|t:|1699889274\n|gametype|doubles\n|player|p1|givi|lucas|\n|player|p2|kidturtle|hoopster|\n|teamsize|p1|6\n|teamsize|p2|6\n|gen|9\n|tier|[Gen 9] VGC 2023 Regulation E\n|rated|Tournament battle\n|rule|Species Clause: Limit one of each Pok\u00e9mon\n|rule|Item Clause: Limit one of each item\n|clearpoke\n|poke|p1|Baxcalibur, L50, F|\n|poke|p1|Ninetales-Alola, L50, M|\n|poke|p1|Heatran, L50, M|\n|poke|p1|Flutter Mane, L50|\n|poke|p1|Iron Hands, L50|\n|poke|p1|Landorus-Therian, L50, M|\n|poke|p2|Ursaluna, L50, M|\n|poke|p2|Cresselia, L50, F|\n|poke|p2|Flutter Mane, L50|\n|poke|p2|Chi-Yu, L50|\n|poke|p2|Iron Hands, L50|\n|poke|p2|Urshifu-*, L50, M|\n|teampreview|4\n|showteam|p1|Baxcalibur||LoadedDice|ThermalExchange|ScaleShot,IcicleSpear,Protect,IceShard|||F|||50|,,,,,Poison]Ninetales-Alola||LightClay|SnowWarning|AuroraVeil,Blizzard,FreezeDry,Protect|||M|||50|,,,,,Water]Heatran||WideLens|FlashFire|Protect,MagmaStorm,EarthPower,WillOWisp|||M|||50|,,,,,Grass]Flutter Mane||BoosterEnergy|Protosynthesis|Moonblast,ShadowBall,Protect,TrickRoom||||||50|,,,,,Fairy]Iron Hands||AssaultVest|QuarkDrive|FakeOut,HeavySlam,WildCharge,DrainPunch||||||50|,,,,,Fire]Landorus-Therian||ChoiceScarf|Intimidate|Uturn,TeraBlast,StompingTantrum,RockSlide|||M|||50|,,,,,Flying\n|showteam|p2|Ursaluna||FlameOrb|Guts|Facade,Earthquake,SwordsDance,Protect|||M|||50|,,,,,Ghost]Cresselia||MentalHerb|Levitate|IceBeam,AllySwitch,LunarBlessing,TrickRoom|||F|||50|,,,,,Fairy]Flutter Mane||BoosterEnergy|Protosynthesis|IcyWind,ShadowBall,Moonblast,Protect||||||50|,,,,,Fairy]Chi-Yu||ChoiceSpecs|BeadsofRuin|BurningJealousy,DarkPulse,Overheat,Snarl||||||50|,,,,,Ghost]Iron Hands||SitrusBerry|QuarkDrive|DrainPunch,WildCharge,FakeOut,SwordsDance||||||50|,,,,,Fire]Urshifu||FocusSash|UnseenFist|Detect,WickedBlow,CloseCombat,SuckerPunch|||M|||50|,,,,,Dark\n|inactive|Battle timer is ON: inactive players will automatically lose when time's up. (requested by kidturtle)\n|\n|t:|1699889294\n|start\n|switch|p1a: Ninetales|Ninetales-Alola, L50, M|100\/100\n|switch|p1b: Landorus|Landorus-Therian, L50, M|100\/100\n|switch|p2a: Flutter Mane|Flutter Mane, L50, shiny|100\/100\n|switch|p2b: Chi-Yu|Chi-Yu, L50|100\/100\n|-ability|p1b: Landorus|Intimidate|boost\n|-unboost|p2a: Flutter Mane|atk|1\n|-unboost|p2b: Chi-Yu|atk|1\n|-weather|Snow|[from] ability: Snow Warning|[of] p1a: Ninetales\n|-ability|p2b: Chi-Yu|Beads of Ruin\n|-enditem|p2a: Flutter Mane|Booster Energy\n|-activate|p2a: Flutter Mane|ability: Protosynthesis|[fromitem]\n|-start|p2a: Flutter Mane|protosynthesisspe\n|turn|1\n|\n|t:|1699889310\n|-terastallize|p1a: Ninetales|Water\n|move|p2a: Flutter Mane|Icy Wind|p1b: Landorus|[spread] p1a,p1b\n|-resisted|p1a: Ninetales\n|-supereffective|p1b: Landorus\n|-damage|p1a: Ninetales|88\/100\n|-damage|p1b: Landorus|6\/100\n|-unboost|p1a: Ninetales|spe|1\n|-unboost|p1b: Landorus|spe|1\n|move|p2b: Chi-Yu|Snarl|p1b: Landorus|[spread] p1a,p1b\n|-damage|p1a: Ninetales|39\/100\n|-damage|p1b: Landorus|0 fnt\n|-unboost|p1a: Ninetales|spa|1\n|faint|p1b: Landorus\n|move|p1a: Ninetales|Aurora Veil|p1a: Ninetales\n|-sidestart|p1: givi|move: Aurora Veil\n|\n|-weather|Snow|[upkeep]\n|upkeep\n|\n|t:|1699889319\n|switch|p1b: Iron Hands|Iron Hands, L50|100\/100\n|turn|2\n|\n|t:|1699889335\n|switch|p1a: Heatran|Heatran, L50, M|100\/100\n|move|p2a: Flutter Mane|Moonblast|p1b: Iron Hands\n|-supereffective|p1b: Iron Hands\n|-damage|p1b: Iron Hands|55\/100\n|move|p2b: Chi-Yu|Snarl|p1a: Heatran|[spread] p1a,p1b\n|-resisted|p1b: Iron Hands\n|-damage|p1a: Heatran|75\/100\n|-damage|p1b: Iron Hands|47\/100\n|-unboost|p1a: Heatran|spa|1\n|-unboost|p1b: Iron Hands|spa|1\n|move|p1b: Iron Hands|Drain Punch|p2b: Chi-Yu\n|-supereffective|p2b: Chi-Yu\n|-damage|p2b: Chi-Yu|0 fnt\n|-heal|p1b: Iron Hands|75\/100|[from] drain|[of] p2b: Chi-Yu\n|faint|p2b: Chi-Yu\n|\n|-weather|Snow|[upkeep]\n|upkeep\n|\n|t:|1699889347\n|switch|p2b: Ursaluna|Ursaluna, L50, M|100\/100\n|turn|3\n|\n|t:|1699889358\n|-end|p2a: Flutter Mane|Protosynthesis|[silent]\n|switch|p2a: Cresselia|Cresselia, L50, F|100\/100\n|switch|p1a: Ninetales|Ninetales-Alola, L50, M, tera:Water|39\/100\n|-terastallize|p2b: Ursaluna|Ghost\n|move|p1b: Iron Hands|Heavy Slam|p2a: Cresselia\n|-damage|p2a: Cresselia|79\/100\n|move|p2b: Ursaluna|Earthquake|p1b: Iron Hands|[spread] p1a,p1b\n|-immune|p2a: Cresselia|[from] ability: Levitate\n|-crit|p1a: Ninetales\n|-supereffective|p1b: Iron Hands\n|-damage|p1a: Ninetales|0 fnt\n|-damage|p1b: Iron Hands|36\/100\n|faint|p1a: Ninetales\n|\n|-weather|Snow|[upkeep]\n|-status|p2b: Ursaluna|brn|[from] item: Flame Orb\n|upkeep\n|\n|t:|1699889362\n|switch|p1a: Heatran|Heatran, L50, M|75\/100\n|turn|4\n|\n|t:|1699889372\n|move|p1a: Heatran|Magma Storm|p2b: Ursaluna\n|-damage|p2b: Ursaluna|52\/100 brn\n|-activate|p2b: Ursaluna|move: Magma Storm|[of] p1a: Heatran\n|move|p1b: Iron Hands|Wild Charge|p2b: Ursaluna\n|-damage|p2b: Ursaluna|15\/100 brn\n|-damage|p1b: Iron Hands|26\/100|[from] Recoil\n|move|p2b: Ursaluna|Earthquake|p1a: Heatran|[spread] p1a,p1b\n|-immune|p2a: Cresselia|[from] ability: Levitate\n|-supereffective|p1a: Heatran\n|-supereffective|p1b: Iron Hands\n|-damage|p1a: Heatran|0 fnt\n|-damage|p1b: Iron Hands|0 fnt\n|faint|p1a: Heatran\n|faint|p1b: Iron Hands\n|-end|p1b: Iron Hands|Quark Drive|[silent]\n|\n|win|kidturtle\n|l|\u2606givi\n","uploadtime":1699889385,"views":24,"p1id":"givi","p2id":"kidturtle","formatid":"gen9vgc2023regulatione","rating":0,"private":0,"password":""}