{"id":"gen9vgc2023regulatione-2000042478","p1":"Kingofyee","p2":"Hypersonicly\u2714\ufe0f","format":"[Gen 9] VGC 2023 Regulation E","log":"|j|\u2606Kingofyee\n|j|\u2606Hypersonicly\u2714\ufe0f\n|t:|1701145066\n|gametype|doubles\n|player|p1|Kingofyee|ballguy|\n|player|p2|Hypersonicly\u2714\ufe0f|siebold|\n|teamsize|p1|6\n|teamsize|p2|6\n|gen|9\n|tier|[Gen 9] VGC 2023 Regulation E\n|rated|Tournament battle\n|rule|Species Clause: Limit one of each Pok\u00e9mon\n|rule|Item Clause: Limit one of each item\n|clearpoke\n|poke|p1|Arcanine-Hisui, L50, M|\n|poke|p1|Gholdengo, L50|\n|poke|p1|Flutter Mane, L50|\n|poke|p1|Tornadus, L50, M|\n|poke|p1|Urshifu-*, L50, F|\n|poke|p1|Rillaboom, L50, M|\n|poke|p2|Armarouge, L50, M|\n|poke|p2|Indeedee-F, L50, F|\n|poke|p2|Gallade, L50, M|\n|poke|p2|Lilligant-Hisui, L50, F|\n|poke|p2|Ogerpon-Hearthflame, L50, F|\n|poke|p2|Torkoal, L50, M|\n|teampreview|4\n|showteam|p1|Arcanine-Hisui||SitrusBerry|Intimidate|FlareBlitz,RockSlide,Protect,WillOWisp|||M|||50|,,,,,Fairy]Gholdengo||ChoiceSpecs|GoodasGold|MakeItRain,ShadowBall,Thunderbolt,SteelBeam||||||50|,,,,,Steel]Flutter Mane||BoosterEnergy|Protosynthesis|Moonblast,ShadowBall,DazzlingGleam,Protect||||||50|,,,,,Fairy]Tornadus||FocusSash|Prankster|BleakwindStorm,Tailwind,RainDance,Protect|||M|||50|,,,,,Ghost]Urshifu-Rapid-Strike||ChoiceScarf|UnseenFist|SurgingStrikes,CloseCombat,AquaJet,Uturn|||F|||50|,,,,,Water]Rillaboom||AssaultVest|GrassySurge|FakeOut,GrassyGlide,WoodHammer,Uturn|||M|||50|,,,,,Fire\n|showteam|p2|Armarouge||LifeOrb|FlashFire|Protect,TrickRoom,HeatWave,ExpandingForce|||M|||50|,,,,,Grass]Indeedee-F||SafetyGoggles|PsychicSurge|FollowMe,HelpingHand,TrickRoom,DazzlingGleam|||F|||50|,,,,,Fairy]Gallade||ClearAmulet|Sharpness|WideGuard,TrickRoom,SacredSword,PsychoCut|||M|||50|,,,,,Fire]Lilligant-Hisui||FocusSash|Chlorophyll|CloseCombat,SolarBlade,AfterYou,SleepPowder|||F|||50|,,,,,Ghost]Ogerpon-Hearthflame||HearthflameMask|MoldBreaker|SpikyShield,FollowMe,IvyCudgel,HornLeech|||F|||50|,,,,,Fire]Torkoal||Charcoal|Drought|Protect,Eruption,WeatherBall,EarthPower|||M|||50|,,,,,Fire\n|inactive|Battle timer is ON: inactive players will automatically lose when time's up. (requested by Hypersonicly\u2714\ufe0f)\n|j| EmperorIcy\n|c|\u2606Hypersonicly\u2714\ufe0f|glhf\n|j|%Radio Free C-Side\n|j| O1OOO1O1\n|c|\u2606Kingofyee|Oh no\n|c| EmperorIcy|sun go brr\n|inactive|Kingofyee has 60 seconds left.\n|\n|t:|1701145098\n|start\n|switch|p1a: Tornadus|Tornadus, L50, M|100\/100\n|switch|p1b: Napoleon|Urshifu-Rapid-Strike, L50, F|100\/100\n|switch|p2a: Indeedee|Indeedee-F, L50, F|100\/100\n|switch|p2b: Armarouge|Armarouge, L50, M|100\/100\n|-fieldstart|move: Psychic Terrain|[from] ability: Psychic Surge|[of] p2a: Indeedee\n|turn|1\n|c|\u2606Kingofyee|Wait I brought the wrong mon\n|c|\u2606Kingofyee|oh it\u2019s gg alr\n|inactive|Kingofyee has 30 seconds left.\n|inactive|Hypersonicly\u2714\ufe0f has 30 seconds left.\n|\n|t:|1701145127\n|-terastallize|p2b: Armarouge|Grass\n|move|p2b: Armarouge|Protect|p2b: Armarouge\n|-singleturn|p2b: Armarouge|Protect\n|move|p1b: Napoleon|U-turn|p2a: Indeedee\n|-supereffective|p2a: Indeedee\n|-damage|p2a: Indeedee|50\/100\n|\n|t:|1701145134\n|switch|p1b: Gholdengo|Gholdengo, L50|100\/100|[from] U-turn\n|move|p1a: Tornadus|Bleakwind Storm|p2a: Indeedee|[spread] p2a\n|-activate|p2b: Armarouge|move: Protect\n|-damage|p2a: Indeedee|16\/100\n|move|p2a: Indeedee|Trick Room|p2a: Indeedee\n|-fieldstart|move: Trick Room|[of] p2a: Indeedee\n|\n|upkeep\n|turn|2\n|\n|t:|1701145154\n|-terastallize|p1b: Gholdengo|Steel\n|move|p1a: Tornadus|Rain Dance|p1a: Tornadus\n|-weather|RainDance\n|move|p2b: Armarouge|Expanding Force|p1a: Tornadus|[spread] p1a,p1b\n|-resisted|p1b: Gholdengo\n|-enditem|p1a: Tornadus|Focus Sash\n|-damage|p1a: Tornadus|1\/100\n|-damage|p1b: Gholdengo|59\/100\n|-damage|p2b: Armarouge|91\/100|[from] item: Life Orb\n|move|p2a: Indeedee|Dazzling Gleam|p1b: Gholdengo|[spread] p1a,p1b\n|-resisted|p1b: Gholdengo\n|-damage|p1a: Tornadus|0 fnt\n|-damage|p1b: Gholdengo|53\/100\n|faint|p1a: Tornadus\n|move|p1b: Gholdengo|Make It Rain|p2a: Indeedee|[spread] p2a,p2b\n|-damage|p2a: Indeedee|0 fnt\n|-damage|p2b: Armarouge|0 fnt\n|-unboost|p1b: Gholdengo|spa|1\n|faint|p2a: Indeedee\n|faint|p2b: Armarouge\n|\n|-weather|RainDance|[upkeep]\n|upkeep\n|\n|t:|1701145171\n|switch|p2b: Gallade|Gallade, L50, M|100\/100\n|switch|p2a: Torkoal|Torkoal, L50, M|100\/100\n|switch|p1a: Arcanine|Arcanine-Hisui, L50, M|100\/100\n|-weather|SunnyDay|[from] ability: Drought|[of] p2a: Torkoal\n|-ability|p1a: Arcanine|Intimidate|boost\n|-unboost|p2a: Torkoal|atk|1\n|-fail|p2b: Gallade|unboost|[from] item: Clear Amulet|[of] p2b: Gallade\n|turn|3\n|\n|t:|1701145182\n|switch|p1b: Napoleon|Urshifu-Rapid-Strike, L50, F|100\/100\n|move|p2a: Torkoal|Eruption|p1b: Napoleon|[spread] p1a,p1b\n|-resisted|p1a: Arcanine\n|-resisted|p1b: Napoleon\n|-damage|p1a: Arcanine|79\/100\n|-damage|p1b: Napoleon|47\/100\n|move|p2b: Gallade|Sacred Sword|p1a: Arcanine\n|-supereffective|p1a: Arcanine\n|-damage|p1a: Arcanine|0 fnt\n|faint|p1a: Arcanine\n|\n|-weather|SunnyDay|[upkeep]\n|upkeep\n|\n|t:|1701145192\n|switch|p1a: Gholdengo|Gholdengo, L50, tera:Steel|53\/100\n|turn|4\n|c|\u2606Kingofyee|Yeah ggs\n|c|\u2606Hypersonicly\u2714\ufe0f|gg\n|c|\u2606Kingofyee|i meant to bring my tera fire rilla\n|\n|t:|1701145215\n|move|p2a: Torkoal|Eruption|p1a: Gholdengo|[spread] p1a,p1b\n|-supereffective|p1a: Gholdengo\n|-resisted|p1b: Napoleon\n|-damage|p1a: Gholdengo|0 fnt\n|-damage|p1b: Napoleon|0 fnt\n|faint|p1a: Gholdengo\n|faint|p1b: Napoleon\n|\n|win|Hypersonicly\u2714\ufe0f\n|n|\u2606Kingofyee|kingofyee\n|n|\u2606Hypersonicly\u2714\ufe0f|hypersonicly\n|n| EmperorIcy|emperoricy\n|n| Radio Free C-Side|radiofreecside\n|n| O1OOO1O1|o1ooo1o1\n","uploadtime":1701145216,"views":2,"p1id":"kingofyee","p2id":"hypersonicly","formatid":"gen9vgc2023regulatione","rating":0,"private":0,"password":""}