{"id":"gen9vgc2023regulatione-1998631065","p1":"Wacko789","p2":"That_Leek","format":"[Gen 9] VGC 2023 Regulation E","log":"|j|\u2606Wacko789\n|j|\u2606That_Leek\n|t:|1700965211\n|gametype|doubles\n|player|p1|Wacko789|flannery|1403\n|player|p2|That_Leek|blue|1478\n|teamsize|p1|6\n|teamsize|p2|6\n|gen|9\n|tier|[Gen 9] VGC 2023 Regulation E\n|rated|\n|rule|Species Clause: Limit one of each Pok\u00e9mon\n|rule|Item Clause: Limit one of each item\n|clearpoke\n|poke|p1|Arcanine-Hisui, L50, F|\n|poke|p1|Iron Bundle, L50|\n|poke|p1|Mimikyu, L50, M|\n|poke|p1|Ursaluna-Bloodmoon, L50, M|\n|poke|p1|Thundurus-Therian, L50, M|\n|poke|p1|Indeedee-F, L50, F|\n|poke|p2|Gholdengo, L50|\n|poke|p2|Ogerpon-Wellspring, L50, F|\n|poke|p2|Arcanine-Hisui, L50, M|\n|poke|p2|Chien-Pao, L50|\n|poke|p2|Scream Tail, L50|\n|poke|p2|Dragonite, L50, F|\n|teampreview|4\n|inactive|Battle timer is ON: inactive players will automatically lose when time's up. (requested by Wacko789)\n|j| darkrinorex\n|j| PU To Glory\n|inactive|That_Leek has 60 seconds left.\nThat_Leek has agreed to open team sheets.\n|inactive|That_Leek has 30 seconds left.\n|\n|t:|1700965275\n|start\n|switch|p1a: Iron Bundle|Iron Bundle, L50|100\/100\n|switch|p1b: Mimikyu|Mimikyu, L50, M|100\/100\n|switch|p2a: Gholdengo|Gholdengo, L50|100\/100\n|switch|p2b: Scream Tail|Scream Tail, L50|100\/100\n|-enditem|p1a: Iron Bundle|Booster Energy\n|-activate|p1a: Iron Bundle|ability: Quark Drive|[fromitem]\n|-start|p1a: Iron Bundle|quarkdrivespe\n|-enditem|p2b: Scream Tail|Booster Energy\n|-activate|p2b: Scream Tail|ability: Protosynthesis|[fromitem]\n|-start|p2b: Scream Tail|protosynthesisspe\n|turn|1\n|inactive|Wacko789 has 30 seconds left.\n|inactive|Wacko789 has 20 seconds left.\n|inactive|Wacko789 has 15 seconds left.\n|inactive|Wacko789 has 10 seconds left.\n|\n|t:|1700965323\n|move|p1b: Mimikyu|Shadow Sneak|p2a: Gholdengo\n|-supereffective|p2a: Gholdengo\n|-damage|p2a: Gholdengo|59\/100\n|-damage|p1b: Mimikyu|91\/100|[from] item: Life Orb\n|move|p1a: Iron Bundle|Hydro Pump|p2a: Gholdengo\n|-damage|p2a: Gholdengo|2\/100\n|-enditem|p2a: Gholdengo|Sitrus Berry|[eat]\n|-heal|p2a: Gholdengo|27\/100|[from] item: Sitrus Berry\n|move|p2b: Scream Tail|Play Rough|p1b: Mimikyu\n|-activate|p1b: Mimikyu|ability: Disguise\n|-damage|p1b: Mimikyu|91\/100\n|detailschange|p1b: Mimikyu|Mimikyu-Busted, L50, M\n|-damage|p1b: Mimikyu|79\/100|[from] pokemon: Mimikyu-Busted\n|move|p2a: Gholdengo|Make It Rain|p1a: Iron Bundle|[spread] p1a,p1b\n|-supereffective|p1b: Mimikyu\n|-damage|p1a: Iron Bundle|0 fnt\n|-damage|p1b: Mimikyu|0 fnt\n|-unboost|p2a: Gholdengo|spa|1\n|faint|p1a: Iron Bundle\n|-end|p1a: Iron Bundle|Quark Drive|[silent]\n|faint|p1b: Mimikyu\n|\n|upkeep\n|-message|Wacko789 forfeited.\n|\n|win|That_Leek\n|raw|Wacko789's rating: 1403 &rarr; <strong>1389<\/strong><br \/>(-14 for losing)\n|raw|That_Leek's rating: 1503 &rarr; <strong>1517<\/strong><br \/>(+14 for winning)\n|l|\u2606Wacko789\n","uploadtime":1700965346,"views":3,"p1id":"wacko789","p2id":"thatleek","formatid":"gen9vgc2023regulatione","rating":1389,"private":0,"password":""}