{"id":"gen9vgc2023regulatione-1991439537","p1":"bwahacough","p2":"previouslyunnamed","format":"[Gen 9] VGC 2023 Regulation E","log":"|j|\u2606bwahacough\n|j|\u2606previouslyunnamed\n|t:|1700077221\n|gametype|doubles\n|player|p1|bwahacough|medium|1726\n|player|p2|previouslyunnamed|ryuki|1711\n|teamsize|p1|6\n|teamsize|p2|6\n|gen|9\n|tier|[Gen 9] VGC 2023 Regulation E\n|rated|\n|rule|Species Clause: Limit one of each Pok\u00e9mon\n|rule|Item Clause: Limit one of each item\n|clearpoke\n|poke|p1|Lycanroc-Dusk, L50, M|\n|poke|p1|Tornadus, L50, M|\n|poke|p1|Urshifu-*, L50, F|\n|poke|p1|Farigiraf, L50, F|\n|poke|p1|Sinistcha, L50|\n|poke|p1|Iron Bundle, L50|\n|poke|p2|Iron Hands, L50|\n|poke|p2|Landorus-Therian, L50, M|\n|poke|p2|Chi-Yu, L50|\n|poke|p2|Flutter Mane, L50|\n|poke|p2|Cresselia, L50, F|\n|poke|p2|Amoonguss, L50, F|\n|teampreview|4\n|inactive|Battle timer is ON: inactive players will automatically lose when time's up. (requested by previouslyunnamed)\nbwahacough has agreed to open team sheets.\n|c|\u2606previouslyunnamed|bros playing 2 games at a time\n|c|\u2606previouslyunnamed|how\npreviouslyunnamed has agreed to open team sheets.\n|\n|t:|1700077263\n|start\n|switch|p1a: Urshifu|Urshifu-Rapid-Strike, L50, F|100\/100\n|switch|p1b: Farigiraf|Farigiraf, L50, F, shiny|100\/100\n|switch|p2a: Iron Hands|Iron Hands, L50|100\/100\n|switch|p2b: Flutter Mane|Flutter Mane, L50|100\/100\n|-enditem|p2b: Flutter Mane|Booster Energy\n|-activate|p2b: Flutter Mane|ability: Protosynthesis|[fromitem]\n|-start|p2b: Flutter Mane|protosynthesisspe\n|turn|1\n|\n|t:|1700077282\n|-end|p2b: Flutter Mane|Protosynthesis|[silent]\n|switch|p2b: Amoonguss|Amoonguss, L50, F, shiny|100\/100\n|-terastallize|p1a: Urshifu|Steel\n|move|p1a: Urshifu|Surging Strikes|p2a: Iron Hands\n|-crit|p2a: Iron Hands\n|-damage|p2a: Iron Hands|79\/100\n|-crit|p2a: Iron Hands\n|-damage|p2a: Iron Hands|58\/100\n|-crit|p2a: Iron Hands\n|-damage|p2a: Iron Hands|34\/100\n|-hitcount|p2a: Iron Hands|3\n|move|p1b: Farigiraf|Psychic|p2a: Iron Hands\n|-supereffective|p2a: Iron Hands\n|-damage|p2a: Iron Hands|0 fnt\n|faint|p2a: Iron Hands\n|-end|p2a: Iron Hands|Quark Drive|[silent]\n|\n|upkeep\n|\n|t:|1700077295\n|switch|p2a: Landorus|Landorus-Therian, L50, M|100\/100\n|-ability|p2a: Landorus|Intimidate|boost\n|-unboost|p1a: Urshifu|atk|1\n|-unboost|p1b: Farigiraf|atk|1\n|turn|2\n|\n|t:|1700077305\n|move|p2a: Landorus|U-turn|p1b: Farigiraf\n|-supereffective|p1b: Farigiraf\n|-damage|p1b: Farigiraf|60\/100\n|\n|t:|1700077308\n|switch|p2a: Flutter Mane|Flutter Mane, L50|100\/100|[from] U-turn\n|move|p1a: Urshifu|Surging Strikes|p2a: Flutter Mane\n|-crit|p2a: Flutter Mane\n|-damage|p2a: Flutter Mane|50\/100\n|-crit|p2a: Flutter Mane\n|-damage|p2a: Flutter Mane|0 fnt\n|faint|p2a: Flutter Mane\n|-end|p2a: Flutter Mane|Protosynthesis|[silent]\n|-hitcount|p2: Flutter Mane|2\n|move|p1b: Farigiraf|Psychic|p2b: Amoonguss\n|-supereffective|p2b: Amoonguss\n|-damage|p2b: Amoonguss|37\/100\n|-enditem|p2b: Amoonguss|Sitrus Berry|[eat]\n|-heal|p2b: Amoonguss|61\/100|[from] item: Sitrus Berry\n|move|p2b: Amoonguss|Spore|p1a: Urshifu\n|-status|p1a: Urshifu|slp|[from] move: Spore\n|\n|upkeep\n|\n|t:|1700077313\n|switch|p2a: Landorus|Landorus-Therian, L50, M|100\/100\n|-ability|p2a: Landorus|Intimidate|boost\n|-unboost|p1a: Urshifu|atk|1\n|-unboost|p1b: Farigiraf|atk|1\n|turn|3\n|\n|t:|1700077320\n|-terastallize|p2a: Landorus|Flying\n|move|p2a: Landorus|Tera Blast|p1a: Urshifu|[anim] Tera Blast Flying\n|-resisted|p1a: Urshifu\n|-damage|p1a: Urshifu|69\/100 slp\n|cant|p1a: Urshifu|slp\n|move|p1b: Farigiraf|Psychic|p2b: Amoonguss\n|-supereffective|p2b: Amoonguss\n|-damage|p2b: Amoonguss|0 fnt\n|faint|p2b: Amoonguss\n|\n|upkeep\n|turn|4\n|c|\u2606previouslyunnamed|gg\n|-message|previouslyunnamed forfeited.\n|\n|win|bwahacough\n|raw|bwahacough's rating: 1726 &rarr; <strong>1745<\/strong><br \/>(+19 for winning)\n|raw|previouslyunnamed's rating: 1711 &rarr; <strong>1692<\/strong><br \/>(-19 for losing)\n","uploadtime":1700077339,"views":19,"p1id":"bwahacough","p2id":"previouslyunnamed","formatid":"gen9vgc2023regulatione","rating":1692,"private":0,"password":""}