{"id":"gen9vgc2023regulatione-1996199187","p1":"Choruto","p2":"Paolance","format":"[Gen 9] VGC 2023 Regulation E","log":"|j|\u2606Choruto\n|j|\u2606Paolance\n|n|\u2606Choruto|choruto\n|n|\u2606Paolance|paolance\n|html|View the match progress at <a href=\"\/game-bestof3-gen9vgc2023regulatione-1996197009\">game-bestof3-gen9vgc2023regulatione-1996197009<\/a>\n|t:|1700658205\n|gametype|doubles\n|player|p1|Choruto|fisherman|\n|player|p2|Paolance|102|\n|teamsize|p1|6\n|teamsize|p2|6\n|gen|9\n|tier|[Gen 9] VGC 2023 Regulation E\n|rated|Tournament battle\n|rule|Species Clause: Limit one of each Pok\u00e9mon\n|rule|Item Clause: Limit one of each item\n|clearpoke\n|poke|p1|Tornadus, L50, M|\n|poke|p1|Farigiraf, L50, F|\n|poke|p1|Rotom-Heat, L50|\n|poke|p1|Ogerpon-Wellspring, L50, F|\n|poke|p1|Landorus-Therian, L50, M|\n|poke|p1|Flutter Mane, L50|\n|poke|p2|Tornadus, L50, M|\n|poke|p2|Flutter Mane, L50|\n|poke|p2|Rillaboom, L50, F|\n|poke|p2|Urshifu-*, L50, M|\n|poke|p2|Chien-Pao, L50|\n|poke|p2|Arcanine-Hisui, L50, F|\n|teampreview|4\n|showteam|p1|Tornadus||SkyPlate|Prankster|BleakwindStorm,Tailwind,Taunt,RainDance|||M|||50|,,,,,Flying]Farigiraf||SitrusBerry|ArmorTail|Psychic,HyperVoice,TrickRoom,Imprison|||F|||50|,,,,,Water]Rotom-Heat||SafetyGoggles|Levitate|Overheat,Thunderbolt,NastyPlot,Protect||||||50|,,,,,Water]Ogerpon-Wellspring||WellspringMask|WaterAbsorb|IvyCudgel,HornLeech,FollowMe,SpikyShield|||F|||50|,,,,,Water]Landorus-Therian||LifeOrb|Intimidate|TeraBlast,StompingTantrum,RockSlide,Protect|||M|||50|,,,,,Flying]Flutter Mane||ChoiceSpecs|Protosynthesis|Moonblast,DazzlingGleam,ShadowBall,Thunderbolt||||||50|,,,,,Fairy\n|showteam|p2|Tornadus||RockyHelmet|Prankster|Tailwind,BleakwindStorm,Taunt,RainDance|||M|||50|,,,,,Ghost]Flutter Mane||BoosterEnergy|Protosynthesis|Moonblast,ShadowBall,DazzlingGleam,Protect||||||50|,,,,,Fairy]Rillaboom||AssaultVest|GrassySurge|FakeOut,GrassyGlide,WoodHammer,Uturn|||F|||50|,,,,,Fire]Urshifu-Rapid-Strike||MysticWater|UnseenFist|SurgingStrikes,CloseCombat,AquaJet,Protect|||M|||50|,,,,,Water]Chien-Pao||FocusSash|SwordofRuin|IcicleCrash,SuckerPunch,SacredSword,Protect||||||50|,,,,,Ghost]Arcanine-Hisui||ChoiceBand|Intimidate|FlareBlitz,ExtremeSpeed,RockSlide,HeadSmash|||F|||50|,,,,,Normal\n|j| tomcheung22\n|j|%Therazer456\n|\n|t:|1700658258\n|start\n|switch|p1a: Typhoon|Tornadus, L50, M, shiny|100\/100\n|switch|p1b: Angel|Flutter Mane, L50|100\/100\n|switch|p2a: Arcanine|Arcanine-Hisui, L50, F, shiny|100\/100\n|switch|p2b: Rillaboom|Rillaboom, L50, F|100\/100\n|-ability|p2a: Arcanine|Intimidate|boost\n|-unboost|p1a: Typhoon|atk|1\n|-unboost|p1b: Angel|atk|1\n|-fieldstart|move: Grassy Terrain|[from] ability: Grassy Surge|[of] p2b: Rillaboom\n|turn|1\n|j| lamafanofdenis362\n|inactive|Battle timer is ON: inactive players will automatically lose when time's up. (requested by Paolance)\n|\n|t:|1700658288\n|move|p2b: Rillaboom|Grassy Glide|p1b: Angel\n|-damage|p1b: Angel|45\/100\n|move|p1b: Angel|Shadow Ball|p2a: Arcanine\n|-damage|p2a: Arcanine|33\/100\n|move|p2a: Arcanine|Rock Slide|p1a: Typhoon|[spread] p1a,p1b\n|-supereffective|p1a: Typhoon\n|-damage|p1a: Typhoon|0 fnt\n|-damage|p1b: Angel|0 fnt\n|faint|p1a: Typhoon\n|faint|p1b: Angel\n|-end|p1b: Angel|Protosynthesis|[silent]\n|\n|-heal|p2a: Arcanine|39\/100|[from] Grassy Terrain\n|upkeep\n|\n|t:|1700658296\n|switch|p1b: Kabuki|Ogerpon-Wellspring, L50, F|100\/100\n|switch|p1a: Ringo|Landorus-Therian, L50, M|100\/100\n|-ability|p1a: Ringo|Intimidate|boost\n|-unboost|p2a: Arcanine|atk|1\n|-unboost|p2b: Rillaboom|atk|1\n|turn|2\n|c|\u2606Choruto|Oh yeah the harc is max speed\n|\n|t:|1700658316\n|switch|p2a: Urshifu|Urshifu-Rapid-Strike, L50, M|100\/100\n|move|p1a: Ringo|Protect|p1a: Ringo\n|-singleturn|p1a: Ringo|Protect\n|move|p1b: Kabuki|Ivy Cudgel|p2a: Urshifu|[anim] Ivy Cudgel Water\n|-resisted|p2a: Urshifu\n|-crit|p2a: Urshifu\n|-damage|p2a: Urshifu|57\/100\n|move|p2b: Rillaboom|Wood Hammer|p1b: Kabuki\n|-damage|p1b: Kabuki|43\/100\n|-damage|p2b: Rillaboom|83\/100|[from] Recoil\n|\n|-heal|p2a: Urshifu|63\/100|[from] Grassy Terrain\n|-heal|p1b: Kabuki|49\/100|[from] Grassy Terrain\n|-heal|p2b: Rillaboom|89\/100|[from] Grassy Terrain\n|upkeep\n|turn|3\n|l| lamafanofdenis362\n|\n|t:|1700658335\n|-terastallize|p1a: Ringo|Flying\n|move|p1b: Kabuki|Spiky Shield|p1b: Kabuki\n|-singleturn|p1b: Kabuki|move: Protect\n|move|p2a: Urshifu|Close Combat|p1b: Kabuki\n|-damage|p1b: Kabuki|0 fnt\n|-unboost|p2a: Urshifu|def|1\n|-unboost|p2a: Urshifu|spd|1\n|faint|p1b: Kabuki\n|move|p1a: Ringo|Tera Blast|p2b: Rillaboom|[anim] Tera Blast Flying\n|-supereffective|p2b: Rillaboom\n|-damage|p2b: Rillaboom|0 fnt\n|faint|p2b: Rillaboom\n|-damage|p1a: Ringo|91\/100|[from] item: Life Orb\n|\n|-heal|p2a: Urshifu|69\/100|[from] Grassy Terrain\n|upkeep\n|\n|t:|1700658339\n|switch|p2b: Arcanine|Arcanine-Hisui, L50, F, shiny|39\/100\n|-ability|p2b: Arcanine|Intimidate|boost\n|-unboost|p1a: Ringo|atk|1\n|turn|4\n|\n|t:|1700658344\n|-terastallize|p2a: Urshifu|Water\n|move|p2b: Arcanine|Rock Slide|p1a: Ringo\n|-supereffective|p1a: Ringo\n|-damage|p1a: Ringo|0 fnt\n|faint|p1a: Ringo\n|\n|win|Paolance\n|l|\u2606Choruto\n|l| Therazer456\n|j| lamafanofdenis362\n|l| lamafanofdenis362\n|l|\u2606Paolance\n|j|\u2606Paolance\n|player|p2|Paolance|102\n","uploadtime":1700658591,"views":0,"p1id":"choruto","p2id":"paolance","formatid":"gen9vgc2023regulatione","rating":0,"private":0,"password":""}