{"id":"gen9vgc2023regulatione-1994577294","p1":"GinGearity","p2":"brandonwong100402","format":"[Gen 9] VGC 2023 Regulation E","log":"|j|\u2606GinGearity\n|j|\u2606brandonwong100402\n|t:|1700462988\n|gametype|doubles\n|player|p1|GinGearity|marshal|1000\n|player|p2|brandonwong100402|cynthia|1021\n|teamsize|p1|6\n|teamsize|p2|6\n|gen|9\n|tier|[Gen 9] VGC 2023 Regulation E\n|rated|\n|rule|Species Clause: Limit one of each Pok\u00e9mon\n|rule|Item Clause: Limit one of each item\n|clearpoke\n|poke|p1|Falinks, L50|\n|poke|p1|Indeedee-F, L50, F|\n|poke|p1|Armarouge, L50, M|\n|poke|p1|Dragapult, L50, M|\n|poke|p1|Ursaluna, L50, F|\n|poke|p1|Hatterene, L50, F|\n|poke|p2|Ogerpon-Wellspring, L50, F|\n|poke|p2|Arcanine-Hisui, L50, F|\n|poke|p2|Chien-Pao, L50|\n|poke|p2|Dragonite, L50, F|\n|poke|p2|Tornadus, L50, M|\n|poke|p2|Amoonguss, L50, M|\n|teampreview|4\n|inactive|Battle timer is ON: inactive players will automatically lose when time's up. (requested by brandonwong100402)\n|\n|t:|1700463009\n|start\n|switch|p1a: Corazon|Armarouge, L50, M|100\/100\n|switch|p1b: Maestra|Dragapult, L50, M|100\/100\n|switch|p2a: Arcanine|Arcanine-Hisui, L50, F|100\/100\n|switch|p2b: Chien-Pao|Chien-Pao, L50|100\/100\n|-ability|p2b: Chien-Pao|Sword of Ruin\n|-ability|p2a: Arcanine|Intimidate|boost\n|-unboost|p1a: Corazon|atk|1\n|-fail|p1b: Maestra|unboost|[from] ability: Clear Body|[of] p1b: Maestra\n|turn|1\n|inactive|GinGearity has 30 seconds left.\n|j| fairynanbawan\n|\n|t:|1700463038\n|move|p1b: Maestra|U-turn|p1a: Corazon\n|-damage|p1a: Corazon|76\/100\n|-ability|p1a: Corazon|Weak Armor|boost\n|-unboost|p1a: Corazon|def|1\n|-boost|p1a: Corazon|spe|2\n|\n|t:|1700463045\n|switch|p1b: Mucama|Indeedee-F, L50, F|100\/100|[from] U-turn\n|-fieldstart|move: Psychic Terrain|[from] ability: Psychic Surge|[of] p1b: Mucama\n|move|p1a: Corazon|Aura Sphere|p2b: Chien-Pao\n|-supereffective|p2b: Chien-Pao\n|-enditem|p2b: Chien-Pao|Focus Sash\n|-damage|p2b: Chien-Pao|1\/100\n|move|p2b: Chien-Pao|Ice Spinner|p1b: Mucama\n|-damage|p1b: Mucama|49\/100\n|-fieldend|move: Psychic Terrain\n|move|p2a: Arcanine|Rock Slide|p1b: Mucama|[spread] p1a,p1b\n|-supereffective|p1a: Corazon\n|-damage|p1a: Corazon|0 fnt\n|-damage|p1b: Mucama|0 fnt\n|faint|p1a: Corazon\n|faint|p1b: Mucama\n|\n|upkeep\n|\n|t:|1700463060\n|switch|p1a: Soldadas|Falinks, L50|100\/100\n|switch|p1b: Maestra|Dragapult, L50, M|100\/100\n|turn|2\n|\n|t:|1700463080\n|switch|p2a: Amoonguss|Amoonguss, L50, M, shiny|100\/100\n|-terastallize|p1a: Soldadas|Steel\n|move|p2b: Chien-Pao|Sucker Punch|p1b: Maestra\n|-supereffective|p1b: Maestra\n|-damage|p1b: Maestra|0 fnt\n|faint|p1b: Maestra\n|move|p1a: Soldadas|Rock Slide|p2a: Amoonguss|[spread] p2a,p2b\n|-supereffective|p2b: Chien-Pao\n|-crit|p2b: Chien-Pao\n|-damage|p2a: Amoonguss|65\/100\n|-damage|p2b: Chien-Pao|0 fnt\n|faint|p2b: Chien-Pao\n|-damage|p1a: Soldadas|91\/100|[from] item: Life Orb\n|\n|upkeep\n|\n|t:|1700463092\n|switch|p2b: Arcanine|Arcanine-Hisui, L50, F|100\/100\n|-ability|p2b: Arcanine|Intimidate|boost\n|-unboost|p1a: Soldadas|atk|1\n|-ability|p1a: Soldadas|Defiant|boost\n|-boost|p1a: Soldadas|atk|2\n|turn|3\n|\n|t:|1700463098\n|move|p2b: Arcanine|Flare Blitz|p1a: Soldadas\n|-supereffective|p1a: Soldadas\n|-damage|p1a: Soldadas|0 fnt\n|faint|p1a: Soldadas\n|-damage|p2b: Arcanine|71\/100|[from] Recoil\n|\n|win|brandonwong100402\n|raw|GinGearity's rating: 1000 &rarr; <strong>1000<\/strong><br \/>(+0 for losing)\n|raw|brandonwong100402's rating: 1021 &rarr; <strong>1056<\/strong><br \/>(+35 for winning)\n|l|\u2606brandonwong100402\n","uploadtime":1700463110,"views":11,"p1id":"gingearity","p2id":"brandonwong100402","formatid":"gen9vgc2023regulatione","rating":1000,"private":0,"password":""}