{"id":"gen9vgc2023regulatione-1994511230","p1":"Jazzchem","p2":"rjhndkf","format":"[Gen 9] VGC 2023 Regulation E","log":"|j|\u2606Jazzchem\n|j|\u2606rjhndkf\n|t:|1700452659\n|gametype|doubles\n|player|p1|Jazzchem|2|1085\n|player|p2|rjhndkf|hilbert|1000\n|teamsize|p1|6\n|teamsize|p2|6\n|gen|9\n|tier|[Gen 9] VGC 2023 Regulation E\n|rated|\n|rule|Species Clause: Limit one of each Pok\u00e9mon\n|rule|Item Clause: Limit one of each item\n|clearpoke\n|poke|p1|Ogerpon-Wellspring, L50, F|\n|poke|p1|Volcarona, L50, F|\n|poke|p1|Landorus-Therian, L50, M|\n|poke|p1|Gholdengo, L50|\n|poke|p1|Tornadus, L50, M|\n|poke|p1|Arcanine-Hisui, L50, F|\n|poke|p2|Regieleki, L50|\n|poke|p2|Flutter Mane, L50|\n|poke|p2|Amoonguss, L50, M|\n|poke|p2|Chi-Yu, L50|\n|poke|p2|Landorus, L50, M|\n|poke|p2|Urshifu-*, L50, M|\n|teampreview|4\n|inactive|Battle timer is ON: inactive players will automatically lose when time's up. (requested by Jazzchem)\nrjhndkf has agreed to open team sheets.\n|\n|t:|1700452682\n|start\n|switch|p1a: Volcarona|Volcarona, L50, F|100\/100\n|switch|p1b: Ogerpon|Ogerpon-Wellspring, L50, F|100\/100\n|switch|p2a: Regieleki|Regieleki, L50, shiny|100\/100\n|switch|p2b: Chi-Yu|Chi-Yu, L50|100\/100\n|-ability|p2b: Chi-Yu|Beads of Ruin\n|turn|1\n|\n|t:|1700452707\n|move|p1b: Ogerpon|Spiky Shield|p1b: Ogerpon\n|-singleturn|p1b: Ogerpon|move: Protect\n|move|p1a: Volcarona|Protect|p1a: Volcarona\n|-singleturn|p1a: Volcarona|Protect\n|move|p2a: Regieleki|Electroweb|p1b: Ogerpon|[spread] \n|-activate|p1a: Volcarona|move: Protect\n|-activate|p1b: Ogerpon|move: Protect\n|move|p2b: Chi-Yu|Heat Wave|p1a: Volcarona|[spread] \n|-activate|p1a: Volcarona|move: Protect\n|-activate|p1b: Ogerpon|move: Protect\n|\n|upkeep\n|turn|2\n|inactive|Jazzchem has 30 seconds left.\n|\n|t:|1700452733\n|move|p2a: Regieleki|Electroweb|p1b: Ogerpon|[spread] p1a,p1b\n|-damage|p1a: Volcarona|66\/100\n|-damage|p1b: Ogerpon|60\/100\n|-unboost|p1a: Volcarona|spe|1\n|-unboost|p1b: Ogerpon|spe|1\n|move|p2b: Chi-Yu|Heat Wave|p1a: Volcarona|[spread] p1a,p1b\n|-damage|p1a: Volcarona|0 fnt\n|-damage|p1b: Ogerpon|0 fnt\n|faint|p1a: Volcarona\n|faint|p1b: Ogerpon\n|\n|upkeep\n|-message|Jazzchem forfeited.\n|\n|win|rjhndkf\n|raw|Jazzchem's rating: 1085 &rarr; <strong>1057<\/strong><br \/>(-28 for losing)\n|raw|rjhndkf's rating: 1000 &rarr; <strong>1050<\/strong><br \/>(+50 for winning)\n|l|\u2606Jazzchem\n","uploadtime":1700452749,"views":15,"p1id":"jazzchem","p2id":"rjhndkf","formatid":"gen9vgc2023regulatione","rating":1050,"private":0,"password":""}