{"id":"gen9vgc2023regulatione-2000094199","p1":"NApiplana","p2":"bobforte22","format":"[Gen 9] VGC 2023 Regulation E","log":"|j|\u2606NApiplana\n|j|\u2606bobforte22\n|t:|1701153650\n|gametype|doubles\n|player|p1|NApiplana|dawn-masters3|1105\n|player|p2|bobforte22|pilot|1104\n|teamsize|p1|6\n|teamsize|p2|6\n|gen|9\n|tier|[Gen 9] VGC 2023 Regulation E\n|rated|\n|rule|Species Clause: Limit one of each Pok\u00e9mon\n|rule|Item Clause: Limit one of each item\n|clearpoke\n|poke|p1|Golem-Alola, L50, M|\n|poke|p1|Pawmot, L50, F|\n|poke|p1|Grafaiai, L50, F|\n|poke|p1|Indeedee-F, L50, F|\n|poke|p1|Bisharp, L50, F|\n|poke|p1|Sinistcha-Masterpiece, L50|\n|poke|p2|Chi-Yu, L50|\n|poke|p2|Jolteon, L50, M|\n|poke|p2|Iron Hands, L50|\n|poke|p2|Iron Bundle, L50|\n|poke|p2|Arcanine, L50, M|\n|poke|p2|Garchomp, L50, F|\n|teampreview|4\n|\n|t:|1701153671\n|start\n|switch|p1a: Pawmot|Pawmot, L50, F|100\/100\n|switch|p1b: Golem|Golem-Alola, L50, M|100\/100\n|switch|p2a: Iron Bundle|Iron Bundle, L50|100\/100\n|switch|p2b: Arcanine|Arcanine, L50, M, shiny|100\/100\n|-ability|p2b: Arcanine|Intimidate|boost\n|-unboost|p1a: Pawmot|atk|1\n|-unboost|p1b: Golem|atk|1\n|turn|1\n|inactive|Battle timer is ON: inactive players will automatically lose when time's up. (requested by bobforte22)\n|\n|t:|1701153685\n|move|p2a: Iron Bundle|Protect|p2a: Iron Bundle\n|-singleturn|p2a: Iron Bundle|Protect\n|move|p2b: Arcanine|Protect|p2b: Arcanine\n|-singleturn|p2b: Arcanine|Protect\n|move|p1a: Pawmot|Fake Out|p2a: Iron Bundle\n|-activate|p2a: Iron Bundle|move: Protect\n|move|p1b: Golem|Explosion|p2a: Iron Bundle|[spread] \n|-activate|p2a: Iron Bundle|move: Protect\n|-activate|p2b: Arcanine|move: Protect\n|-immune|p1a: Pawmot|[from] ability: Volt Absorb\n|faint|p1b: Golem\n|\n|upkeep\n|\n|t:|1701153698\n|switch|p1b: Grafaiai|Grafaiai, L50, F|100\/100\n|turn|2\n|\n|t:|1701153710\n|-terastallize|p1a: Pawmot|Ghost\n|move|p1b: Grafaiai|Copycat|p1b: Grafaiai\n|move|p1b: Grafaiai|Explosion|p2b: Arcanine|[from]move: Copycat|[spread] p2a,p2b\n|-immune|p1a: Pawmot\n|-damage|p2a: Iron Bundle|0 fnt\n|-damage|p2b: Arcanine|0 fnt\n|faint|p1b: Grafaiai\n|faint|p2a: Iron Bundle\n|-end|p2a: Iron Bundle|Quark Drive|[silent]\n|faint|p2b: Arcanine\n|move|p1a: Pawmot|Revival Blessing|p1a: Pawmot\n|\n|t:|1701153720\n|-heal|p1: Golem|50\/100|[from] move: Revival Blessing\n|\n|upkeep\n|\n|t:|1701153724\n|switch|p2a: Chi-Yu|Chi-Yu, L50|100\/100\n|switch|p1b: Golem|Golem-Alola, L50, M|50\/100\n|switch|p2b: Garchomp|Garchomp, L50, F|100\/100\n|-ability|p2a: Chi-Yu|Beads of Ruin\n|turn|3\n|\n|t:|1701153749\n|move|p1b: Golem|Endure|p1b: Golem\n|-singleturn|p1b: Golem|move: Endure\n|move|p1a: Pawmot|Close Combat|p2b: Garchomp\n|-damage|p2b: Garchomp|61\/100\n|-unboost|p1a: Pawmot|def|1\n|-unboost|p1a: Pawmot|spd|1\n|-damage|p1a: Pawmot|88\/100|[from] ability: Rough Skin|[of] p2b: Garchomp\n|move|p2a: Chi-Yu|Heat Wave|p1b: Golem|[spread] p1a,p1b\n|-resisted|p1b: Golem\n|-damage|p1a: Pawmot|0 fnt\n|-activate|p1b: Golem|move: Endure\n|-damage|p1b: Golem|1\/100\n|faint|p1a: Pawmot\n|move|p2b: Garchomp|Stomping Tantrum|p1b: Golem\n|-supereffective|p1b: Golem\n|-activate|p1b: Golem|move: Endure\n|-damage|p1b: Golem|1\/100\n|\n|upkeep\n|\n|t:|1701153764\n|switch|p1a: Indeedee|Indeedee-F, L50, F|100\/100\n|-fieldstart|move: Psychic Terrain|[from] ability: Psychic Surge|[of] p1a: Indeedee\n|-enditem|p1a: Indeedee|Psychic Seed\n|-boost|p1a: Indeedee|spd|1|[from] item: Psychic Seed\n|turn|4\n|-enditem|p1b: Golem|Custap Berry|[eat]\n|-activate|p1b: Golem|item: Custap Berry|[consumed]\n|\n|t:|1701153786\n|move|p1b: Golem|Explosion|p2a: Chi-Yu|[spread] p1a,p2a\n|-immune|p2b: Garchomp\n|-damage|p1a: Indeedee|0 fnt\n|-damage|p2a: Chi-Yu|0 fnt\n|faint|p1b: Golem\n|faint|p1a: Indeedee\n|faint|p2a: Chi-Yu\n|\n|win|bobforte22\n|raw|NApiplana's rating: 1105 &rarr; <strong>1080<\/strong><br \/>(-25 for losing)\n|raw|bobforte22's rating: 1104 &rarr; <strong>1129<\/strong><br \/>(+25 for winning)\n|l|\u2606NApiplana\n","uploadtime":1701153801,"views":2,"p1id":"napiplana","p2id":"bobforte22","formatid":"gen9vgc2023regulatione","rating":1080,"private":0,"password":""}