{"id":"gen9vgc2023regulatione-1988725802","p1":"bububibjb","p2":"skeletal man","format":"[Gen 9] VGC 2023 Regulation E","log":"|j|\u2606bububibjb\n|j|\u2606skeletal man\n|t:|1699755323\n|gametype|doubles\n|player|p1|bububibjb|dawn-gen4pt|1244\n|player|p2|skeletal man|1|1187\n|teamsize|p1|6\n|teamsize|p2|6\n|gen|9\n|tier|[Gen 9] VGC 2023 Regulation E\n|rated|\n|rule|Species Clause: Limit one of each Pok\u00e9mon\n|rule|Item Clause: Limit one of each item\n|clearpoke\n|poke|p1|Flutter Mane, L50|\n|poke|p1|Iron Moth, L50|\n|poke|p1|Tornadus, L50, M|\n|poke|p1|Torkoal, L50, F|\n|poke|p1|Zapdos-Galar, L50|\n|poke|p1|Chi-Yu, L50|\n|poke|p2|Arcanine-Hisui, L50, M|\n|poke|p2|Dragonite, L50, M|\n|poke|p2|Flutter Mane, L50|\n|poke|p2|Iron Bundle, L50|\n|poke|p2|Urshifu-*, L50, M|\n|poke|p2|Chien-Pao, L50|\n|teampreview|4\nskeletal man rejected open team sheets.\n|inactive|Battle timer is ON: inactive players will automatically lose when time's up. (requested by skeletal man)\n|inactive|skeletal man has 60 seconds left.\n|\n|t:|1699755380\n|start\n|switch|p1a: Mazda \u0644\u0639\u0646\u062a\u06cc \u062c\u0646|Tornadus, L50, M|100\/100\n|switch|p1b: Roschelle's Bae|Zapdos-Galar, L50|100\/100\n|switch|p2a: Arcanine|Arcanine-Hisui, L50, M|100\/100\n|switch|p2b: Chien-Pao|Chien-Pao, L50|100\/100\n|-ability|p2b: Chien-Pao|Sword of Ruin\n|-ability|p2a: Arcanine|Intimidate|boost\n|-unboost|p1a: Mazda \u0644\u0639\u0646\u062a\u06cc \u062c\u0646|atk|1\n|-unboost|p1b: Roschelle's Bae|atk|1\n|-ability|p1b: Roschelle's Bae|Defiant|boost\n|-boost|p1b: Roschelle's Bae|atk|2\n|-enditem|p2a: Arcanine|Mirror Herb\n|-boost|p2a: Arcanine|atk|2|[from] item: Mirror Herb\n|turn|1\n|\n|t:|1699755404\n|-terastallize|p2a: Arcanine|Normal\n|move|p1b: Roschelle's Bae|Protect|p1b: Roschelle's Bae\n|-singleturn|p1b: Roschelle's Bae|Protect\n|move|p2a: Arcanine|Extreme Speed|p1a: Mazda \u0644\u0639\u0646\u062a\u06cc \u062c\u0646\n|-damage|p1a: Mazda \u0644\u0639\u0646\u062a\u06cc \u062c\u0646|0 fnt\n|faint|p1a: Mazda \u0644\u0639\u0646\u062a\u06cc \u062c\u0646\n|move|p2b: Chien-Pao|Ice Spinner|p1b: Roschelle's Bae\n|-activate|p1b: Roschelle's Bae|move: Protect\n|\n|upkeep\n|\n|t:|1699755416\n|switch|p1a: Larissa|Flutter Mane, L50|100\/100\n|turn|2\n|\n|t:|1699755435\n|-terastallize|p1a: Larissa|Fairy\n|move|p2a: Arcanine|Extreme Speed|p1b: Roschelle's Bae\n|-damage|p1b: Roschelle's Bae|0 fnt\n|faint|p1b: Roschelle's Bae\n|move|p2b: Chien-Pao|Ice Spinner|p1a: Larissa\n|-damage|p1a: Larissa|0 fnt\n|faint|p1a: Larissa\n|-end|p1a: Larissa|Protosynthesis|[silent]\n|\n|upkeep\n|inactive|bububibjb has 30 seconds left.\n|inactive|bububibjb has 20 seconds left.\n|inactive|bububibjb has 15 seconds left.\n|inactive|bububibjb has 10 seconds left.\n|inactive|bububibjb has 5 seconds left.\n|\n|t:|1699755490\n|switch|p1a: Maria|Chi-Yu, L50|100\/100\n|-ability|p1a: Maria|Beads of Ruin\n|turn|3\n|inactive|bububibjb has 30 seconds left.\n|inactive|bububibjb has 20 seconds left.\n|inactive|bububibjb has 15 seconds left.\n|inactive|bububibjb has 10 seconds left.\n|inactive|bububibjb has 5 seconds left.\n|\n|t:|1699755545\n|move|p2a: Arcanine|Extreme Speed|p1a: Maria\n|-damage|p1a: Maria|0 fnt\n|faint|p1a: Maria\n|\n|win|skeletal man\n|raw|bububibjb's rating: 1244 &rarr; <strong>1215<\/strong><br \/>(-29 for losing)\n|raw|skeletal man's rating: 1187 &rarr; <strong>1216<\/strong><br \/>(+29 for winning)\n","uploadtime":1699755558,"views":35,"p1id":"bububibjb","p2id":"skeletalman","formatid":"gen9vgc2023regulatione","rating":1215,"private":0,"password":""}