{"id":"gen9vgc2023regulatione-1999091938","p1":"Tulaptor","p2":"mitskilover911","format":"[Gen 9] VGC 2023 Regulation E","log":"|j|\u2606Tulaptor\n|j|\u2606mitskilover911\n|t:|1701032265\n|gametype|doubles\n|player|p1|Tulaptor|1|1152\n|player|p2|mitskilover911|ghetsis|1128\n|teamsize|p1|6\n|teamsize|p2|6\n|gen|9\n|tier|[Gen 9] VGC 2023 Regulation E\n|rated|\n|rule|Species Clause: Limit one of each Pok\u00e9mon\n|rule|Item Clause: Limit one of each item\n|clearpoke\n|poke|p1|Tornadus, L50, M|\n|poke|p1|Flutter Mane, L50|\n|poke|p1|Regidrago, L50|\n|poke|p1|Heatran, L50, M|\n|poke|p1|Urshifu-*, L50, M|\n|poke|p1|Farigiraf, L50, F|\n|poke|p2|Rillaboom, L50, F|\n|poke|p2|Flutter Mane, L50|\n|poke|p2|Arcanine-Hisui, L50, M|\n|poke|p2|Chien-Pao, L50|\n|poke|p2|Dragonite, L50, M|\n|poke|p2|Urshifu-*, L50, M|\n|teampreview|4\n|inactive|Battle timer is ON: inactive players will automatically lose when time's up. (requested by mitskilover911)\n|inactive|Tulaptor has 60 seconds left.\n|inactive|Tulaptor has 30 seconds left.\n|inactive|Tulaptor has 20 seconds left.\n|inactive|Tulaptor has 15 seconds left.\n|inactive|Tulaptor has 10 seconds left.\n|\n|t:|1701032348\n|start\n|switch|p1a: Farigiraf|Farigiraf, L50, F|100\/100\n|switch|p1b: Urshifu|Urshifu, L50, M|100\/100\n|switch|p2a: Flutter Mane|Flutter Mane, L50|100\/100\n|switch|p2b: Dragonite|Dragonite, L50, M|100\/100\n|turn|1\n|inactive|Tulaptor has 30 seconds left.\n|inactive|Tulaptor has 20 seconds left.\n|inactive|Tulaptor has 15 seconds left.\n|inactive|Tulaptor has 10 seconds left.\n|inactive|Tulaptor has 5 seconds left.\n|\n|t:|1701032403\n|switch|p2b: Arcanine|Arcanine-Hisui, L50, M|100\/100\n|-ability|p2b: Arcanine|Intimidate|boost\n|-unboost|p1a: Farigiraf|atk|1\n|-unboost|p1b: Urshifu|atk|1\n|move|p1b: Urshifu|Wicked Blow|p2a: Flutter Mane\n|-crit|p2a: Flutter Mane\n|-damage|p2a: Flutter Mane|0 fnt\n|faint|p2a: Flutter Mane\n|-end|p2a: Flutter Mane|Protosynthesis|[silent]\n|move|p1a: Farigiraf|Psychic|p2b: Arcanine\n|-damage|p2b: Arcanine|52\/100\n|-unboost|p2b: Arcanine|spd|1\n|\n|upkeep\n|l|\u2606mitskilover911\n|inactive|mitskilover911 disconnected and has a minute to reconnect!\n|player|p2|\n|inactive|mitskilover911 has 30 seconds left.\n|inactive|mitskilover911 has 20 seconds left.\n|inactive|mitskilover911 has 15 seconds left.\n|inactive|mitskilover911 has 10 seconds left.\n|inactive|mitskilover911 has 5 seconds left.\n|-message|mitskilover911 lost due to inactivity.\n|\n|win|Tulaptor\n|raw|Tulaptor's rating: 1152 &rarr; <strong>1175<\/strong><br \/>(+23 for winning)\n|raw|mitskilover911's rating: 1128 &rarr; <strong>1105<\/strong><br \/>(-23 for losing)\n","uploadtime":1701032510,"views":10,"p1id":"tulaptor","p2id":"mitskilover911","formatid":"gen9vgc2023regulatione","rating":1105,"private":0,"password":""}