{"id":"gen9ubers-1978138996","p1":"dakimahrel","p2":"Zente77","format":"[Gen 9] Ubers","log":"|j|\u2606dakimahrel\n|j|\u2606Zente77\n|t:|1698504168\n|gametype|singles\n|player|p1|dakimahrel|2|1053\n|player|p2|Zente77|169|1222\n|teamsize|p1|6\n|teamsize|p2|6\n|gen|9\n|tier|[Gen 9] Ubers\n|rated|\n|rule|Sleep Clause Mod: Limit one foe put to sleep\n|rule|Species Clause: Limit one of each Pok\u00e9mon\n|rule|OHKO Clause: OHKO moves are banned\n|rule|Evasion Items Clause: Evasion items are banned\n|rule|Evasion Moves Clause: Evasion moves are banned\n|rule|Endless Battle Clause: Forcing endless battles is banned\n|rule|HP Percentage Mod: HP is shown in percentages\n|clearpoke\n|poke|p1|Polteageist-Antique|\n|poke|p1|Dragapult, F|\n|poke|p1|Urshifu-*, F|\n|poke|p1|Glastrier|\n|poke|p1|Slowking-Galar, F|\n|poke|p1|Moltres-Galar|\n|poke|p2|Dragonite, M|\n|poke|p2|Great Tusk|\n|poke|p2|Arcanine-Hisui, M|\n|poke|p2|Palafin, F|\n|poke|p2|Chi-Yu|\n|poke|p2|Chien-Pao|\n|teampreview\n|inactive|Battle timer is ON: inactive players will automatically lose when time's up. (requested by Zente77)\n|j| LAST OUTLAWS\n|\n|t:|1698504188\n|start\n|switch|p1a: Dragapult|Dragapult, F, shiny|100\/100\n|switch|p2a: Arcanine|Arcanine-Hisui, M|100\/100\n|turn|1\n|\n|t:|1698504207\n|switch|p2a: Palafin|Palafin, F|100\/100\n|move|p1a: Dragapult|Draco Meteor|p2a: Palafin\n|-damage|p2a: Palafin|0 fnt\n|-unboost|p1a: Dragapult|spa|2\n|faint|p2a: Palafin\n|\n|upkeep\n|\n|t:|1698504218\n|switch|p2a: Chien-Pao|Chien-Pao|100\/100\n|-ability|p2a: Chien-Pao|Sword of Ruin\n|turn|2\n|\n|t:|1698504232\n|switch|p1a: Urshifu|Urshifu-Rapid-Strike, F|100\/100\n|move|p2a: Chien-Pao|Sucker Punch||[still]\n|-fail|p2a: Chien-Pao\n|\n|upkeep\n|turn|3\n|\n|t:|1698504241\n|switch|p2a: Dragonite|Dragonite, M|100\/100\n|move|p1a: Urshifu|U-turn|p2a: Dragonite\n|-resisted|p2a: Dragonite\n|-damage|p2a: Dragonite|94\/100\n|\n|t:|1698504248\n|switch|p1a: Dragapult|Dragapult, F, shiny|100\/100|[from] U-turn\n|\n|upkeep\n|turn|4\n|\n|t:|1698504259\n|-terastallize|p1a: Dragapult|Dragon\n|-terastallize|p2a: Dragonite|Normal\n|move|p1a: Dragapult|Draco Meteor|p2a: Dragonite\n|-damage|p2a: Dragonite|0 fnt\n|-unboost|p1a: Dragapult|spa|2\n|faint|p2a: Dragonite\n|\n|upkeep\n|-message|Zente77 forfeited.\n|\n|win|dakimahrel\n|raw|dakimahrel's rating: 1053 &rarr; <strong>1100<\/strong><br \/>(+47 for winning)\n|raw|Zente77's rating: 1222 &rarr; <strong>1186<\/strong><br \/>(-36 for losing)\n|l|\u2606Zente77\n","uploadtime":1698504291,"views":12,"p1id":"dakimahrel","p2id":"zente77","formatid":"gen9ubers","rating":1100,"private":0,"password":""}