{"id":"gen9ubers-1996687386","p1":"professional asian","p2":"die4ry","format":"[Gen 9] Ubers","log":"|j|\u2606professional asian\n|j|\u2606die4ry\n|t:|1700709791\n|gametype|singles\n|player|p1|professional asian|brock|1090\n|player|p2|die4ry|hugh|1215\n|teamsize|p1|6\n|teamsize|p2|6\n|gen|9\n|tier|[Gen 9] Ubers\n|rated|\n|rule|Sleep Clause Mod: Limit one foe put to sleep\n|rule|Species Clause: Limit one of each Pok\u00e9mon\n|rule|OHKO Clause: OHKO moves are banned\n|rule|Evasion Items Clause: Evasion items are banned\n|rule|Evasion Moves Clause: Evasion moves are banned\n|rule|Endless Battle Clause: Forcing endless battles is banned\n|rule|HP Percentage Mod: HP is shown in percentages\n|clearpoke\n|poke|p1|Ribombee, F|\n|poke|p1|Corviknight, F|\n|poke|p1|Zacian-*|\n|poke|p1|Indeedee, M|\n|poke|p1|Sneasler, F|\n|poke|p1|Heatran, F|\n|poke|p2|Gliscor, F|\n|poke|p2|Regieleki|\n|poke|p2|Zacian-*|\n|poke|p2|Koraidon|\n|poke|p2|Chien-Pao|\n|poke|p2|Flutter Mane|\n|teampreview\n|inactive|Battle timer is ON: inactive players will automatically lose when time's up. (requested by professional asian)\n|\n|t:|1700709801\n|start\n|switch|p1a: Ribombee|Ribombee, F|100\/100\n|switch|p2a: Regieleki|Regieleki|100\/100\n|turn|1\n|\n|t:|1700709808\n|move|p2a: Regieleki|Thunder Cage|p1a: Ribombee\n|-damage|p1a: Ribombee|22\/100\n|-activate|p1a: Ribombee|move: Thunder Cage|[of] p2a: Regieleki\n|move|p1a: Ribombee|Tailwind|p1a: Ribombee\n|-sidestart|p1: professional asian|move: Tailwind\n|\n|-damage|p1a: Ribombee|10\/100|[from] move: Thunder Cage|[partiallytrapped]\n|upkeep\n|turn|2\n|\n|t:|1700709819\n|move|p1a: Ribombee|Sticky Web|p2a: Regieleki\n|-sidestart|p2: die4ry|move: Sticky Web\n|move|p2a: Regieleki|Rapid Spin|p1a: Ribombee\n|-damage|p1a: Ribombee|0 fnt\n|-boost|p2a: Regieleki|spe|1\n|-sideend|p2: die4ry|Sticky Web|[from] move: Rapid Spin|[of] p2a: Regieleki\n|faint|p1a: Ribombee\n|\n|upkeep\n|c|\u2606die4ry|no thx\n|-message|professional asian forfeited.\n|\n|win|die4ry\n|raw|professional asian's rating: 1090 &rarr; <strong>1075<\/strong><br \/>(-15 for losing)\n|raw|die4ry's rating: 1215 &rarr; <strong>1231<\/strong><br \/>(+16 for winning)\n|l|\u2606professional asian\n","uploadtime":1700709848,"views":12,"p1id":"professionalasian","p2id":"die4ry","formatid":"gen9ubers","rating":1075,"private":0,"password":""}