{"id":"gen9ubers-1982020276","p1":"qswsqwsqs","p2":"ALLKIN","format":"[Gen 9] Ubers","log":"|j|\u2606qswsqwsqs\n|j|\u2606ALLKIN\n|t:|1698960236\n|gametype|singles\n|player|p1|qswsqwsqs|workerice|\n|player|p2|ALLKIN|workerice|\n|teamsize|p1|1\n|teamsize|p2|1\n|gen|9\n|tier|[Gen 9] Ubers\n|rule|Sleep Clause Mod: Limit one foe put to sleep\n|rule|Species Clause: Limit one of each Pok\u00e9mon\n|rule|OHKO Clause: OHKO moves are banned\n|rule|Evasion Items Clause: Evasion items are banned\n|rule|Evasion Moves Clause: Evasion moves are banned\n|rule|Endless Battle Clause: Forcing endless battles is banned\n|rule|HP Percentage Mod: HP is shown in percentages\n|clearpoke\n|poke|p1|Magearna|\n|poke|p2|Magearna|\n|teampreview\n|inactive|Battle timer is ON: inactive players will automatically lose when time's up. (requested by ALLKIN)\n|inactive|qswsqwsqs also wants the timer to be on.\n|\n|t:|1698960243\n|start\n|switch|p1a: Magearna|Magearna|100\/100\n|switch|p2a: Magearna|Magearna|100\/100\n|turn|1\n|\n|t:|1698960253\n|move|p1a: Magearna|Spikes|p2a: Magearna\n|-sidestart|p2: ALLKIN|Spikes\n|move|p2a: Magearna|Spikes|p1a: Magearna\n|-sidestart|p1: qswsqwsqs|Spikes\n|\n|upkeep\n|turn|2\n|\n|t:|1698960261\n|move|p2a: Magearna|Spikes|p1a: Magearna\n|-sidestart|p1: qswsqwsqs|Spikes\n|move|p1a: Magearna|Spikes|p2a: Magearna\n|-sidestart|p2: ALLKIN|Spikes\n|\n|upkeep\n|turn|3\n|\n|t:|1698960268\n|move|p2a: Magearna|Spikes|p1a: Magearna\n|-sidestart|p1: qswsqwsqs|Spikes\n|move|p1a: Magearna|Spikes|p2a: Magearna\n|-sidestart|p2: ALLKIN|Spikes\n|\n|upkeep\n|turn|4\n|-message|ALLKIN forfeited.\n|\n|win|qswsqwsqs\n|l|\u2606ALLKIN\n|l|\u2606qswsqwsqs\n|j|\u2606ALLKIN\n|player|p2|ALLKIN|workerice\n|l|\u2606ALLKIN\n|player|p2|\n|j|\u2606qswsqwsqs\n|player|p1|qswsqwsqs|workerice\n|l|\u2606qswsqwsqs\n|player|p1|\n|j|\u2606qswsqwsqs\n|player|p1|qswsqwsqs|workerice\n|l|\u2606qswsqwsqs\n|player|p1|\n","uploadtime":1698960533,"views":9,"p1id":"qswsqwsqs","p2id":"allkin","formatid":"gen9ubers","rating":0,"private":0,"password":""}