{"id":"gen9ubers-1984554312","p1":"ZedGaming222","p2":"MonadoBoi24","format":"[Gen 9] Ubers","log":"|j|\u2606ZedGaming222\n|j|\u203dMonadoBoi24\n|t:|1699279258\n|gametype|singles\n|player|p1|ZedGaming222|boarder|1159\n|player|p2|MonadoBoi24|red|1137\n|teamsize|p1|6\n|teamsize|p2|6\n|gen|9\n|tier|[Gen 9] Ubers\n|rated|\n|rule|Sleep Clause Mod: Limit one foe put to sleep\n|rule|Species Clause: Limit one of each Pok\u00e9mon\n|rule|OHKO Clause: OHKO moves are banned\n|rule|Evasion Items Clause: Evasion items are banned\n|rule|Evasion Moves Clause: Evasion moves are banned\n|rule|Endless Battle Clause: Forcing endless battles is banned\n|rule|HP Percentage Mod: HP is shown in percentages\n|clearpoke\n|poke|p1|Hatterene, F|\n|poke|p1|Miraidon|\n|poke|p1|Iron Treads|\n|poke|p1|Chien-Pao|\n|poke|p1|Dragonite, M|\n|poke|p1|Zacian-*|\n|poke|p2|Koraidon|\n|poke|p2|Walking Wake|\n|poke|p2|Great Tusk|\n|poke|p2|Volcarona, F|\n|poke|p2|Chien-Pao|\n|poke|p2|Cinderace, M|\n|teampreview\n|inactive|Battle timer is ON: inactive players will automatically lose when time's up. (requested by ZedGaming222)\n|\n|t:|1699279277\n|start\n|switch|p1a: Miraidon|Miraidon|100\/100\n|switch|p2a: Koraidon|Koraidon|100\/100\n|-fieldstart|move: Electric Terrain|[from] ability: Hadron Engine|[of] p1a: Miraidon\n|-weather|SunnyDay|[from] ability: Orichalcum Pulse|[of] p2a: Koraidon\n|-activate|p2a: Koraidon|Orichalcum Pulse|[source]\n|turn|1\n|\n|t:|1699279286\n|move|p1a: Miraidon|Draco Meteor|p2a: Koraidon|[miss]\n|-miss|p1a: Miraidon|p2a: Koraidon\n|move|p2a: Koraidon|Dragon Claw|p1a: Miraidon\n|-supereffective|p1a: Miraidon\n|-damage|p1a: Miraidon|0 fnt\n|faint|p1a: Miraidon\n|-damage|p2a: Koraidon|91\/100|[from] item: Life Orb\n|\n|-weather|SunnyDay|[upkeep]\n|upkeep\n|-message|ZedGaming222 forfeited.\n|\n|win|MonadoBoi24\n|raw|ZedGaming222's rating: 1159 &rarr; <strong>1132<\/strong><br \/>(-27 for losing)\n|raw|MonadoBoi24's rating: 1137 &rarr; <strong>1164<\/strong><br \/>(+27 for winning)\n|l|\u2606ZedGaming222\n","uploadtime":1699279301,"views":11,"p1id":"zedgaming222","p2id":"monadoboi24","formatid":"gen9ubers","rating":1132,"private":0,"password":""}