{"id":"gen9ubers-1974069264","p1":"banwobDPP","p2":"Pennys No.1 Fan","format":"[Gen 9] Ubers","log":"|j|\u2606banwobDPP\n|j|\u2606Pennys No.1 Fan\n|inactive|Battle timer is ON: inactive players will automatically lose when time's up.\n|t:|1698051121\n|gametype|singles\n|player|p1|banwobDPP|n-masters|\n|player|p2|Pennys No.1 Fan|geeta|\n|teamsize|p1|3\n|teamsize|p2|3\n|gen|9\n|tier|[Gen 9] Ubers\n|rated|Tournament battle\n|rule|Sleep Clause Mod: Limit one foe put to sleep\n|rule|Species Clause: Limit one of each Pok\u00e9mon\n|rule|OHKO Clause: OHKO moves are banned\n|rule|Evasion Items Clause: Evasion items are banned\n|rule|Evasion Moves Clause: Evasion moves are banned\n|rule|Endless Battle Clause: Forcing endless battles is banned\n|rule|HP Percentage Mod: HP is shown in percentages\n|rule|Terastal Clause: You cannot Terastallize\n|clearpoke\n|poke|p1|Landorus-Therian, M|\n|poke|p1|Arceus-Fairy|\n|poke|p1|Koraidon|\n|poke|p2|Eternatus|\n|poke|p2|Skeledirge, F|\n|poke|p2|Zacian-*|\n|teampreview|1\n|j|*Lady Monita \u263d\n|inactive|Pennys No.1 Fan also wants the timer to be on.\n|inactive|banwobDPP has 120 seconds left.\n|inactive|banwobDPP has 90 seconds left.\n|\n|t:|1698051188\n|start\n|switch|p1a: Landorus|Landorus-Therian, M|100\/100\n|switch|p2a: Skeledirge|Skeledirge, F|100\/100\n|-ability|p1a: Landorus|Intimidate|boost\n|-unboost|p2a: Skeledirge|atk|1\n|turn|1\n|\n|t:|1698051199\n|move|p1a: Landorus|Earthquake|p2a: Skeledirge\n|-supereffective|p2a: Skeledirge\n|-damage|p2a: Skeledirge|37\/100\n|move|p2a: Skeledirge|Will-O-Wisp|p1a: Landorus\n|-status|p1a: Landorus|brn\n|\n|-damage|p1a: Landorus|94\/100 brn|[from] brn\n|upkeep\n|turn|2\n|\n|t:|1698051205\n|move|p1a: Landorus|Earthquake|p2a: Skeledirge\n|-supereffective|p2a: Skeledirge\n|-damage|p2a: Skeledirge|5\/100\n|move|p2a: Skeledirge|Slack Off|p2a: Skeledirge\n|-heal|p2a: Skeledirge|55\/100\n|\n|-damage|p1a: Landorus|88\/100 brn|[from] brn\n|upkeep\n|turn|3\n|\n|t:|1698051210\n|move|p1a: Landorus|Crunch|p2a: Skeledirge\n|-supereffective|p2a: Skeledirge\n|-damage|p2a: Skeledirge|36\/100\n|-unboost|p2a: Skeledirge|def|1\n|move|p2a: Skeledirge|Slack Off|p2a: Skeledirge\n|-heal|p2a: Skeledirge|86\/100\n|\n|-damage|p1a: Landorus|82\/100 brn|[from] brn\n|upkeep\n|turn|4\n|\n|t:|1698051218\n|move|p1a: Landorus|Earthquake|p2a: Skeledirge\n|-supereffective|p2a: Skeledirge\n|-damage|p2a: Skeledirge|36\/100\n|move|p2a: Skeledirge|Hex|p1a: Landorus\n|-damage|p1a: Landorus|55\/100 brn\n|\n|-damage|p1a: Landorus|49\/100 brn|[from] brn\n|upkeep\n|turn|5\n|\n|t:|1698051224\n|move|p1a: Landorus|Earthquake|p2a: Skeledirge\n|-supereffective|p2a: Skeledirge\n|-damage|p2a: Skeledirge|0 fnt\n|faint|p2a: Skeledirge\n|\n|win|banwobDPP\n|n|\u2606banwobDPP|banwobdpp\n|n|\u2606Pennys No.1 Fan|pennysno1fan\n|n|*Lady Monita \u263d|ladymonita\n","uploadtime":1698051225,"views":14,"p1id":"banwobdpp","p2id":"pennysno1fan","formatid":"gen9ubers","rating":0,"private":0,"password":""}