{"id":"gen9ubers-1989842064","p1":"Billette","p2":"speed racr","format":"[Gen 9] Ubers","log":"|j|\u2606Billette\n|j|\u2606speed racr\n|t:|1699900261\n|gametype|singles\n|player|p1|Billette|aromalady|\n|player|p2|speed racr|swimmerf|\n|teamsize|p1|6\n|teamsize|p2|6\n|gen|9\n|tier|[Gen 9] Ubers\n|rated|Tournament battle\n|rule|Sleep Clause Mod: Limit one foe put to sleep\n|rule|Species Clause: Limit one of each Pok\u00e9mon\n|rule|OHKO Clause: OHKO moves are banned\n|rule|Evasion Items Clause: Evasion items are banned\n|rule|Evasion Moves Clause: Evasion moves are banned\n|rule|Endless Battle Clause: Forcing endless battles is banned\n|rule|HP Percentage Mod: HP is shown in percentages\n|clearpoke\n|poke|p1|Giratina-Origin|\n|poke|p1|Toxapex, M|\n|poke|p1|Clodsire, M|\n|poke|p1|Eternatus|\n|poke|p1|Skeledirge, M|\n|poke|p1|Blissey, F|\n|poke|p2|Miraidon|\n|poke|p2|Maushold-Four|\n|poke|p2|Koraidon|\n|poke|p2|Arceus-Ground|\n|poke|p2|Zacian-*|\n|poke|p2|Eternatus|\n|teampreview\n|inactive|Battle timer is ON: inactive players will automatically lose when time's up. (requested by speed racr)\n|inactive|Billette also wants the timer to be on.\n|j| Common Ion\n|\n|t:|1699900272\n|start\n|switch|p1a: Giratina|Giratina-Origin|100\/100\n|switch|p2a: Arceus|Arceus-Ground|100\/100\n|turn|1\n|c|\u2606Billette|Glhf\n|\n|t:|1699900291\n|move|p2a: Arceus|Stealth Rock|p1a: Giratina\n|-sidestart|p1: Billette|move: Stealth Rock\n|move|p1a: Giratina|Dragon Tail|p2a: Arceus\n|-damage|p2a: Arceus|77\/100\n|drag|p2a: Zacian|Zacian-Crowned, shiny|100\/100\n|-ability|p2a: Zacian|Intrepid Sword|boost\n|-boost|p2a: Zacian|atk|1\n|\n|upkeep\n|turn|2\n|c|\u2606speed racr|u2\n|\n|t:|1699900299\n|switch|p2a: Miraidon|Miraidon|100\/100\n|-fieldstart|move: Electric Terrain|[from] ability: Hadron Engine|[of] p2a: Miraidon\n|switch|p1a: Toxapex|Toxapex, M|100\/100\n|\n|upkeep\n|turn|3\n|\n|t:|1699900305\n|switch|p2a: maus|Maushold-Four|100\/100\n|move|p1a: Toxapex|Baneful Bunker||[still]\n|-fail|p1a: Toxapex\n|\n|upkeep\n|turn|4\n|\n|t:|1699900314\n|switch|p1a: Giratina|Giratina-Origin|100\/100\n|-damage|p1a: Giratina|88\/100|[from] Stealth Rock\n|move|p2a: maus|Encore||[still]\n|-fail|p2a: maus\n|\n|upkeep\n|turn|5\n|\n|t:|1699900324\n|move|p2a: maus|Beat Up|p1a: Giratina\n|-supereffective|p1a: Giratina\n|-damage|p1a: Giratina|83\/100\n|-supereffective|p1a: Giratina\n|-damage|p1a: Giratina|78\/100\n|-supereffective|p1a: Giratina\n|-damage|p1a: Giratina|71\/100\n|-supereffective|p1a: Giratina\n|-damage|p1a: Giratina|63\/100\n|-supereffective|p1a: Giratina\n|-damage|p1a: Giratina|56\/100\n|-supereffective|p1a: Giratina\n|-damage|p1a: Giratina|51\/100\n|-hitcount|p1a: Giratina|6\n|move|p1a: Giratina|Dragon Tail|p2a: maus\n|-damage|p2a: maus|56\/100\n|drag|p2a: Arceus|Arceus-Ground|77\/100\n|\n|upkeep\n|turn|6\n|inactive|speed racr has 120 seconds left.\n|c|\u2606Billette|Shit\n|c|\u2606Billette|lunch is over\n|c|\u2606Billette|i gotta go lmao\n|\n|t:|1699900380\n|switch|p2a: maus|Maushold-Four|56\/100\n|move|p1a: Giratina|Will-O-Wisp|p2a: maus\n|-status|p2a: maus|brn\n|\n|-damage|p2a: maus|49\/100 brn|[from] brn\n|-fieldend|move: Electric Terrain\n|upkeep\n|turn|7\n|-message|Billette forfeited.\n|\n|win|speed racr\n|n|\u2606Billette|billette\n|n|\u2606speed racr|speedracr\n|n| Common Ion|commonion\n","uploadtime":1699900391,"views":5,"p1id":"billette","p2id":"speedracr","formatid":"gen9ubers","rating":0,"private":0,"password":""}