{"id":"gen9ubers-1977964616","p1":"ZachPlay","p2":"sdafuehirw","format":"[Gen 9] Ubers","log":"|j|\u2606ZachPlay\n|j|\u2606sdafuehirw\n|t:|1698474360\n|gametype|singles\n|player|p1|ZachPlay|smasher|1153\n|player|p2|sdafuehirw|2|1133\n|teamsize|p1|6\n|teamsize|p2|6\n|gen|9\n|tier|[Gen 9] Ubers\n|rated|\n|rule|Sleep Clause Mod: Limit one foe put to sleep\n|rule|Species Clause: Limit one of each Pok\u00e9mon\n|rule|OHKO Clause: OHKO moves are banned\n|rule|Evasion Items Clause: Evasion items are banned\n|rule|Evasion Moves Clause: Evasion moves are banned\n|rule|Endless Battle Clause: Forcing endless battles is banned\n|rule|HP Percentage Mod: HP is shown in percentages\n|clearpoke\n|poke|p1|Giratina-Origin|\n|poke|p1|Arceus-Fairy|\n|poke|p1|Pawmot, F|\n|poke|p1|Jirachi|\n|poke|p1|Amoonguss, M|\n|poke|p1|Alomomola, F|\n|poke|p2|Kleavor, M|\n|poke|p2|Sneasler, F|\n|poke|p2|Gholdengo|\n|poke|p2|Enamorus, F|\n|poke|p2|Dragapult, F|\n|poke|p2|Samurott-Hisui, M|\n|teampreview\n|\n|t:|1698474366\n|start\n|switch|p1a: Jirachi|Jirachi|100\/100\n|switch|p2a: Kleavor|Kleavor, M|100\/100\n|turn|1\n|\n|t:|1698474371\n|move|p2a: Kleavor|Stone Axe|p1a: Jirachi\n|-resisted|p1a: Jirachi\n|-damage|p1a: Jirachi|79\/100\n|-sidestart|p1: ZachPlay|move: Stealth Rock\n|move|p1a: Jirachi|Thunder Wave|p2a: Kleavor\n|-status|p2a: Kleavor|par\n|\n|upkeep\n|turn|2\n|\n|t:|1698474379\n|switch|p2a: Gholdengo|Gholdengo|100\/100\n|move|p1a: Jirachi|Iron Head|p2a: Gholdengo\n|-resisted|p2a: Gholdengo\n|-damage|p2a: Gholdengo|86\/100\n|\n|upkeep\n|turn|3\n|inactive|Battle timer is ON: inactive players will automatically lose when time's up. (requested by sdafuehirw)\n|\n|t:|1698474389\n|switch|p1a: Alomomola|Alomomola, F|100\/100\n|move|p2a: Gholdengo|Shadow Ball|p1a: Alomomola\n|-damage|p1a: Alomomola|47\/100\n|-unboost|p1a: Alomomola|spd|1\n|\n|upkeep\n|turn|4\n|\n|t:|1698474394\n|switch|p1a: Amoonguss|Amoonguss, M|100\/100\n|-damage|p1a: Amoonguss|88\/100|[from] Stealth Rock\n|move|p2a: Gholdengo|Shadow Ball|p1a: Amoonguss\n|-damage|p1a: Amoonguss|57\/100\n|\n|upkeep\n|turn|5\n|\n|t:|1698474398\n|switch|p1a: Pawmot|Pawmot, F|100\/100\n|-damage|p1a: Pawmot|94\/100|[from] Stealth Rock\n|move|p2a: Gholdengo|Shadow Ball|p1a: Pawmot\n|-damage|p1a: Pawmot|27\/100\n|\n|upkeep\n|turn|6\n|-message|ZachPlay forfeited.\n|\n|win|sdafuehirw\n|raw|ZachPlay's rating: 1153 &rarr; <strong>1127<\/strong><br \/>(-26 for losing)\n|raw|sdafuehirw's rating: 1133 &rarr; <strong>1159<\/strong><br \/>(+26 for winning)\n|l|\u2606ZachPlay\n","uploadtime":1698474407,"views":11,"p1id":"zachplay","p2id":"sdafuehirw","formatid":"gen9ubers","rating":1127,"private":0,"password":""}