{"id":"gen9ubers-1986477216","p1":"Dark King_5","p2":"Evilphantom7","format":"[Gen 9] Ubers","log":"|j|\u2606Dark King_5\n|j|\u2606Evilphantom7\n|t:|1699483034\n|gametype|singles\n|player|p1|Dark King_5|101|1140\n|player|p2|Evilphantom7|170|1123\n|teamsize|p1|6\n|teamsize|p2|6\n|gen|9\n|tier|[Gen 9] Ubers\n|rated|\n|rule|Sleep Clause Mod: Limit one foe put to sleep\n|rule|Species Clause: Limit one of each Pok\u00e9mon\n|rule|OHKO Clause: OHKO moves are banned\n|rule|Evasion Items Clause: Evasion items are banned\n|rule|Evasion Moves Clause: Evasion moves are banned\n|rule|Endless Battle Clause: Forcing endless battles is banned\n|rule|HP Percentage Mod: HP is shown in percentages\n|clearpoke\n|poke|p1|Glimmora, F|\n|poke|p1|Espathra, M|\n|poke|p1|Kingambit, M|\n|poke|p1|Gogoat, F|\n|poke|p1|Avalugg, F|\n|poke|p1|Veluza, F|\n|poke|p2|Ogerpon-Hearthflame, F|\n|poke|p2|Espathra, M|\n|poke|p2|Miraidon|\n|poke|p2|Kingambit, F|\n|poke|p2|Urshifu-*, M|\n|poke|p2|Hatterene, F|\n|teampreview\n|inactive|Battle timer is ON: inactive players will automatically lose when time's up. (requested by Dark King_5)\n|\n|t:|1699483047\n|start\n|switch|p1a: Espathra|Espathra, M|100\/100\n|switch|p2a: Espathra|Espathra, M|100\/100\n|turn|1\n|\n|t:|1699483053\n|move|p1a: Espathra|Trick|p2a: Espathra\n|-activate|p1a: Espathra|move: Trick|[of] p2a: Espathra\n|-item|p2a: Espathra|Choice Scarf|[from] move: Trick\n|-item|p1a: Espathra|Leftovers|[from] move: Trick\n|move|p2a: Espathra|Substitute|p2a: Espathra\n|-start|p2a: Espathra|Substitute\n|-damage|p2a: Espathra|76\/100\n|\n|-ability|p2a: Espathra|Speed Boost|boost\n|-boost|p2a: Espathra|spe|1\n|-ability|p1a: Espathra|Speed Boost|boost\n|-boost|p1a: Espathra|spe|1\n|upkeep\n|turn|2\n|-message|Evilphantom7 forfeited.\n|\n|win|Dark King_5\n|raw|Dark King_5's rating: 1140 &rarr; <strong>1164<\/strong><br \/>(+24 for winning)\n|raw|Evilphantom7's rating: 1123 &rarr; <strong>1099<\/strong><br \/>(-24 for losing)\n|l|\u2606Evilphantom7\n","uploadtime":1699483129,"views":26,"p1id":"darkking5","p2id":"evilphantom7","formatid":"gen9ubers","rating":1099,"private":0,"password":""}