{"id":"gen9ubers-1969737702","p1":"XDARKSAM","p2":"Bruhitsjhian","format":"[Gen 9] Ubers","log":"|j|\u2606XDARKSAM\n|j|\u2606Bruhitsjhian\n|t:|1697561577\n|gametype|singles\n|player|p1|XDARKSAM|volkner|1125\n|player|p2|Bruhitsjhian|170|1000\n|teamsize|p1|6\n|teamsize|p2|6\n|gen|9\n|tier|[Gen 9] Ubers\n|rated|\n|rule|Sleep Clause Mod: Limit one foe put to sleep\n|rule|Species Clause: Limit one of each Pok\u00e9mon\n|rule|OHKO Clause: OHKO moves are banned\n|rule|Evasion Items Clause: Evasion items are banned\n|rule|Evasion Moves Clause: Evasion moves are banned\n|rule|Endless Battle Clause: Forcing endless battles is banned\n|rule|HP Percentage Mod: HP is shown in percentages\n|clearpoke\n|poke|p1|Shaymin-Sky|\n|poke|p1|Houndstone, M|\n|poke|p1|Tyranitar, M|\n|poke|p1|Toxapex, F|\n|poke|p1|Ditto|\n|poke|p1|Scizor, F|\n|poke|p2|Dragapult, M|\n|poke|p2|Miraidon|\n|poke|p2|Eternatus|\n|poke|p2|Kingambit, F|\n|poke|p2|Pelipper, M|\n|poke|p2|Arceus|\n|teampreview\n|\n|t:|1697561583\n|start\n|switch|p1a: Scizor|Scizor, F|100\/100\n|switch|p2a: Pelipper|Pelipper, M|100\/100\n|-weather|RainDance|[from] ability: Drizzle|[of] p2a: Pelipper\n|turn|1\n|\n|t:|1697561611\n|switch|p1a: Vert de ciel|Shaymin-Sky, shiny|100\/100\n|switch|p2a: Miraidon|Miraidon|100\/100\n|-fieldstart|move: Electric Terrain|[from] ability: Hadron Engine|[of] p2a: Miraidon\n|\n|-weather|RainDance|[upkeep]\n|upkeep\n|turn|2\n|\n|t:|1697561630\n|switch|p1a: DON CRUSTAC\u00c9|Toxapex, F, shiny|100\/100\n|move|p2a: Miraidon|Volt Switch|p1a: DON CRUSTAC\u00c9\n|-supereffective|p1a: DON CRUSTAC\u00c9\n|-damage|p1a: DON CRUSTAC\u00c9|3\/100\n|\n|t:|1697561639\n|switch|p2a: Dragapult|Dragapult, M, shiny|100\/100|[from] Volt Switch\n|\n|-weather|RainDance|[upkeep]\n|upkeep\n|turn|3\n|\n|t:|1697561647\n|move|p2a: Dragapult|Thunder|p1a: DON CRUSTAC\u00c9\n|-supereffective|p1a: DON CRUSTAC\u00c9\n|-damage|p1a: DON CRUSTAC\u00c9|0 fnt\n|faint|p1a: DON CRUSTAC\u00c9\n|\n|-weather|RainDance|[upkeep]\n|upkeep\n|\n|t:|1697561654\n|switch|p1a: Scizor|Scizor, F|100\/100\n|turn|4\n|\n|t:|1697561681\n|move|p2a: Dragapult|Flamethrower|p1a: Scizor\n|-supereffective|p1a: Scizor\n|-crit|p1a: Scizor\n|-enditem|p1a: Scizor|Focus Sash\n|-damage|p1a: Scizor|1\/100\n|move|p1a: Scizor|Acrobatics|p2a: Dragapult\n|-damage|p2a: Dragapult|36\/100\n|\n|-weather|RainDance|[upkeep]\n|upkeep\n|turn|5\n|\n|t:|1697561702\n|move|p2a: Dragapult|Thunder|p1a: Scizor\n|-damage|p1a: Scizor|0 fnt\n|faint|p1a: Scizor\n|\n|-weather|none\n|-fieldend|move: Electric Terrain\n|upkeep\n|-message|XDARKSAM forfeited.\n|\n|win|Bruhitsjhian\n|raw|XDARKSAM's rating: 1125 &rarr; <strong>1091<\/strong><br \/>(-34 for losing)\n|raw|Bruhitsjhian's rating: 1000 &rarr; <strong>1054<\/strong><br \/>(+54 for winning)\n|l|\u2606XDARKSAM\n","uploadtime":1697561714,"views":11,"p1id":"xdarksam","p2id":"bruhitsjhian","formatid":"gen9ubers","rating":1054,"private":0,"password":""}