{"id":"gen9ubers-1977905371","p1":"sub to chompy","p2":"slainey","format":"[Gen 9] Ubers","log":"|j|\u2606sub to chompy\n|j|\u2606slainey\n|t:|1698464419\n|gametype|singles\n|player|p1|sub to chompy|266|\n|player|p2|slainey|emma|\n|teamsize|p1|1\n|teamsize|p2|2\n|gen|9\n|tier|[Gen 9] Ubers\n|rule|Sleep Clause Mod: Limit one foe put to sleep\n|rule|Species Clause: Limit one of each Pok\u00e9mon\n|rule|OHKO Clause: OHKO moves are banned\n|rule|Evasion Items Clause: Evasion items are banned\n|rule|Evasion Moves Clause: Evasion moves are banned\n|rule|Endless Battle Clause: Forcing endless battles is banned\n|rule|HP Percentage Mod: HP is shown in percentages\n|clearpoke\n|poke|p1|Gliscor, M|\n|poke|p2|Dialga|\n|poke|p2|Fuecoco, F|\n|teampreview\n|\n|t:|1698464423\n|start\n|switch|p1a: Gliscor|Gliscor, M|100\/100\n|switch|p2a: Fuecoco|Fuecoco, F|100\/100\n|turn|1\n|\n|t:|1698464432\n|move|p1a: Gliscor|Toxic Spikes|p2a: Fuecoco\n|-sidestart|p2: slainey|move: Toxic Spikes\n|move|p2a: Fuecoco|Curse|p2a: Fuecoco\n|-unboost|p2a: Fuecoco|spe|1\n|-boost|p2a: Fuecoco|atk|1\n|-boost|p2a: Fuecoco|def|1\n|\n|-status|p1a: Gliscor|tox|[from] item: Toxic Orb\n|upkeep\n|turn|2\n|\n|t:|1698464436\n|switch|p2a: Dialga|Dialga|100\/100\n|-ability|p2a: Dialga|Pressure\n|move|p1a: Gliscor|Toxic|p2a: Dialga\n|-immune|p2a: Dialga\n|\n|upkeep\n|turn|3\n|-message|sub to chompy forfeited.\n|\n|win|slainey\n|l|\u2606sub to chompy\n","uploadtime":1698464442,"views":16,"p1id":"subtochompy","p2id":"slainey","formatid":"gen9ubers","rating":0,"private":0,"password":""}