{"id":"gen9ubers-1979608715","p1":"AlastorTheOverLord","p2":"SinnerofGod","format":"[Gen 9] Ubers","log":"|j|\u2606AlastorTheOverLord\n|j|\u2606SinnerofGod\n|t:|1698696332\n|gametype|singles\n|player|p1|AlastorTheOverLord|n|1042\n|player|p2|SinnerofGod|richboy-gen4|1153\n|teamsize|p1|6\n|teamsize|p2|1\n|gen|9\n|tier|[Gen 9] Ubers\n|rated|\n|rule|Sleep Clause Mod: Limit one foe put to sleep\n|rule|Species Clause: Limit one of each Pok\u00e9mon\n|rule|OHKO Clause: OHKO moves are banned\n|rule|Evasion Items Clause: Evasion items are banned\n|rule|Evasion Moves Clause: Evasion moves are banned\n|rule|Endless Battle Clause: Forcing endless battles is banned\n|rule|HP Percentage Mod: HP is shown in percentages\n|clearpoke\n|poke|p1|Skeledirge, M|\n|poke|p1|Garganacl, M|\n|poke|p1|Lokix, M|\n|poke|p1|Scream Tail|\n|poke|p1|Noivern, M|\n|poke|p1|Chien-Pao|\n|poke|p2|Koraidon|\n|teampreview\n|inactive|Battle timer is ON: inactive players will automatically lose when time's up. (requested by AlastorTheOverLord)\n|inactive|SinnerofGod has 120 seconds left.\n|\n|t:|1698696398\n|start\n|switch|p1a: Chien-Pao|Chien-Pao|100\/100\n|switch|p2a: Koraidon|Koraidon|100\/100\n|-ability|p1a: Chien-Pao|Sword of Ruin\n|-weather|SunnyDay|[from] ability: Orichalcum Pulse|[of] p2a: Koraidon\n|-activate|p2a: Koraidon|Orichalcum Pulse|[source]\n|turn|1\n|\n|t:|1698696411\n|move|p1a: Chien-Pao|Ice Spinner|p2a: Koraidon\n|-supereffective|p2a: Koraidon\n|-damage|p2a: Koraidon|0 fnt\n|faint|p2a: Koraidon\n|\n|win|AlastorTheOverLord\n|raw|AlastorTheOverLord's rating: 1042 &rarr; <strong>1086<\/strong><br \/>(+44 for winning)\n|raw|SinnerofGod's rating: 1153 &rarr; <strong>1120<\/strong><br \/>(-33 for losing)\n","uploadtime":1698696414,"views":17,"p1id":"alastortheoverlord","p2id":"sinnerofgod","formatid":"gen9ubers","rating":1086,"private":0,"password":""}