{"id":"gen9ubers-1974537563","p1":"superiax","p2":"quimp","format":"[Gen 9] Ubers","log":"|j|\u2606superiax\n|j|\u2606quimp\n|t:|1698095325\n|gametype|singles\n|player|p1|superiax|whitney|1266\n|player|p2|quimp|caitlin|1375\n|teamsize|p1|6\n|teamsize|p2|6\n|gen|9\n|tier|[Gen 9] Ubers\n|rated|\n|rule|Sleep Clause Mod: Limit one foe put to sleep\n|rule|Species Clause: Limit one of each Pok\u00e9mon\n|rule|OHKO Clause: OHKO moves are banned\n|rule|Evasion Items Clause: Evasion items are banned\n|rule|Evasion Moves Clause: Evasion moves are banned\n|rule|Endless Battle Clause: Forcing endless battles is banned\n|rule|HP Percentage Mod: HP is shown in percentages\n|clearpoke\n|poke|p1|Iron Bundle|\n|poke|p1|Magearna|\n|poke|p1|Ninetales-Alola, F|\n|poke|p1|Kingambit, M|\n|poke|p1|Iron Moth|\n|poke|p1|Ursaluna-Bloodmoon, M|\n|poke|p2|Arceus-Ground|\n|poke|p2|Kyogre|\n|poke|p2|Zacian-*|\n|poke|p2|Koraidon|\n|poke|p2|Miraidon|\n|poke|p2|Eternatus|\n|teampreview\n|inactive|Battle timer is ON: inactive players will automatically lose when time's up. (requested by superiax)\n|\n|t:|1698095349\n|start\n|switch|p1a: Catwoman|Ninetales-Alola, F, shiny|100\/100\n|switch|p2a: Arceus|Arceus-Ground|100\/100\n|-weather|Snow|[from] ability: Snow Warning|[of] p1a: Catwoman\n|turn|1\n|\n|t:|1698095358\n|move|p1a: Catwoman|Aurora Veil|p1a: Catwoman\n|-sidestart|p1: superiax|move: Aurora Veil\n|move|p2a: Arceus|Taunt|p1a: Catwoman\n|-start|p1a: Catwoman|move: Taunt\n|\n|-weather|Snow|[upkeep]\n|upkeep\n|turn|2\n|\n|t:|1698095373\n|switch|p2a: Eternatus|Eternatus|100\/100\n|-ability|p2a: Eternatus|Pressure\n|move|p1a: Catwoman|Freeze-Dry|p2a: Eternatus\n|-supereffective|p2a: Eternatus\n|-damage|p2a: Eternatus|73\/100\n|\n|-weather|Snow|[upkeep]\n|upkeep\n|turn|3\n|\n|t:|1698095386\n|switch|p1a: Harley Quinn|Magearna|100\/100\n|move|p2a: Eternatus|Toxic|p1a: Harley Quinn\n|-immune|p1a: Harley Quinn\n|\n|-weather|Snow|[upkeep]\n|upkeep\n|turn|4\n|\n|t:|1698095394\n|move|p2a: Eternatus|Flamethrower|p1a: Harley Quinn\n|-supereffective|p1a: Harley Quinn\n|-damage|p1a: Harley Quinn|75\/100\n|-enditem|p1a: Harley Quinn|Weakness Policy\n|-boost|p1a: Harley Quinn|atk|2|[from] item: Weakness Policy\n|-boost|p1a: Harley Quinn|spa|2|[from] item: Weakness Policy\n|move|p1a: Harley Quinn|Iron Defense|p1a: Harley Quinn\n|-boost|p1a: Harley Quinn|def|2\n|\n|-weather|Snow|[upkeep]\n|upkeep\n|turn|5\n|-message|quimp forfeited.\n|\n|win|superiax\n|raw|superiax's rating: 1266 &rarr; <strong>1299<\/strong><br \/>(+33 for winning)\n|raw|quimp's rating: 1375 &rarr; <strong>1349<\/strong><br \/>(-26 for losing)\n|l|\u2606quimp\n|c|\u2606superiax|hehe\n","uploadtime":1698095411,"views":8,"p1id":"superiax","p2id":"quimp","formatid":"gen9ubers","rating":1299,"private":0,"password":""}