{"id":"gen9ubers-1988146018","p1":"happysh","p2":"Abubakrcl7","format":"[Gen 9] Ubers","log":"|j|\u2606happysh\n|j|\u2606Abubakrcl7\n|inactive|Battle timer is ON: inactive players will automatically lose when time's up.\n|t:|1699675414\n|gametype|singles\n|player|p1|happysh|baker|\n|player|p2|Abubakrcl7|red|\n|teamsize|p1|3\n|teamsize|p2|3\n|gen|9\n|tier|[Gen 9] Ubers\n|rated|Tournament battle\n|rule|Sleep Clause Mod: Limit one foe put to sleep\n|rule|Species Clause: Limit one of each Pok\u00e9mon\n|rule|OHKO Clause: OHKO moves are banned\n|rule|Evasion Items Clause: Evasion items are banned\n|rule|Evasion Moves Clause: Evasion moves are banned\n|rule|Endless Battle Clause: Forcing endless battles is banned\n|rule|HP Percentage Mod: HP is shown in percentages\n|rule|Terastal Clause: You cannot Terastallize\n|clearpoke\n|poke|p1|Mimikyu, M|\n|poke|p1|Groudon|\n|poke|p1|Arceus|\n|poke|p2|Koraidon|\n|poke|p2|Donphan, M|\n|poke|p2|Iron Bundle|\n|teampreview|1\n|j|*Lady Monita \u263d\n|inactive|happysh also wants the timer to be on.\n|c|\u2606Abubakrcl7|glhf\n|\n|t:|1699675422\n|start\n|switch|p1a: Mimikyu|Mimikyu, M|100\/100\n|switch|p2a: Donphan|Donphan, M, shiny|100\/100\n|turn|1\n|\n|t:|1699675427\n|move|p1a: Mimikyu|Substitute|p1a: Mimikyu\n|-start|p1a: Mimikyu|Substitute\n|-damage|p1a: Mimikyu|75\/100\n|move|p2a: Donphan|Earthquake|p1a: Mimikyu\n|-end|p1a: Mimikyu|Substitute\n|\n|upkeep\n|turn|2\n|\n|t:|1699675433\n|move|p1a: Mimikyu|Curse|p2a: Donphan\n|-start|p2a: Donphan|Curse|[of] p1a: Mimikyu\n|-damage|p1a: Mimikyu|25\/100\n|move|p2a: Donphan|Earthquake|p1a: Mimikyu\n|-activate|p1a: Mimikyu|ability: Disguise\n|-damage|p1a: Mimikyu|25\/100\n|detailschange|p1a: Mimikyu|Mimikyu-Busted, M\n|-damage|p1a: Mimikyu|13\/100|[from] pokemon: Mimikyu-Busted\n|\n|-damage|p2a: Donphan|76\/100|[from] Curse\n|upkeep\n|turn|3\n|-enditem|p1a: Mimikyu|Custap Berry|[eat]\n|-activate|p1a: Mimikyu|item: Custap Berry|[consumed]\n|\n|t:|1699675436\n|move|p1a: Mimikyu|Protect|p1a: Mimikyu\n|-singleturn|p1a: Mimikyu|Protect\n|move|p2a: Donphan|Earthquake|p1a: Mimikyu\n|-activate|p1a: Mimikyu|move: Protect\n|\n|-damage|p2a: Donphan|51\/100|[from] Curse\n|upkeep\n|turn|4\n|\n|t:|1699675441\n|move|p2a: Donphan|Ice Shard|p1a: Mimikyu\n|-damage|p1a: Mimikyu|0 fnt\n|faint|p1a: Mimikyu\n|\n|win|Abubakrcl7\n|n|\u2606happysh|happysh\n|n|\u2606Abubakrcl7|abubakrcl7\n|n|*Lady Monita \u263d|ladymonita\n","uploadtime":1699675443,"views":5,"p1id":"happysh","p2id":"abubakrcl7","formatid":"gen9ubers","rating":0,"private":0,"password":""}