{"id":"gen9ubers-1981774162","p1":"otmooper12","p2":"felpsss_2","format":"[Gen 9] Ubers","log":"|j|\u2606otmooper12\n|j|\u2606felpsss_2\n|t:|1698940602\n|gametype|singles\n|player|p1|otmooper12|carmine|1000\n|player|p2|felpsss_2|169|1000\n|teamsize|p1|1\n|teamsize|p2|2\n|gen|9\n|tier|[Gen 9] Ubers\n|rated|\n|rule|Sleep Clause Mod: Limit one foe put to sleep\n|rule|Species Clause: Limit one of each Pok\u00e9mon\n|rule|OHKO Clause: OHKO moves are banned\n|rule|Evasion Items Clause: Evasion items are banned\n|rule|Evasion Moves Clause: Evasion moves are banned\n|rule|Endless Battle Clause: Forcing endless battles is banned\n|rule|HP Percentage Mod: HP is shown in percentages\n|clearpoke\n|poke|p1|Zacian-*|\n|poke|p2|Gengar, M|\n|poke|p2|Rayquaza|\n|teampreview\n|\n|t:|1698940609\n|start\n|switch|p1a: Zacian|Zacian-Crowned|100\/100\n|switch|p2a: Gengar|Gengar, M|100\/100\n|-ability|p1a: Zacian|Intrepid Sword|boost\n|-boost|p1a: Zacian|atk|1\n|turn|1\n|\n|t:|1698940621\n|move|p1a: Zacian|Behemoth Blade|p2a: Gengar\n|-damage|p2a: Gengar|0 fnt\n|-start|p1a: Zacian|Disable|Behemoth Blade|[from] ability: Cursed Body|[of] p2a: Gengar\n|faint|p2a: Gengar\n|\n|upkeep\n|\n|t:|1698940630\n|switch|p2a: Rayquaza|Rayquaza|100\/100\n|-ability|p2a: Rayquaza|Air Lock\n|turn|2\n|inactive|Battle timer is ON: inactive players will automatically lose when time's up. (requested by felpsss_2)\n|\n|t:|1698940653\n|move|p1a: Zacian|Play Rough|p2a: Rayquaza\n|-supereffective|p2a: Rayquaza\n|-damage|p2a: Rayquaza|0 fnt\n|faint|p2a: Rayquaza\n|\n|win|otmooper12\n|raw|otmooper12's rating: 1000 &rarr; <strong>1040<\/strong><br \/>(+40 for winning)\n|raw|felpsss_2's rating: 1000 &rarr; <strong>1000<\/strong><br \/>(+0 for losing)\n","uploadtime":1698940660,"views":18,"p1id":"otmooper12","p2id":"felpsss2","formatid":"gen9ubers","rating":1000,"private":0,"password":""}