{"id":"gen9ubers-1988103445","p1":"SnomTM","p2":"WARIOROFLIBERATION","format":"[Gen 9] Ubers","log":"|j|\u2606SnomTM\n|j|\u2606WARIOROFLIBERATION\n|t:|1699669921\n|gametype|singles\n|player|p1|SnomTM|steven|1263\n|player|p2|WARIOROFLIBERATION|red|1490\n|teamsize|p1|6\n|teamsize|p2|6\n|gen|9\n|tier|[Gen 9] Ubers\n|rated|\n|rule|Sleep Clause Mod: Limit one foe put to sleep\n|rule|Species Clause: Limit one of each Pok\u00e9mon\n|rule|OHKO Clause: OHKO moves are banned\n|rule|Evasion Items Clause: Evasion items are banned\n|rule|Evasion Moves Clause: Evasion moves are banned\n|rule|Endless Battle Clause: Forcing endless battles is banned\n|rule|HP Percentage Mod: HP is shown in percentages\n|clearpoke\n|poke|p1|Hatterene, F|\n|poke|p1|Miraidon|\n|poke|p1|Iron Treads|\n|poke|p1|Toxapex, M|\n|poke|p1|Chien-Pao|\n|poke|p1|Dragonite, F|\n|poke|p2|Ribombee, M|\n|poke|p2|Annihilape, M|\n|poke|p2|Arceus|\n|poke|p2|Landorus, M|\n|poke|p2|Volcarona, M|\n|poke|p2|Dialga-Origin|\n|teampreview\n|inactive|Battle timer is ON: inactive players will automatically lose when time's up. (requested by SnomTM)\n|\n|t:|1699669950\n|start\n|switch|p1a: Iron Treads|Iron Treads|100\/100\n|switch|p2a: Ribombee|Ribombee, M, shiny|100\/100\n|turn|1\n|j| orcaman425\n|\n|t:|1699669958\n|-end|p1a: Iron Treads|Quark Drive|[silent]\n|switch|p1a: Hatterene|Hatterene, F, shiny|100\/100\n|move|p2a: Ribombee|Reflect|p2a: Ribombee\n|-sidestart|p2: WARIOROFLIBERATION|Reflect\n|\n|upkeep\n|turn|2\n|l| orcaman425\n|\n|t:|1699669968\n|move|p2a: Ribombee|Light Screen|p2a: Ribombee\n|-sidestart|p2: WARIOROFLIBERATION|move: Light Screen\n|move|p1a: Hatterene|Psyshock|p2a: Ribombee\n|-damage|p2a: Ribombee|70\/100\n|\n|upkeep\n|turn|3\n|inactive|WARIOROFLIBERATION has 120 seconds left.\n|\n|t:|1699670005\n|switch|p2a: Annihilape|Annihilape, M, shiny|100\/100\n|move|p1a: Hatterene|Calm Mind|p1a: Hatterene\n|-boost|p1a: Hatterene|spa|1\n|-boost|p1a: Hatterene|spd|1\n|\n|upkeep\n|turn|4\n|inactive|WARIOROFLIBERATION has 120 seconds left.\n|\n|t:|1699670024\n|move|p2a: Annihilape|Bulk Up|p2a: Annihilape\n|-boost|p2a: Annihilape|atk|1\n|-boost|p2a: Annihilape|def|1\n|move|p1a: Hatterene|Psyshock|p2a: Annihilape\n|-supereffective|p2a: Annihilape\n|-damage|p2a: Annihilape|66\/100\n|\n|-heal|p2a: Annihilape|72\/100|[from] item: Leftovers\n|upkeep\n|turn|5\n|inactive|WARIOROFLIBERATION has 120 seconds left.\n|inactive|SnomTM has 120 seconds left.\n|\n|t:|1699670054\n|move|p2a: Annihilape|Rage Fist|p1a: Hatterene\n|-supereffective|p1a: Hatterene\n|-damage|p1a: Hatterene|0 fnt\n|faint|p1a: Hatterene\n|\n|-heal|p2a: Annihilape|79\/100|[from] item: Leftovers\n|upkeep\n|\n|t:|1699670057\n|switch|p1a: Toxapex|Toxapex, M, shiny|100\/100\n|turn|6\n|\n|t:|1699670062\n|move|p2a: Annihilape|Taunt|p1a: Toxapex\n|-start|p1a: Toxapex|move: Taunt\n|cant|p1a: Toxapex|move: Taunt|Haze\n|\n|-heal|p2a: Annihilape|85\/100|[from] item: Leftovers\n|upkeep\n|turn|7\n|\n|t:|1699670070\n|move|p2a: Annihilape|Bulk Up|p2a: Annihilape\n|-boost|p2a: Annihilape|atk|1\n|-boost|p2a: Annihilape|def|1\n|move|p1a: Toxapex|Chilling Water|p2a: Annihilape\n|-damage|p2a: Annihilape|80\/100\n|-unboost|p2a: Annihilape|atk|1\n|-ability|p2a: Annihilape|Defiant|boost\n|-boost|p2a: Annihilape|atk|2\n|\n|-heal|p2a: Annihilape|86\/100|[from] item: Leftovers\n|upkeep\n|turn|8\n|-message|SnomTM forfeited.\n|\n|win|WARIOROFLIBERATION\n|raw|SnomTM's rating: 1263 &rarr; <strong>1252<\/strong><br \/>(-11 for losing)\n|raw|WARIOROFLIBERATION's rating: 1490 &rarr; <strong>1499<\/strong><br \/>(+9 for winning)\n|l|\u2606SnomTM\n","uploadtime":1699670090,"views":7,"p1id":"snomtm","p2id":"wariorofliberation","formatid":"gen9ubers","rating":1252,"private":0,"password":""}