{"id":"gen9ubers-1978745203","p1":"spcplayzz","p2":"RUMYMOME","format":"[Gen 9] Ubers","log":"|j|\u2606spcplayzz\n|j|\u2606RUMYMOME\n|inactive|Battle timer is ON: inactive players will automatically lose when time's up.\n|t:|1698590049\n|gametype|singles\n|player|p1|spcplayzz|fantina|\n|player|p2|RUMYMOME|marshal|\n|teamsize|p1|6\n|teamsize|p2|6\n|gen|9\n|tier|[Gen 9] Ubers\n|rated|Tournament battle\n|rule|Sleep Clause Mod: Limit one foe put to sleep\n|rule|Species Clause: Limit one of each Pok\u00e9mon\n|rule|OHKO Clause: OHKO moves are banned\n|rule|Evasion Items Clause: Evasion items are banned\n|rule|Evasion Moves Clause: Evasion moves are banned\n|rule|Endless Battle Clause: Forcing endless battles is banned\n|rule|HP Percentage Mod: HP is shown in percentages\n|rule|Terastal Clause: You cannot Terastallize\n|rule|1 Ability Clause: Limit 1 of each ability\n|clearpoke\n|poke|p1|Kingambit, M|\n|poke|p1|Miraidon|\n|poke|p1|Ting-Lu|\n|poke|p1|Skeledirge, F|\n|poke|p1|Corviknight, M|\n|poke|p1|Flutter Mane|\n|poke|p2|Hariyama, M|\n|poke|p2|Arceus-Steel|\n|poke|p2|Calyrex-Shadow|\n|poke|p2|Magearna|\n|poke|p2|Palkia|\n|poke|p2|Zacian-*|\n|teampreview\n|j|*Lady Monita \u263d\n|inactive|spcplayzz also wants the timer to be on.\n|c|\u2606spcplayzz|glhf\n|c|\u2606spcplayzz|o god\n|c|\u2606RUMYMOME|Glhf\n|inactive|spcplayzz has 120 seconds left.\n|c|\u2606spcplayzz|triage haunts me\n|\n|t:|1698590108\n|start\n|switch|p1a: Ting-Lu|Ting-Lu|100\/100\n|switch|p2a: Hariyama|Hariyama, M|100\/100\n|turn|1\n|\n|t:|1698590126\n|switch|p1a: Skeledirge|Skeledirge, F|100\/100\n|move|p2a: Hariyama|Belly Drum|p2a: Hariyama\n|-damage|p2a: Hariyama|51\/100\n|-setboost|p2a: Hariyama|atk|6|[from] move: Belly Drum\n|\n|upkeep\n|turn|2\n|\n|t:|1698590132\n|move|p2a: Hariyama|Bullet Punch|p1a: Skeledirge\n|-resisted|p1a: Skeledirge\n|-damage|p1a: Skeledirge|96\/100\n|move|p1a: Skeledirge|Will-O-Wisp|p2a: Hariyama\n|-status|p2a: Hariyama|brn\n|\n|-damage|p2a: Hariyama|45\/100 brn|[from] brn\n|upkeep\n|-enditem|p2a: Hariyama|Sitrus Berry|[eat]\n|-heal|p2a: Hariyama|69\/100 brn|[from] item: Sitrus Berry\n|turn|3\n|c|\u2606spcplayzz|nvm\n|\n|t:|1698590143\n|switch|p2a: Magearna|Magearna|100\/100\n|move|p1a: Skeledirge|Hex|p2a: Magearna\n|-damage|p2a: Magearna|76\/100\n|\n|upkeep\n|turn|4\n|\n|t:|1698590152\n|switch|p2a: Zacian|Zacian-Crowned|100\/100\n|-ability|p2a: Zacian|Intrepid Sword|boost\n|-boost|p2a: Zacian|atk|1\n|move|p1a: Skeledirge|Torch Song|p2a: Zacian\n|-supereffective|p2a: Zacian\n|-damage|p2a: Zacian|44\/100\n|-boost|p1a: Skeledirge|spa|1\n|\n|upkeep\n|turn|5\n|-message|RUMYMOME forfeited.\n|\n|win|spcplayzz\n|n|\u2606spcplayzz|spcplayzz\n|n|\u2606RUMYMOME|rumymome\n|n|*Lady Monita \u263d|ladymonita\n","uploadtime":1698590165,"views":6,"p1id":"spcplayzz","p2id":"rumymome","formatid":"gen9ubers","rating":0,"private":0,"password":""}