{"id":"gen9ubers-1984139445","p1":"Harlequin_o7","p2":"Josuerdmf","format":"[Gen 9] Ubers","log":"|j|\u2606Harlequin_o7\n|j|\u2606Josuerdmf\n|inactive|Battle timer is ON: inactive players will automatically lose when time's up.\n|t:|1699222786\n|gametype|singles\n|player|p1|Harlequin_o7|red-gen1main|\n|player|p2|Josuerdmf|preschoolerf|\n|teamsize|p1|3\n|teamsize|p2|3\n|gen|9\n|tier|[Gen 9] Ubers\n|rated|Tournament battle\n|rule|Sleep Clause Mod: Limit one foe put to sleep\n|rule|Species Clause: Limit one of each Pok\u00e9mon\n|rule|OHKO Clause: OHKO moves are banned\n|rule|Evasion Items Clause: Evasion items are banned\n|rule|Evasion Moves Clause: Evasion moves are banned\n|rule|Endless Battle Clause: Forcing endless battles is banned\n|rule|HP Percentage Mod: HP is shown in percentages\n|rule|Terastal Clause: You cannot Terastallize\n|clearpoke\n|poke|p1|Arceus-Water|\n|poke|p1|Chi-Yu|\n|poke|p1|Eternatus|\n|poke|p2|Grimmsnarl, M|\n|poke|p2|Rillaboom, M|\n|poke|p2|Dragonite, M|\n|teampreview|1\n|j|*Lady Monita \u263d\n|inactive|Harlequin_o7 also wants the timer to be on.\n|\n|t:|1699222798\n|start\n|switch|p1a: Eternatus|Eternatus|100\/100\n|switch|p2a: Dragonite|Dragonite, M|100\/100\n|-ability|p1a: Eternatus|Pressure\n|turn|1\n|\n|t:|1699222803\n|move|p1a: Eternatus|Dynamax Cannon|p2a: Dragonite\n|-supereffective|p2a: Dragonite\n|-damage|p2a: Dragonite|36\/100\n|-damage|p1a: Eternatus|91\/100|[from] item: Life Orb\n|move|p2a: Dragonite|Dragon Dance|p2a: Dragonite\n|-boost|p2a: Dragonite|atk|1\n|-boost|p2a: Dragonite|spe|1\n|\n|upkeep\n|turn|2\n|\n|t:|1699222809\n|move|p2a: Dragonite|Outrage|p1a: Eternatus\n|-supereffective|p1a: Eternatus\n|-damage|p1a: Eternatus|0 fnt\n|faint|p1a: Eternatus\n|\n|win|Josuerdmf\n|n|\u2606Harlequin_o7|harlequino7\n|n|\u2606Josuerdmf|josuerdmf\n|n|*Lady Monita \u263d|ladymonita\n","uploadtime":1699222825,"views":3,"p1id":"harlequino7","p2id":"josuerdmf","formatid":"gen9ubers","rating":0,"private":0,"password":""}