{"id":"gen9ubers-1969578025","p1":"Queen Akane","p2":"JayoticNL","format":"[Gen 9] Ubers","log":"|j|\u203dQueen Akane\n|j|\u2606JayoticNL\n|t:|1697548922\n|gametype|singles\n|player|p1|Queen Akane|1|1000\n|player|p2|JayoticNL|emmet|1000\n|teamsize|p1|6\n|teamsize|p2|1\n|gen|9\n|tier|[Gen 9] Ubers\n|rated|\n|rule|Sleep Clause Mod: Limit one foe put to sleep\n|rule|Species Clause: Limit one of each Pok\u00e9mon\n|rule|OHKO Clause: OHKO moves are banned\n|rule|Evasion Items Clause: Evasion items are banned\n|rule|Evasion Moves Clause: Evasion moves are banned\n|rule|Endless Battle Clause: Forcing endless battles is banned\n|rule|HP Percentage Mod: HP is shown in percentages\n|clearpoke\n|poke|p1|Pelipper, F|\n|poke|p1|Clodsire, F|\n|poke|p1|Dudunsparce-*, M|\n|poke|p1|Corviknight, F|\n|poke|p1|Scovillain, F|\n|poke|p1|Forretress, M|\n|poke|p2|Ursaluna-Bloodmoon, M|\n|teampreview\n|\n|t:|1697548930\n|start\n|switch|p1a: Pelipper|Pelipper, F|100\/100\n|switch|p2a: Ursaluna|Ursaluna-Bloodmoon, M|100\/100\n|-weather|RainDance|[from] ability: Drizzle|[of] p1a: Pelipper\n|turn|1\n|\n|t:|1697548947\n|move|p2a: Ursaluna|Blood Moon|p1a: Pelipper\n|-damage|p1a: Pelipper|20\/100\n|move|p1a: Pelipper|Knock Off|p2a: Ursaluna\n|-damage|p2a: Ursaluna|93\/100\n|-enditem|p2a: Ursaluna|Choice Scarf|[from] move: Knock Off|[of] p1a: Pelipper\n|\n|-weather|RainDance|[upkeep]\n|upkeep\n|turn|2\n|-message|JayoticNL forfeited.\n|\n|win|Queen Akane\n|raw|Queen Akane's rating: 1000 &rarr; <strong>1040<\/strong><br \/>(+40 for winning)\n|raw|JayoticNL's rating: 1000 &rarr; <strong>1000<\/strong><br \/>(+0 for losing)\n|l|\u2606JayoticNL\n","uploadtime":1697549020,"views":11,"p1id":"queenakane","p2id":"jayoticnl","formatid":"gen9ubers","rating":1000,"private":0,"password":""}