{"id":"gen9ubers-1976617445","p1":"greilashton","p2":"Anne Frankkkk","format":"[Gen 9] Ubers","log":"|j|\u2606greilashton\n|j|\u2606Anne Frankkkk\n|t:|1698327643\n|gametype|singles\n|player|p1|greilashton|266|1111\n|player|p2|Anne Frankkkk|hilbert|1149\n|teamsize|p1|6\n|teamsize|p2|6\n|gen|9\n|tier|[Gen 9] Ubers\n|rated|\n|rule|Sleep Clause Mod: Limit one foe put to sleep\n|rule|Species Clause: Limit one of each Pok\u00e9mon\n|rule|OHKO Clause: OHKO moves are banned\n|rule|Evasion Items Clause: Evasion items are banned\n|rule|Evasion Moves Clause: Evasion moves are banned\n|rule|Endless Battle Clause: Forcing endless battles is banned\n|rule|HP Percentage Mod: HP is shown in percentages\n|clearpoke\n|poke|p1|Baxcalibur, F|\n|poke|p1|Gliscor, M|\n|poke|p1|Chi-Yu|\n|poke|p1|Ursaluna-Bloodmoon, M|\n|poke|p1|Palafin, M|\n|poke|p1|Manaphy|\n|poke|p2|Iron Hands|\n|poke|p2|Kyogre|\n|poke|p2|Chien-Pao|\n|poke|p2|Ribombee, F|\n|poke|p2|Miraidon|\n|poke|p2|Flutter Mane|\n|teampreview\n|\n|t:|1698327648\n|start\n|switch|p1a: Baxcalibur|Baxcalibur, F|100\/100\n|switch|p2a: Moonblast|Ribombee, F, shiny|100\/100\n|turn|1\n|inactive|Battle timer is ON: inactive players will automatically lose when time's up. (requested by Anne Frankkkk)\n|-message|greilashton forfeited.\n|\n|win|Anne Frankkkk\n|raw|greilashton's rating: 1111 &rarr; <strong>1089<\/strong><br \/>(-22 for losing)\n|raw|Anne Frankkkk's rating: 1149 &rarr; <strong>1171<\/strong><br \/>(+22 for winning)\n|l|\u2606greilashton\n","uploadtime":1698327661,"views":11,"p1id":"greilashton","p2id":"annefrankkkk","formatid":"gen9ubers","rating":1089,"private":0,"password":""}