{"id":"gen9ubers-1978968252","p1":"RUMYMOME","p2":"Modulo SM","format":"[Gen 9] Ubers","log":"|j|\u2606RUMYMOME\n|j|\u2606Modulo SM\n|inactive|Battle timer is ON: inactive players will automatically lose when time's up.\n|t:|1698615774\n|gametype|singles\n|player|p1|RUMYMOME|marshal|\n|player|p2|Modulo SM|drayden|\n|teamsize|p1|3\n|teamsize|p2|3\n|gen|9\n|tier|[Gen 9] Ubers\n|rated|Tournament battle\n|rule|Sleep Clause Mod: Limit one foe put to sleep\n|rule|Species Clause: Limit one of each Pok\u00e9mon\n|rule|OHKO Clause: OHKO moves are banned\n|rule|Evasion Items Clause: Evasion items are banned\n|rule|Evasion Moves Clause: Evasion moves are banned\n|rule|Endless Battle Clause: Forcing endless battles is banned\n|rule|HP Percentage Mod: HP is shown in percentages\n|rule|Terastal Clause: You cannot Terastallize\n|clearpoke\n|poke|p1|Koraidon|\n|poke|p1|Zacian-*|\n|poke|p1|Miraidon|\n|poke|p2|Miraidon|\n|poke|p2|Zacian-*|\n|poke|p2|Calyrex-Ice|\n|teampreview|1\n|j|*Lady Monita \u263d\n|\n|t:|1698615784\n|start\n|switch|p1a: Koraidon|Koraidon|100\/100\n|switch|p2a: Calyrex|Calyrex-Ice|100\/100\n|-ability|p2a: Calyrex|As One\n|-ability|p2a: Calyrex|Unnerve\n|-weather|SunnyDay|[from] ability: Orichalcum Pulse|[of] p1a: Koraidon\n|-activate|p1a: Koraidon|Orichalcum Pulse|[source]\n|turn|1\n|\n|t:|1698615788\n|move|p1a: Koraidon|Flare Blitz|p2a: Calyrex\n|-supereffective|p2a: Calyrex\n|-damage|p2a: Calyrex|0 fnt\n|faint|p2a: Calyrex\n|-damage|p1a: Koraidon|61\/100|[from] Recoil\n|\n|win|RUMYMOME\n|n|\u2606RUMYMOME|rumymome\n|n|\u2606Modulo SM|modulosm\n|n|*Lady Monita \u263d|ladymonita\n","uploadtime":1698615789,"views":6,"p1id":"rumymome","p2id":"modulosm","formatid":"gen9ubers","rating":0,"private":0,"password":""}