{"id":"gen9ubers-1991292598","p1":"Eli 247","p2":"mystori_","format":"[Gen 9] Ubers","log":"|j|\u2606Eli 247\n|j|\u2606mystori_\n|t:|1700064919\n|gametype|singles\n|player|p1|Eli 247|swimmerf-gen4|1000\n|player|p2|mystori_|shauntal|1032\n|teamsize|p1|6\n|teamsize|p2|6\n|gen|9\n|tier|[Gen 9] Ubers\n|rated|\n|rule|Sleep Clause Mod: Limit one foe put to sleep\n|rule|Species Clause: Limit one of each Pok\u00e9mon\n|rule|OHKO Clause: OHKO moves are banned\n|rule|Evasion Items Clause: Evasion items are banned\n|rule|Evasion Moves Clause: Evasion moves are banned\n|rule|Endless Battle Clause: Forcing endless battles is banned\n|rule|HP Percentage Mod: HP is shown in percentages\n|clearpoke\n|poke|p1|Ogerpon-Wellspring, F|\n|poke|p1|Gliscor, F|\n|poke|p1|Urshifu-*, M|\n|poke|p1|Goodra-Hisui, F|\n|poke|p1|Hydreigon, M|\n|poke|p1|Basculegion-F, F|\n|poke|p2|Lucario, M|\n|poke|p2|Floatzel, F|\n|poke|p2|Sandslash, M|\n|poke|p2|Zoroark, F|\n|poke|p2|Kingambit, M|\n|poke|p2|Tinkaton, F|\n|teampreview\n|inactive|Battle timer is ON: inactive players will automatically lose when time's up. (requested by mystori_)\n|\n|t:|1700064942\n|start\n|switch|p1a: Ogerpon|Ogerpon-Wellspring, F|100\/100\n|switch|p2a: Tails|Floatzel, F|100\/100\n|turn|1\n|\n|t:|1700064950\n|move|p2a: Tails|Flip Turn|p1a: Ogerpon\n|-immune|p1a: Ogerpon|[from] ability: Water Absorb\n|move|p1a: Ogerpon|Swords Dance|p1a: Ogerpon\n|-boost|p1a: Ogerpon|atk|2\n|\n|upkeep\n|turn|2\n|c|\u2606mystori_|i forgor\n|c|\u2606Eli 247|Yeah\n|c|\u2606Eli 247|I have too\n|inactive|Eli 247 has 120 seconds left.\n|\n|t:|1700065004\n|move|p2a: Tails|Metronome|p2a: Tails\n|move|p2a: Tails|Shell Smash|p2a: Tails|[from]move: Metronome\n|-unboost|p2a: Tails|def|1\n|-unboost|p2a: Tails|spd|1\n|-boost|p2a: Tails|atk|2\n|-boost|p2a: Tails|spa|2\n|-boost|p2a: Tails|spe|2\n|move|p1a: Ogerpon|Horn Leech|p2a: Tails\n|-supereffective|p2a: Tails\n|-damage|p2a: Tails|0 fnt\n|faint|p2a: Tails\n|\n|upkeep\n|\n|t:|1700065022\n|switch|p2a: Amy|Tinkaton, F, shiny|100\/100\n|-ability|p2a: Amy|Mold Breaker\n|turn|3\n|\n|t:|1700065047\n|move|p2a: Amy|Fake Out|p1a: Ogerpon\n|-damage|p1a: Ogerpon|88\/100\n|cant|p1a: Ogerpon|flinch\n|\n|upkeep\n|turn|4\n|\n|t:|1700065057\n|move|p1a: Ogerpon|Ivy Cudgel|p2a: Amy|[anim] Ivy Cudgel Water\n|-damage|p2a: Amy|0 fnt\n|faint|p2a: Amy\n|\n|upkeep\n|\n|t:|1700065064\n|switch|p2a: Sonic|Lucario, M|100\/100\n|turn|5\n|\n|t:|1700065077\n|move|p1a: Ogerpon|Ivy Cudgel|p2a: Sonic|[anim] Ivy Cudgel Water\n|-damage|p2a: Sonic|0 fnt\n|replace|p2a: Shadow|Zoroark, F\n|-end|p2a: Shadow|Illusion\n|faint|p2a: Shadow\n|\n|upkeep\n|\n|t:|1700065082\n|switch|p2a: Sonic|Lucario, M|100\/100\n|turn|6\n|inactive|Eli 247 has 120 seconds left.\n|\n|t:|1700065088\n|move|p1a: Ogerpon|Ivy Cudgel|p2a: Sonic|[anim] Ivy Cudgel Water\n|-crit|p2a: Sonic\n|-damage|p2a: Sonic|0 fnt\n|faint|p2a: Sonic\n|\n|upkeep\n|-message|mystori_ forfeited.\n|\n|win|Eli 247\n|raw|Eli 247's rating: 1000 &rarr; <strong>1044<\/strong><br \/>(+44 for winning)\n|raw|mystori_'s rating: 1032 &rarr; <strong>1016<\/strong><br \/>(-16 for losing)\n|l|\u2606mystori_\n","uploadtime":1700065103,"views":8,"p1id":"eli247","p2id":"mystori","formatid":"gen9ubers","rating":1016,"private":0,"password":""}