{"id":"gen9ubers-1980758427","p1":"Hsk712","p2":"SirButkis","format":"[Gen 9] Ubers","log":"|j|\u2606Hsk712\n|j|\u2606SirButkis\n|t:|1698827332\n|gametype|singles\n|player|p1|Hsk712|grimsley|\n|player|p2|SirButkis|cynthia-gen4|\n|teamsize|p1|6\n|teamsize|p2|6\n|gen|9\n|tier|[Gen 9] Ubers\n|rule|Sleep Clause Mod: Limit one foe put to sleep\n|rule|Species Clause: Limit one of each Pok\u00e9mon\n|rule|OHKO Clause: OHKO moves are banned\n|rule|Evasion Items Clause: Evasion items are banned\n|rule|Evasion Moves Clause: Evasion moves are banned\n|rule|Endless Battle Clause: Forcing endless battles is banned\n|rule|HP Percentage Mod: HP is shown in percentages\n|clearpoke\n|poke|p1|Urshifu-*, F|\n|poke|p1|Greninja-*, M|\n|poke|p1|Moltres-Galar|\n|poke|p1|Arcanine-Hisui, M|\n|poke|p1|Milotic, F|\n|poke|p1|Lucario, M|\n|poke|p2|Gholdengo|\n|poke|p2|Mudsdale, F|\n|poke|p2|Rotom-Fan|\n|poke|p2|Victreebel, M|\n|poke|p2|Flamigo, M|\n|poke|p2|Goodra, F|\n|teampreview\n|j| wolfiglick\n|\n|t:|1698827428\n|start\n|switch|p1a: Urshifu|Urshifu-Rapid-Strike, F|100\/100\n|switch|p2a: What dat mouth do|Victreebel, M|100\/100\n|turn|1\n|\n|t:|1698827437\n|move|p1a: Urshifu|Fire Punch|p2a: What dat mouth do\n|-supereffective|p2a: What dat mouth do\n|-damage|p2a: What dat mouth do|0 fnt\n|faint|p2a: What dat mouth do\n|\n|upkeep\n|c|\u2606Hsk712|that's an epic name for a victreebel :D\n|\n|t:|1698827504\n|switch|p2a: The Blow Job|Rotom-Fan|100\/100\n|turn|2\n|c|\u2606SirButkis|lol thanks\n|\n|t:|1698827557\n|switch|p1a: Greninja|Greninja, M|100\/100\n|move|p2a: The Blow Job|Thunder Wave|p1a: Greninja\n|-status|p1a: Greninja|par\n|\n|upkeep\n|turn|3\n|\n|t:|1698827584\n|-terastallize|p1a: Greninja|Water\n|move|p2a: The Blow Job|Volt Switch|p1a: Greninja\n|-supereffective|p1a: Greninja\n|-damage|p1a: Greninja|24\/100 par\n|c|\u2606SirButkis|i dont thing you can tera gren, can you?\n|c|\u2606Hsk712|Can you not?\n|c|\u2606SirButkis|it wasnt your tera captain\n|c|\u2606Hsk712|Oh wait I forgot that ;-;\n|c|\u2606Hsk712|mb\n|\n|t:|1698827698\n|switch|p2a: Your webcam rn|Goodra, F|100\/100|[from] Volt Switch\n|move|p1a: Greninja|Ice Beam|p2a: Your webcam rn\n|-supereffective|p2a: Your webcam rn\n|-damage|p2a: Your webcam rn|82\/100\n|\n|upkeep\n|turn|4\n|\n|t:|1698827708\n|switch|p1a: Arcanine|Arcanine-Hisui, M|100\/100\n|move|p2a: Your webcam rn|Knock Off|p1a: Arcanine\n|-damage|p1a: Arcanine|73\/100\n|-enditem|p1a: Arcanine|Choice Scarf|[from] move: Knock Off|[of] p2a: Your webcam rn\n|\n|upkeep\n|turn|5\n|\n|t:|1698827746\n|switch|p1a: Greninja|Greninja, M, tera:Water|24\/100 par\n|switch|p2a: Mr Hands|Mudsdale, F|100\/100\n|\n|upkeep\n|turn|6\n|c|\u2606SirButkis|i dont wanna get you dq we should just rematch\n|c|\u2606Hsk712|oh fair\n|c|\u2606SirButkis|you down to just restart then\n|-message|SirButkis forfeited.\n|\n|win|Hsk712\n","uploadtime":1698827893,"views":13,"p1id":"hsk712","p2id":"sirbutkis","formatid":"gen9ubers","rating":0,"private":0,"password":""}