{"id":"gen9ubers-1968194528","p1":"Mootagen\u265e","p2":"moopss","format":"[Gen 9] Ubers","log":"|j|\u2606Mootagen\u265e\n|j|\u2606moopss\n|t:|1697393635\n|gametype|singles\n|player|p1|Mootagen\u265e|turo|\n|player|p2|moopss|drayden|\n|teamsize|p1|6\n|teamsize|p2|5\n|gen|9\n|tier|[Gen 9] Ubers\n|rule|Sleep Clause Mod: Limit one foe put to sleep\n|rule|Species Clause: Limit one of each Pok\u00e9mon\n|rule|OHKO Clause: OHKO moves are banned\n|rule|Evasion Items Clause: Evasion items are banned\n|rule|Evasion Moves Clause: Evasion moves are banned\n|rule|Endless Battle Clause: Forcing endless battles is banned\n|rule|HP Percentage Mod: HP is shown in percentages\n|clearpoke\n|poke|p1|Dragapult, F|\n|poke|p1|Great Tusk|\n|poke|p1|Manaphy|\n|poke|p1|Lokix, M|\n|poke|p1|Muk-Alola, M|\n|poke|p1|Ninetales-Alola, F|\n|poke|p2|Ninetales-Alola, M|\n|poke|p2|Great Tusk|\n|poke|p2|Hoopa|\n|poke|p2|Dragapult, M|\n|poke|p2|Kingambit, F|\n|teampreview\n|j| Coupe457\n|c|\u2606moopss|\u0421\u0442\u0440\u0430\u0448\u043d\u043e\n|c| Coupe457|\u043d\u0435 \u0431\u043e\u0439\u0441\u044f, \u043f\u0440\u043e\u0441\u0442\u043e \u0436\u043c\u0438 \u043a\u043d\u043e\u043f\u043a\u0438\n|j| Nazip\n|\n|t:|1697393674\n|start\n|switch|p1a: Sharon|Ninetales-Alola, F, shiny|100\/100\n|switch|p2a: Ninetales-enjoer|Ninetales-Alola, M, shiny|100\/100\n|-weather|Snow|[from] ability: Snow Warning|[of] p2a: Ninetales-enjoer\n|turn|1\n|j| meattea\n|j| Smimr\n|\n|t:|1697393688\n|move|p2a: Ninetales-enjoer|Aurora Veil|p2a: Ninetales-enjoer\n|-sidestart|p2: moopss|move: Aurora Veil\n|move|p1a: Sharon|Imprison|p1a: Sharon\n|-start|p1a: Sharon|move: Imprison\n|\n|-weather|Snow|[upkeep]\n|upkeep\n|turn|2\n|c|\u2606Mootagen\u265e|\u0412\u0422\u041e\u0420\u041e\u0419 \u0420\u0410\u0417.\n|c| meattea|\u043d\u0443\u0436\u0435\u043d \u0441\u043a\u0430\u0440\u0444\n|c|\u2606Mootagen\u265e|\u0422\u0430\u043a \u044f \u0441\u0430\u043c \u0445\u043e\u0447\u0443 \u043f\u043e\u0441\u0442\u0430\u0432\u0438\u0442\u044c \u0441\u043a\u0440\u0438\u043d\n|c|\u2606Mootagen\u265e|(\n|\n|t:|1697393720\n|move|p2a: Ninetales-enjoer|Hypnosis|p1a: Sharon|[miss]\n|-miss|p2a: Ninetales-enjoer|p1a: Sharon\n|move|p1a: Sharon|Aurora Veil|p1a: Sharon\n|-sidestart|p1: Mootagen\u265e|move: Aurora Veil\n|\n|-weather|Snow|[upkeep]\n|upkeep\n|turn|3\n|\n|t:|1697393731\n|move|p1a: Sharon|Moonblast|p2a: Ninetales-enjoer\n|-damage|p2a: Ninetales-enjoer|87\/100\n|-unboost|p2a: Ninetales-enjoer|spa|1\n|move|p2a: Ninetales-enjoer|Hypnosis|p1a: Sharon\n|-status|p1a: Sharon|slp|[from] move: Hypnosis\n|\n|-weather|Snow|[upkeep]\n|upkeep\n|turn|4\n|j| dixx riser\n|c| Nazip|Hi dixx\n|n| dixx riser|dixxriser\n|\n|t:|1697393774\n|switch|p1a: Niveus|Muk-Alola, M, shiny|100\/100\n|switch|p2a: Ded|Kingambit, F, shiny|100\/100\n|\n|-weather|Snow|[upkeep]\n|upkeep\n|turn|5\n|c| dixx riser|hi nazip big fan\n|c| meattea|\u043e \u043f\u0440\u0438\u0432\u0435\u0442\n|\n|t:|1697393796\n|-end|p2a: Ded|fallenundefined|[silent]\n|switch|p2a: Slon|Great Tusk, shiny|100\/100\n|-enditem|p2a: Slon|Booster Energy\n|-activate|p2a: Slon|ability: Protosynthesis|[fromitem]\n|-start|p2a: Slon|protosynthesisatk\n|move|p1a: Niveus|Knock Off|p2a: Slon\n|-resisted|p2a: Slon\n|-damage|p2a: Slon|96\/100\n|-status|p2a: Slon|psn|[from] ability: Poison Touch|[of] p1a: Niveus\n|\n|-weather|Snow|[upkeep]\n|-damage|p2a: Slon|84\/100 psn|[from] psn\n|-sideend|p2: moopss|move: Aurora Veil\n|upkeep\n|turn|6\n|c| meattea|dixx riser \u043a\u0430\u043a \u0434\u0435\u043b\u0430 \u0443 \u0442\u0435\u0431\u044f:?\n|c| dixx riser|What???\n|\n|t:|1697393811\n|switch|p1a: Donald|Great Tusk|100\/100\n|move|p2a: Slon|Headlong Rush|p1a: Donald\n|-damage|p1a: Donald|83\/100\n|-unboost|p2a: Slon|def|1\n|-unboost|p2a: Slon|spd|1\n|\n|-weather|Snow|[upkeep]\n|-heal|p1a: Donald|89\/100|[from] item: Leftovers\n|-damage|p2a: Slon|71\/100 psn|[from] psn\n|upkeep\n|turn|7\n|c|\u2606moopss|\u0411\u043b\u0438\u043d,\u0448\u043e \u044f \u0442\u0432\u043e\u0440\u044e\n|c|\u2606moopss|\u0417\u0430\u0447\u0435\u043c\n|c|\u2606Mootagen\u265e|\u041e\u0433\u043e \u0442\u0430\u043c \u043d\u0435\u0442 \u043b\u0430\u0439\u0442 \u043a\u043b\u0435\u044f\n|c| Coupe457|\u043d\u0430\u0437\u0438\u043f \u043a\u0430\u043a \u0434\u0435\u043b\u0430 \u0443 \u0434\u0438\u043a\u0441 \u0440\u0430\u0439\u0437\u0435\u0440\u0430?\n|c|\u2606moopss|\u0410 \u0431\u043b\u0438\u043d\n|c|\u2606Mootagen\u265e|dixx riser \u043d\u0435\u0434\u043e\u0431\u0440\u043e\u0436\u0435\u043b\u0430\u0442\u0435\u043b\u044c \u0434\u0435\u0442\u0435\u043a\u0442\u0435\u0434\n|c|\u2606moopss|\u042f \u043d\u0435 \u0442\u0443 \u0442\u0438\u043c\u0443 \u0432\u0437\u044f\u043b\n|c|\u2606moopss|\u041f\u043f\u0446\n|c|\u2606moopss|\u042d\u0442\u043e \u0433\u0433\n|c|\u2606moopss|\u0412\u0441\u0451\n|c| dixx riser|I don't get you\n|c| Nazip|dixx riser pleased answer to meattea\n|\n|t:|1697393881\n|-end|p2a: Slon|Protosynthesis|[silent]\n|switch|p2a: Ninetales-enjoer|Ninetales-Alola, M, shiny|87\/100\n|move|p1a: Donald|Stealth Rock|p2a: Ninetales-enjoer\n|-sidestart|p2: moopss|move: Stealth Rock\n|\n|-weather|Snow|[upkeep]\n|-heal|p1a: Donald|95\/100|[from] item: Leftovers\n|upkeep\n|turn|8\n|c| Coupe457|\u0430 \u044f \u0433\u043e\u0432\u043e\u0440\u0438\u043b \u043d\u0435 \u0438\u0434\u0438 \u0438\u0433\u0440\u0430\u0442\u044c \u043c\u043e\u043f\u0441\n|\n|t:|1697393900\n|-end|p1a: Donald|Protosynthesis|[silent]\n|switch|p1a: Niveus|Muk-Alola, M, shiny|100\/100\n|move|p2a: Ninetales-enjoer|Aurora Veil|p2a: Ninetales-enjoer\n|-sidestart|p2: moopss|move: Aurora Veil\n|\n|-weather|none\n|upkeep\n|turn|9\n|c| dixx riser|\u0425\u044d\u043b\u043b\u043e\u0443 \u043c\u0438\u0442\u0435\u0430 \u043c\u0430\u0439 \u0434\u0435\u043b\u0430 \u0438\u0441 \u0432\u0435\u0440\u0438 \u0433\u0443\u0434\n|\n|t:|1697393923\n|switch|p2a: Slon|Great Tusk, shiny|71\/100 psn\n|-damage|p2a: Slon|68\/100 psn|[from] Stealth Rock\n|move|p1a: Niveus|Knock Off|p2a: Slon\n|-resisted|p2a: Slon\n|-damage|p2a: Slon|64\/100 psn\n|\n|-damage|p2a: Slon|52\/100 psn|[from] psn\n|-sideend|p1: Mootagen\u265e|move: Aurora Veil\n|upkeep\n|turn|10\n|c| meattea|? dixx riser english please\n|\n|t:|1697393943\n|switch|p1a: Sharon|Ninetales-Alola, F, shiny|100\/100 slp\n|-weather|Snow|[from] ability: Snow Warning|[of] p1a: Sharon\n|move|p2a: Slon|Headlong Rush|p1a: Sharon\n|-damage|p1a: Sharon|47\/100 slp\n|-unboost|p2a: Slon|def|1\n|-unboost|p2a: Slon|spd|1\n|\n|-weather|Snow|[upkeep]\n|-damage|p2a: Slon|40\/100 psn|[from] psn\n|upkeep\n|turn|11\n|c| dixx riser|Yeah sorry\n|\n|t:|1697393952\n|cant|p1a: Sharon|slp\n|move|p2a: Slon|Headlong Rush|p1a: Sharon\n|-damage|p1a: Sharon|0 fnt\n|-unboost|p2a: Slon|def|1\n|-unboost|p2a: Slon|spd|1\n|faint|p1a: Sharon\n|\n|-weather|Snow|[upkeep]\n|-damage|p2a: Slon|27\/100 psn|[from] psn\n|upkeep\n|\n|t:|1697393960\n|switch|p1a: Dragapulty|Dragapult, F, shiny|100\/100\n|turn|12\n|c| Nazip|\u10e1\u10d0\u10e3\u10d9\u10e3\u10dc\u10d8\u10e1 \u10d7\u10d0\u10db\u10d0\u10e8\u10d8\n|\n|t:|1697393976\n|move|p1a: Dragapulty|Hex|p2a: Slon\n|-damage|p2a: Slon|0 fnt\n|faint|p2a: Slon\n|-end|p2a: Slon|Protosynthesis|[silent]\n|\n|-weather|Snow|[upkeep]\n|-sideend|p2: moopss|move: Aurora Veil\n|upkeep\n|c| meattea|eric079\n|\n|t:|1697393981\n|switch|p2a: Ninetales-enjoer|Ninetales-Alola, M, shiny|87\/100\n|-damage|p2a: Ninetales-enjoer|62\/100|[from] Stealth Rock\n|turn|13\n|\n|t:|1697393988\n|move|p1a: Dragapulty|Flamethrower|p2a: Ninetales-enjoer\n|-supereffective|p2a: Ninetales-enjoer\n|-damage|p2a: Ninetales-enjoer|13\/100\n|move|p2a: Ninetales-enjoer|Aurora Veil|p2a: Ninetales-enjoer\n|-sidestart|p2: moopss|move: Aurora Veil\n|\n|-weather|Snow|[upkeep]\n|upkeep\n|turn|14\n|c| Nazip|\u0411\u043b\u0438\u043d\n|\n|t:|1697394007\n|move|p1a: Dragapulty|Substitute|p1a: Dragapulty\n|-start|p1a: Dragapulty|Substitute\n|-damage|p1a: Dragapulty|76\/100\n|move|p2a: Ninetales-enjoer|Moonblast|p1a: Dragapulty\n|-supereffective|p1a: Dragapulty\n|-end|p1a: Dragapulty|Substitute\n|\n|-weather|none\n|upkeep\n|turn|15\n|\n|t:|1697394016\n|switch|p1a: Niveus|Muk-Alola, M, shiny|100\/100\n|move|p2a: Ninetales-enjoer|Moonblast|p1a: Niveus\n|-damage|p1a: Niveus|88\/100\n|\n|upkeep\n|turn|16\n|\n|t:|1697394027\n|move|p2a: Ninetales-enjoer|Hypnosis|p1a: Niveus\n|-status|p1a: Niveus|slp|[from] move: Hypnosis\n|cant|p1a: Niveus|slp\n|\n|upkeep\n|turn|17\n|c|\u2606Mootagen\u265e|\u0411\u0430\u0440\u0431\u0430\u0440\u0438\u044f\n|c|\u2606Mootagen\u265e|\u041a\u0435\u0440\u043a\u0443\u0434\u0443\n|\n|t:|1697394047\n|switch|p2a: Ded|Kingambit, F, shiny|100\/100\n|-damage|p2a: Ded|94\/100|[from] Stealth Rock\n|-activate|p2a: Ded|ability: Supreme Overlord\n|-start|p2a: Ded|fallen1|[silent]\n|-curestatus|p1a: Niveus|slp|[msg]\n|move|p1a: Niveus|Poison Jab|p2a: Ded\n|-immune|p2a: Ded\n|\n|-sideend|p2: moopss|move: Aurora Veil\n|upkeep\n|turn|18\n|\n|t:|1697394055\n|move|p1a: Niveus|Drain Punch|p2a: Ded\n|-supereffective|p2a: Ded\n|-damage|p2a: Ded|35\/100\n|-heal|p1a: Niveus|100\/100|[from] drain|[of] p2a: Ded\n|move|p2a: Ded|Iron Head|p1a: Niveus\n|-damage|p1a: Niveus|61\/100\n|\n|upkeep\n|turn|19\n|\n|t:|1697394064\n|-end|p2a: Ded|fallen1|[silent]\n|switch|p2a: Hoopa|Hoopa|100\/100\n|-damage|p2a: Hoopa|88\/100|[from] Stealth Rock\n|move|p1a: Niveus|Drain Punch|p2a: Hoopa\n|-immune|p2a: Hoopa\n|\n|upkeep\n|turn|20\n|j| PlushAlica1\n|c|\u2606Mootagen\u265e|\u0413\u0430\u043c\u0430\u0440\u0434\u0436\u043e\u0431\u0430\n|c|\u2606Mootagen\u265e|\u0413\u0430\u043d\u0433\u043d\u0430\u043c \u0441\u0442\u0430\u0439\u043b\n|c| meattea|\u043f\u0440\u0438\u0432\u0435\u0442\u0438\u043a\n|c| dixx riser|stfu\n|c| Nazip|\u041f\u0440\u0438\u0432\u0435\u0441\u0442\u0438 \u0410\u043b\u0438\u0441\u043a\u0430 \u0438\u0440\u0438\u0441\u043a\u0430\n|c| Coupe457|\u043c\u0443\u0442\u0430\u0433\u0435\u043d \u043e\u043a\u043e\u043d\u0447\u0430\u0442\u0435\u043b\u044c\u043d\u043e \u043f\u043e\u0435\u0445\u0430\u043b, \u0443\u0440\u0430\n|c|\u2606moopss|\u041d\u0443 \u044d\u0442\u043e \u0433\u0433\n|c|\u2606Mootagen\u265e|\u0421\u043a\u0430\u0444\u0430\u043d\u0434\u0440 \u043c\u043e\u0434\n|\n|t:|1697394120\n|move|p1a: Niveus|Shadow Sneak|p2a: Hoopa\n|-supereffective|p2a: Hoopa\n|-damage|p2a: Hoopa|34\/100\n|move|p2a: Hoopa|Shadow Ball|p1a: Niveus\n|-resisted|p1a: Niveus\n|-damage|p1a: Niveus|44\/100\n|\n|upkeep\n|turn|21\n|c| meattea|\u043c\u043e\u043f\u0441 \u043f\u043e\u043c\u043d\u0438\u0448\u044c 50\u0440 \u043e\u0431\u0435\u0449\u0430\u043b \u0437\u0430 \u043f\u043e\u0431\u0435\u0434\u0443\n|c| meattea|\u0434\u0430\u043c 150 \u0435\u0441\u043b\u0438 \u0432\u044b\u0440\u0443\u043b\u0438\u0448\u044c \u0449\u0430\n|c| Coupe457|\u043c\u0443\u0442\u0430\u0433\u0435\u043d, \u043f\u0440\u043e\u0441\u0438 \u043f\u043e\u043b\u043e\u0432\u0438\u043d\u0443 \u0438 \u0441\u0434\u0430\u0432\u0430\u0439\u0441\u044f\n|c|\u2606moopss|\u041d\u0435 \u0432\u044b\u0440\u0443\u043b\u044e\n|c|\u2606moopss|\u042d\u0442\u043e \u043d\u0435 \u0442\u0430 \u0422\u0438\u043c\u0430\n|c|\u2606moopss|\u041a\u043e\u0442\u043e\u0440\u0443\u044e \u044f \u0433\u043e\u0442\u043e\u0432\u0438\u043b\n|c|\u2606Mootagen\u265e|\u0414\u0430 \u0442\u0443\u0442 \u0441\u043b\u0438\u0448\u043a\u043e\u043c \u043e\u0447\u0435\u0432\u0438\u0434\u043d\u043e\u0435 322 \u0442\u043e\u0433\u0434\u0430 \u0431\u0443\u0434\u0435\u0442\n|c|\u2606moopss|\u0422\u0443\u0442 \u043d\u0438\u043a\u0430\u043a\n|c|\u2606Mootagen\u265e|\u041f\u043e\u0437\u0434\u043d\u043e \u043f\u0438\u0442\u044c \u0431\u043e\u0440\u0436\u043e\u043c\u0438\n|c| Coupe457|\u043d\u0443 \u0442\u0430\u043a \u0442\u044b \u043e\u0440\u0433\u0430\u043d\u0438\u0437\u0430\u0442\u043e\u0440, \u043f\u0440\u043e\u0441\u0442\u0438\u0448\u044c \u0441\u0430\u043c\u043e\u043c\u0443 \u0441\u0435\u0431\u0435\n|c|\u2606Mootagen\u265e|\u0418\u041e\n|c| Nazip|\u0418\u0433\u0440\u0430\u0439\u0442\u0435\n|c| Nazip|\u041a\u0442\u043e \u043d\u0435 \u0438\u0433\u0440\u0430\u0435\u0442\n|c|\u2606Mootagen\u265e|\u041c\u043e\u043f\u0441\n|\n|t:|1697394220\n|move|p1a: Niveus|Shadow Sneak|p2a: Hoopa\n|-supereffective|p2a: Hoopa\n|-damage|p2a: Hoopa|0 fnt\n|faint|p2a: Hoopa\n|\n|upkeep\n|\n|t:|1697394222\n|switch|p2a: Shadow|Dragapult, M, shiny|100\/100\n|-damage|p2a: Shadow|88\/100|[from] Stealth Rock\n|turn|22\n|c| meattea|\u043f\u0435\u0440\u0435\u0438\u0433\u0440\u0430\u0439\u0442\u0435 \u0442\u043e\u0433\u0434\u0430 \u0440\u0430\u0437 \u043a\u043e\u043c\u0430\u043d\u0434\u0430 \u043d\u0435 \u0442\u0430\u043a, \u0434\u0443\u043c\u0430\u044e \u043c\u0443\u0442\u0430\u0433\u0435\u043d \u0441\u043e\u0433\u043b\u0430\u0441\u0438\u0442\u0441\u044f \u0437\u0430 \u0442\u0430\u043a\u043e\u0439 \u0436\u0435 \u043b\u0438\u0434 \u0438 \u0441\u0442\u0435\u0439 \u0438\u043d 3 \u0442\u0440\u0430\u0439 \u0438\u043f\u0440\u0438\u0437\u043e\u043d\u0430 \u043d\u0430 1 \u0445\u043e\u0434\u0443\n|\n|t:|1697394235\n|move|p2a: Shadow|Draco Meteor|p1a: Niveus\n|-damage|p1a: Niveus|4\/100\n|-unboost|p2a: Shadow|spa|2\n|move|p1a: Niveus|Knock Off|p2a: Shadow\n|-supereffective|p2a: Shadow\n|-damage|p2a: Shadow|0 fnt\n|-enditem|p2a: Shadow|Choice Specs|[from] move: Knock Off|[of] p1a: Niveus\n|faint|p2a: Shadow\n|\n|upkeep\n|\n|t:|1697394242\n|switch|p2a: Ninetales-enjoer|Ninetales-Alola, M, shiny|13\/100\n|-damage|p2a: Ninetales-enjoer|0 fnt|[from] Stealth Rock\n|faint|p2a: Ninetales-enjoer\n|\n|t:|1697394245\n|switch|p2a: Ded|Kingambit, F, shiny|35\/100\n|-damage|p2a: Ded|29\/100|[from] Stealth Rock\n|-activate|p2a: Ded|ability: Supreme Overlord\n|-start|p2a: Ded|fallen4|[silent]\n|turn|23\n|\n|t:|1697394250\n|switch|p1a: Donald|Great Tusk|95\/100\n|move|p2a: Ded|Sucker Punch||[still]\n|-fail|p2a: Ded\n|\n|-heal|p1a: Donald|100\/100|[from] item: Leftovers\n|upkeep\n|turn|24\n|\n|t:|1697394265\n|move|p2a: Ded|Sucker Punch|p1a: Donald\n|-resisted|p1a: Donald\n|-damage|p1a: Donald|86\/100\n|move|p1a: Donald|Earthquake|p2a: Ded\n|-supereffective|p2a: Ded\n|-damage|p2a: Ded|0 fnt\n|faint|p2a: Ded\n|-end|p2a: Ded|fallen4|[silent]\n|\n|win|Mootagen\u265e\n|c|\u2606Mootagen\u265e|\u0433\u0433\n|c| meattea|\u044d\u0442\u043e \u043b\u0430\u0441\u0442 \u0431\u043e\u0439 \u0440\u0430\u0443\u043d\u0434\u0430?\n","uploadtime":1697394271,"views":12,"p1id":"mootagen","p2id":"moopss","formatid":"gen9ubers","rating":0,"private":0,"password":""}