{"id":"gen9ubers-1973737762","p1":"AmyGay","p2":"ArthurCookieMaster","format":"[Gen 9] Ubers","log":"|j|\u2606AmyGay\n|j|\u2606ArthurCookieMaster\n|t:|1698008416\n|gametype|singles\n|player|p1|AmyGay|bellelba|1000\n|player|p2|ArthurCookieMaster|alder|1000\n|teamsize|p1|6\n|teamsize|p2|6\n|gen|9\n|tier|[Gen 9] Ubers\n|rated|\n|rule|Sleep Clause Mod: Limit one foe put to sleep\n|rule|Species Clause: Limit one of each Pok\u00e9mon\n|rule|OHKO Clause: OHKO moves are banned\n|rule|Evasion Items Clause: Evasion items are banned\n|rule|Evasion Moves Clause: Evasion moves are banned\n|rule|Endless Battle Clause: Forcing endless battles is banned\n|rule|HP Percentage Mod: HP is shown in percentages\n|clearpoke\n|poke|p1|Espathra, F|\n|poke|p1|Gogoat, F|\n|poke|p1|Veluza, M|\n|poke|p1|Avalugg, F|\n|poke|p1|Kingambit, M|\n|poke|p1|Glimmora, M|\n|poke|p2|Lucario, F|\n|poke|p2|Charizard, M|\n|poke|p2|Hariyama, M|\n|poke|p2|Cinderace, M|\n|poke|p2|Raichu, M|\n|poke|p2|Meowscarada, M|\n|teampreview\n|c|\u2606ArthurCookieMaster|hey  are you a girl or boy\n|\n|t:|1698008435\n|start\n|switch|p1a: Glimmora|Glimmora, M|100\/100\n|switch|p2a: Hariyama|Hariyama, M|100\/100\n|turn|1\n|n|\u2606ArthurCookieMaster|arthurcookiemaster\n|\n|t:|1698008452\n|move|p1a: Glimmora|Dazzling Gleam|p2a: Hariyama\n|-supereffective|p2a: Hariyama\n|-damage|p2a: Hariyama|46\/100\n|move|p2a: Hariyama|Close Combat|p1a: Glimmora\n|-damage|p1a: Glimmora|37\/100\n|-unboost|p2a: Hariyama|def|1\n|-unboost|p2a: Hariyama|spd|1\n|-activate|p1a: Glimmora|ability: Toxic Debris\n|-sidestart|p2: ArthurCookieMaster|move: Toxic Spikes\n|\n|upkeep\n|turn|2\n|\n|t:|1698008466\n|move|p1a: Glimmora|Dazzling Gleam|p2a: Hariyama\n|-supereffective|p2a: Hariyama\n|-damage|p2a: Hariyama|0 fnt\n|faint|p2a: Hariyama\n|\n|upkeep\n|\n|t:|1698008472\n|switch|p2a: Charizard|Charizard, M|100\/100\n|turn|3\n|\n|t:|1698008478\n|move|p1a: Glimmora|Power Gem|p2a: Charizard\n|-supereffective|p2a: Charizard\n|-damage|p2a: Charizard|0 fnt\n|faint|p2a: Charizard\n|\n|upkeep\n|\n|t:|1698008483\n|switch|p2a: Lucario|Lucario, F|100\/100\n|turn|4\n|\n|t:|1698008489\n|move|p2a: Lucario|Bone Rush|p1a: Glimmora\n|-supereffective|p1a: Glimmora\n|-damage|p1a: Glimmora|4\/100\n|-activate|p1a: Glimmora|ability: Toxic Debris\n|-sidestart|p2: ArthurCookieMaster|move: Toxic Spikes\n|-supereffective|p1a: Glimmora\n|-damage|p1a: Glimmora|0 fnt\n|faint|p1a: Glimmora\n|-hitcount|p1: Glimmora|2\n|\n|upkeep\n|\n|t:|1698008501\n|switch|p1a: Avalugg|Avalugg, F|100\/100\n|turn|5\n|c|\u2606ArthurCookieMaster|are you girl\n|\n|t:|1698008508\n|move|p2a: Lucario|Bone Rush|p1a: Avalugg\n|-damage|p1a: Avalugg|97\/100\n|-damage|p1a: Avalugg|93\/100\n|-damage|p1a: Avalugg|90\/100\n|-hitcount|p1a: Avalugg|3\n|move|p1a: Avalugg|Earthquake|p2a: Lucario\n|-supereffective|p2a: Lucario\n|-damage|p2a: Lucario|0 fnt\n|faint|p2a: Lucario\n|\n|upkeep\n|\n|t:|1698008518\n|switch|p2a: Raichu|Raichu, M|100\/100\n|-status|p2a: Raichu|tox\n|turn|6\n|\n|t:|1698008523\n|move|p2a: Raichu|Play Rough|p1a: Avalugg\n|-damage|p1a: Avalugg|79\/100\n|move|p1a: Avalugg|Earthquake|p2a: Raichu\n|-supereffective|p2a: Raichu\n|-damage|p2a: Raichu|0 fnt\n|faint|p2a: Raichu\n|\n|upkeep\n|c|\u2606ArthurCookieMaster|you slut\n|\n|t:|1698008536\n|switch|p2a: Meowscarada|Meowscarada, M|100\/100\n|-status|p2a: Meowscarada|tox\n|turn|7\n|c|\u2606ArthurCookieMaster|cock sucker\n|\n|t:|1698008554\n|switch|p1a: Veluza|Veluza, M|100\/100\n|-ability|p1a: Veluza|Mold Breaker\n|move|p2a: Meowscarada|Flower Trick|p1a: Veluza\n|-supereffective|p1a: Veluza\n|-crit|p1a: Veluza\n|-damage|p1a: Veluza|8\/100\n|\n|-damage|p2a: Meowscarada|94\/100 tox|[from] psn\n|upkeep\n|turn|8\n|l|\u2606ArthurCookieMaster\n|player|p2|\n|inactive|Battle timer is ON: inactive players will automatically lose when time's up. (requested by AmyGay)\n|inactive|ArthurCookieMaster has 30 seconds to reconnect!\n|inactive|ArthurCookieMaster has 20 seconds to reconnect!\n|inactive|ArthurCookieMaster has 15 seconds to reconnect!\n|inactive|ArthurCookieMaster has 10 seconds to reconnect!\n|inactive|ArthurCookieMaster has 5 seconds to reconnect!\n|-message|ArthurCookieMaster lost due to inactivity.\n|\n|win|AmyGay\n|raw|AmyGay's rating: 1000 &rarr; <strong>1040<\/strong><br \/>(+40 for winning)\n|raw|ArthurCookieMaster's rating: 1000 &rarr; <strong>1000<\/strong><br \/>(+0 for losing)\n","uploadtime":1698008547,"views":7,"p1id":"amygay","p2id":"arthurcookiemaster","formatid":"gen9ubers","rating":1000,"private":0,"password":""}