{"id":"gen9ubers-1983712717","p1":"Raptite","p2":"xen769","format":"[Gen 9] Ubers","log":"|j|\u2606Raptite\n|j|\u2606xen769\n|t:|1699165497\n|gametype|singles\n|player|p1|Raptite|alec-anime|1199\n|player|p2|xen769|266|1261\n|teamsize|p1|6\n|teamsize|p2|6\n|gen|9\n|tier|[Gen 9] Ubers\n|rated|\n|rule|Sleep Clause Mod: Limit one foe put to sleep\n|rule|Species Clause: Limit one of each Pok\u00e9mon\n|rule|OHKO Clause: OHKO moves are banned\n|rule|Evasion Items Clause: Evasion items are banned\n|rule|Evasion Moves Clause: Evasion moves are banned\n|rule|Endless Battle Clause: Forcing endless battles is banned\n|rule|HP Percentage Mod: HP is shown in percentages\n|clearpoke\n|poke|p1|Regieleki|\n|poke|p1|Espathra, M|\n|poke|p1|Urshifu-*, F|\n|poke|p1|Miraidon|\n|poke|p1|Ting-Lu|\n|poke|p1|Zacian-*|\n|poke|p2|Arceus|\n|poke|p2|Chi-Yu|\n|poke|p2|Chien-Pao|\n|poke|p2|Koraidon|\n|poke|p2|Roaring Moon|\n|poke|p2|Regieleki|\n|teampreview\n|inactive|Battle timer is ON: inactive players will automatically lose when time's up. (requested by Raptite)\n|\n|t:|1699165504\n|start\n|switch|p1a: Regieleki|Regieleki|100\/100\n|switch|p2a: Koraidon|Koraidon|100\/100\n|-weather|SunnyDay|[from] ability: Orichalcum Pulse|[of] p2a: Koraidon\n|-activate|p2a: Koraidon|Orichalcum Pulse|[source]\n|turn|1\n|\n|t:|1699165513\n|move|p2a: Koraidon|Flare Blitz|p1a: Regieleki\n|-damage|p1a: Regieleki|0 fnt\n|faint|p1a: Regieleki\n|-damage|p2a: Koraidon|65\/100|[from] Recoil\n|\n|-weather|SunnyDay|[upkeep]\n|upkeep\n|\n|t:|1699165529\n|switch|p1a: Miraidon|Miraidon|100\/100\n|-fieldstart|move: Electric Terrain|[from] ability: Hadron Engine|[of] p1a: Miraidon\n|turn|2\n|\n|t:|1699165541\n|switch|p2a: Regieleki|Regieleki|100\/100\n|move|p1a: Miraidon|Calm Mind|p1a: Miraidon\n|-boost|p1a: Miraidon|spa|1\n|-boost|p1a: Miraidon|spd|1\n|\n|-weather|SunnyDay|[upkeep]\n|upkeep\n|turn|3\n|\n|t:|1699165558\n|move|p2a: Regieleki|Explosion|p1a: Miraidon\n|-damage|p1a: Miraidon|16\/100\n|faint|p2a: Regieleki\n|move|p1a: Miraidon|Calm Mind|p1a: Miraidon\n|-boost|p1a: Miraidon|spa|1\n|-boost|p1a: Miraidon|spd|1\n|\n|-weather|SunnyDay|[upkeep]\n|-heal|p1a: Miraidon|22\/100|[from] item: Leftovers\n|upkeep\n|\n|t:|1699165569\n|switch|p2a: Roaring Moon|Roaring Moon|100\/100\n|-activate|p2a: Roaring Moon|ability: Protosynthesis\n|-start|p2a: Roaring Moon|protosynthesisatk\n|turn|4\n|\n|t:|1699165581\n|-terastallize|p1a: Miraidon|Fairy\n|move|p2a: Roaring Moon|Knock Off|p1a: Miraidon\n|-resisted|p1a: Miraidon\n|-damage|p1a: Miraidon|0 fnt\n|-enditem|p1a: Miraidon|Leftovers|[from] move: Knock Off|[of] p2a: Roaring Moon\n|faint|p1a: Miraidon\n|\n|-weather|SunnyDay|[upkeep]\n|upkeep\n|-message|Raptite forfeited.\n|\n|win|xen769\n|raw|Raptite's rating: 1199 &rarr; <strong>1178<\/strong><br \/>(-21 for losing)\n|raw|xen769's rating: 1261 &rarr; <strong>1282<\/strong><br \/>(+21 for winning)\n|l|\u2606Raptite\n","uploadtime":1699165597,"views":5,"p1id":"raptite","p2id":"xen769","formatid":"gen9ubers","rating":1178,"private":0,"password":""}