{"id":"gen9ubers-1996270017","p1":"Anne Frankkkk","p2":"Spatenick","format":"[Gen 9] Ubers","log":"|j|\u2606Anne Frankkkk\n|j|\u2606Spatenick\n|t:|1700665997\n|gametype|singles\n|player|p1|Anne Frankkkk|hilbert|1091\n|player|p2|Spatenick|101|1180\n|teamsize|p1|6\n|teamsize|p2|6\n|gen|9\n|tier|[Gen 9] Ubers\n|rated|\n|rule|Sleep Clause Mod: Limit one foe put to sleep\n|rule|Species Clause: Limit one of each Pok\u00e9mon\n|rule|OHKO Clause: OHKO moves are banned\n|rule|Evasion Items Clause: Evasion items are banned\n|rule|Evasion Moves Clause: Evasion moves are banned\n|rule|Endless Battle Clause: Forcing endless battles is banned\n|rule|HP Percentage Mod: HP is shown in percentages\n|clearpoke\n|poke|p1|Regieleki|\n|poke|p1|Kyogre|\n|poke|p1|Chien-Pao|\n|poke|p1|Ribombee, M|\n|poke|p1|Miraidon|\n|poke|p1|Flutter Mane|\n|poke|p2|Houndstone, M|\n|poke|p2|Annihilape, M|\n|poke|p2|Staraptor, M|\n|poke|p2|Lucario, F|\n|poke|p2|Iron Valiant|\n|poke|p2|Zoroark-Hisui, F|\n|teampreview\n|inactive|Battle timer is ON: inactive players will automatically lose when time's up. (requested by Anne Frankkkk)\n|\n|t:|1700666014\n|start\n|switch|p1a: Moonblast|Ribombee, M, shiny|100\/100\n|switch|p2a: Lucario|Lucario, F|100\/100\n|turn|1\n|\n|t:|1700666020\n|move|p2a: Lucario|Final Gambit|p1a: Moonblast\n|-enditem|p1a: Moonblast|Focus Sash\n|-damage|p1a: Moonblast|1\/100\n|faint|p2a: Lucario\n|move|p1a: Moonblast|Sticky Web|p2: Lucario\n|-sidestart|p2: Spatenick|move: Sticky Web\n|\n|upkeep\n|\n|t:|1700666032\n|switch|p2a: Annihilape|Annihilape, M|100\/100\n|-activate|p2a: Annihilape|move: Sticky Web\n|-unboost|p2a: Annihilape|spe|1\n|turn|2\n|\n|t:|1700666047\n|move|p1a: Moonblast|Moonblast|p2a: Annihilape\n|-damage|p2a: Annihilape|25\/100\n|-unboost|p2a: Annihilape|spa|1\n|replace|p2a: Zoroark|Zoroark-Hisui, F\n|-end|p2a: Zoroark|Illusion\n|move|p2a: Zoroark|Sludge Bomb|p1a: Moonblast\n|-supereffective|p1a: Moonblast\n|-damage|p1a: Moonblast|0 fnt\n|faint|p1a: Moonblast\n|\n|upkeep\n|\n|t:|1700666058\n|switch|p1a: Cyber Lizard|Miraidon|100\/100\n|-fieldstart|move: Electric Terrain|[from] ability: Hadron Engine|[of] p1a: Cyber Lizard\n|-item|p1a: Cyber Lizard|Air Balloon\n|turn|3\n|\n|t:|1700666063\n|move|p1a: Cyber Lizard|Calm Mind|p1a: Cyber Lizard\n|-boost|p1a: Cyber Lizard|spa|1\n|-boost|p1a: Cyber Lizard|spd|1\n|move|p2a: Zoroark|Shadow Ball|p1a: Cyber Lizard\n|-damage|p1a: Cyber Lizard|83\/100\n|-enditem|p1a: Cyber Lizard|Air Balloon\n|\n|upkeep\n|turn|4\n|-message|Spatenick forfeited.\n|\n|win|Anne Frankkkk\n|raw|Anne Frankkkk's rating: 1091 &rarr; <strong>1124<\/strong><br \/>(+33 for winning)\n|raw|Spatenick's rating: 1180 &rarr; <strong>1149<\/strong><br \/>(-31 for losing)\n|l|\u2606Spatenick\n","uploadtime":1700666074,"views":1,"p1id":"annefrankkkk","p2id":"spatenick","formatid":"gen9ubers","rating":1124,"private":0,"password":""}