{"id":"gen9ubers-1968339365","p1":"RUMYMOME","p2":"PikaMelon3","format":"[Gen 9] Ubers","log":"|j|\u2606RUMYMOME\n|j|\u2606PikaMelon3\n|inactive|Battle timer is ON: inactive players will automatically lose when time's up.\n|t:|1697407762\n|gametype|singles\n|player|p1|RUMYMOME|marshal|\n|player|p2|PikaMelon3|cynthia-gen4|\n|teamsize|p1|3\n|teamsize|p2|3\n|gen|9\n|tier|[Gen 9] Ubers\n|rated|Tournament battle\n|rule|Sleep Clause Mod: Limit one foe put to sleep\n|rule|Species Clause: Limit one of each Pok\u00e9mon\n|rule|OHKO Clause: OHKO moves are banned\n|rule|Evasion Items Clause: Evasion items are banned\n|rule|Evasion Moves Clause: Evasion moves are banned\n|rule|Endless Battle Clause: Forcing endless battles is banned\n|rule|HP Percentage Mod: HP is shown in percentages\n|rule|Terastal Clause: You cannot Terastallize\n|clearpoke\n|poke|p1|Arceus|\n|poke|p1|Urshifu-*, F|\n|poke|p1|Miraidon|\n|poke|p2|Palafin, F|\n|poke|p2|Dragapult, M|\n|poke|p2|Regieleki|\n|teampreview|1\n|j|*Lady Monita \u263d\n|\n|t:|1697407780\n|start\n|switch|p1a: Miraidon|Miraidon|100\/100\n|switch|p2a: Regieleki|Regieleki|100\/100\n|-fieldstart|move: Electric Terrain|[from] ability: Hadron Engine|[of] p1a: Miraidon\n|turn|1\n|\n|t:|1697407787\n|move|p1a: Miraidon|Draco Meteor|p2a: Regieleki\n|-damage|p2a: Regieleki|0 fnt\n|-unboost|p1a: Miraidon|spa|2\n|faint|p2a: Regieleki\n|\n|win|RUMYMOME\n|n|\u2606RUMYMOME|rumymome\n|n|\u2606PikaMelon3|pikamelon3\n|n|*Lady Monita \u263d|ladymonita\n","uploadtime":1697407788,"views":5,"p1id":"rumymome","p2id":"pikamelon3","formatid":"gen9ubers","rating":0,"private":0,"password":""}