{"id":"gen9ubers-1975300933","p1":"sgrg32","p2":"ayafungamer","format":"[Gen 9] Ubers","log":"|j|\u2606sgrg32\n|j|\u2606ayafungamer\n|t:|1698177848\n|gametype|singles\n|player|p1|sgrg32|alec-anime|\n|player|p2|ayafungamer|266|\n|teamsize|p1|6\n|teamsize|p2|6\n|gen|9\n|tier|[Gen 9] Ubers\n|rule|Sleep Clause Mod: Limit one foe put to sleep\n|rule|Species Clause: Limit one of each Pok\u00e9mon\n|rule|OHKO Clause: OHKO moves are banned\n|rule|Evasion Items Clause: Evasion items are banned\n|rule|Evasion Moves Clause: Evasion moves are banned\n|rule|Endless Battle Clause: Forcing endless battles is banned\n|rule|HP Percentage Mod: HP is shown in percentages\n|clearpoke\n|poke|p1|Lilligant-Hisui, F|\n|poke|p1|Fezandipiti, M|\n|poke|p1|Umbreon, M|\n|poke|p1|Enamorus, F|\n|poke|p1|Cutiefly, M|\n|poke|p1|Cinderace, F|\n|poke|p2|Roaring Moon|\n|poke|p2|Leafeon, M|\n|poke|p2|Ninetales, M|\n|poke|p2|Scream Tail|\n|poke|p2|Ditto|\n|poke|p2|Sandy Shocks|\n|teampreview\n|c|\u2606sgrg32|mr gamer\n|c|\u2606ayafungamer|mr rg\n|c|\u2606sgrg32|you actually didnt bring raichu\n|c|\u2606ayafungamer|i said i wouldnt\n|c|\u2606sgrg32|what was he cooking\n|\n|t:|1698177931\n|start\n|switch|p1a: lil bitch|Cutiefly, M|100\/100\n|switch|p2a: Ninetales|Ninetales, M|100\/100\n|turn|1\n|c|\u2606ayafungamer|uhh\n|c|\u2606ayafungamer|can we please restart\n|c|\u2606sgrg32|why\n|c|\u2606ayafungamer|ITS THE WRONG MON LOOK AT IT\n|c|\u2606sgrg32|what\n|c|\u2606ayafungamer|i did not select any abilities on any mons\n|c|\u2606sgrg32|OH\n|c|\u2606sgrg32|yeah\n|-message|sgrg32 forfeited.\n|\n|win|ayafungamer\n|l|\u2606sgrg32\n","uploadtime":1698179090,"views":11,"p1id":"sgrg32","p2id":"ayafungamer","formatid":"gen9ubers","rating":0,"private":0,"password":""}