{"id":"gen9ubers-1978791605","p1":"samuel__jales","p2":"Arunnereon","format":"[Gen 9] Ubers","log":"|j|\u2606samuel__jales\n|j|\u2606Arunnereon\n|t:|1698595709\n|gametype|singles\n|player|p1|samuel__jales|1|1441\n|player|p2|Arunnereon|palmer|1365\n|teamsize|p1|6\n|teamsize|p2|6\n|gen|9\n|tier|[Gen 9] Ubers\n|rated|\n|rule|Sleep Clause Mod: Limit one foe put to sleep\n|rule|Species Clause: Limit one of each Pok\u00e9mon\n|rule|OHKO Clause: OHKO moves are banned\n|rule|Evasion Items Clause: Evasion items are banned\n|rule|Evasion Moves Clause: Evasion moves are banned\n|rule|Endless Battle Clause: Forcing endless battles is banned\n|rule|HP Percentage Mod: HP is shown in percentages\n|clearpoke\n|poke|p1|Zacian-*|\n|poke|p1|Koraidon|\n|poke|p1|Miraidon|\n|poke|p1|Kyogre|\n|poke|p1|Groudon|\n|poke|p1|Arceus|\n|poke|p2|Kyogre|\n|poke|p2|Ditto|\n|poke|p2|Zacian-*|\n|poke|p2|Basculegion-F, F|\n|poke|p2|Dialga|\n|poke|p2|Rayquaza|\n|teampreview\n|inactive|Battle timer is ON: inactive players will automatically lose when time's up. (requested by samuel__jales)\n|\n|t:|1698595730\n|start\n|switch|p1a: Koraidon|Koraidon|100\/100\n|switch|p2a: Dialga|Dialga|100\/100\n|-weather|SunnyDay|[from] ability: Orichalcum Pulse|[of] p1a: Koraidon\n|-activate|p1a: Koraidon|Orichalcum Pulse|[source]\n|-ability|p2a: Dialga|Pressure\n|turn|1\n|\n|t:|1698595741\n|move|p1a: Koraidon|Low Kick|p2a: Dialga\n|-supereffective|p2a: Dialga\n|-damage|p2a: Dialga|0 fnt\n|faint|p2a: Dialga\n|\n|-weather|SunnyDay|[upkeep]\n|upkeep\n|\n|t:|1698595744\n|switch|p2a: Rayquaza|Rayquaza|100\/100\n|-ability|p2a: Rayquaza|Air Lock\n|turn|2\n|\n|t:|1698595750\n|move|p1a: Koraidon|Scale Shot|p2a: Rayquaza|[miss]\n|-miss|p1a: Koraidon|p2a: Rayquaza\n|move|p2a: Rayquaza|Dragon Dance|p2a: Rayquaza\n|-boost|p2a: Rayquaza|atk|1\n|-boost|p2a: Rayquaza|spe|1\n|\n|-weather|SunnyDay|[upkeep]\n|upkeep\n|turn|3\n|\n|t:|1698595755\n|move|p2a: Rayquaza|Dragon Ascent|p1a: Koraidon\n|-supereffective|p1a: Koraidon\n|-damage|p1a: Koraidon|0 fnt\n|-unboost|p2a: Rayquaza|def|1\n|-unboost|p2a: Rayquaza|spd|1\n|faint|p1a: Koraidon\n|\n|-weather|SunnyDay|[upkeep]\n|upkeep\n|c|\u2606samuel__jales|fuclk off\n|\n|t:|1698595763\n|switch|p1a: Zacian|Zacian-Crowned|100\/100\n|-ability|p1a: Zacian|Intrepid Sword|boost\n|-boost|p1a: Zacian|atk|1\n|turn|4\n|\n|t:|1698595766\n|move|p2a: Rayquaza|Earthquake|p1a: Zacian\n|-supereffective|p1a: Zacian\n|-damage|p1a: Zacian|0 fnt\n|faint|p1a: Zacian\n|\n|-weather|SunnyDay|[upkeep]\n|upkeep\n|\n|t:|1698595773\n|switch|p1a: Miraidon|Miraidon|100\/100\n|-fieldstart|move: Electric Terrain|[from] ability: Hadron Engine|[of] p1a: Miraidon\n|turn|5\n|\n|t:|1698595780\n|move|p2a: Rayquaza|Earthquake|p1a: Miraidon\n|-supereffective|p1a: Miraidon\n|-damage|p1a: Miraidon|0 fnt\n|faint|p1a: Miraidon\n|\n|-weather|none\n|upkeep\n|-message|samuel__jales forfeited.\n|\n|win|Arunnereon\n|raw|samuel__jales's rating: 1441 &rarr; <strong>1417<\/strong><br \/>(-24 for losing)\n|raw|Arunnereon's rating: 1365 &rarr; <strong>1389<\/strong><br \/>(+24 for winning)\n|l|\u2606samuel__jales\n","uploadtime":1698595757,"views":7,"p1id":"samueljales","p2id":"arunnereon","formatid":"gen9ubers","rating":1389,"private":0,"password":""}