{"id":"gen9ubers-1974730012","p1":"phoenix nood","p2":"Envymetta_TTV","format":"[Gen 9] Ubers","log":"|j|\u2606phoenix nood\n|j|\u2606Envymetta_TTV\n|t:|1698115134\n|gametype|singles\n|player|p1|phoenix nood|ghetsis|1198\n|player|p2|Envymetta_TTV|acetrainer-gen4|1483\n|teamsize|p1|6\n|teamsize|p2|6\n|gen|9\n|tier|[Gen 9] Ubers\n|rated|\n|rule|Sleep Clause Mod: Limit one foe put to sleep\n|rule|Species Clause: Limit one of each Pok\u00e9mon\n|rule|OHKO Clause: OHKO moves are banned\n|rule|Evasion Items Clause: Evasion items are banned\n|rule|Evasion Moves Clause: Evasion moves are banned\n|rule|Endless Battle Clause: Forcing endless battles is banned\n|rule|HP Percentage Mod: HP is shown in percentages\n|clearpoke\n|poke|p1|Kyogre|\n|poke|p1|Zacian-*|\n|poke|p1|Miraidon|\n|poke|p1|Koraidon|\n|poke|p1|Flutter Mane|\n|poke|p1|Arceus|\n|poke|p2|Shaymin-Sky|\n|poke|p2|Darkrai|\n|poke|p2|Arceus|\n|poke|p2|Dialga-Origin|\n|poke|p2|Giratina-Origin|\n|poke|p2|Garchomp, F|\n|teampreview\n|inactive|Battle timer is ON: inactive players will automatically lose when time's up. (requested by phoenix nood)\n|l|\u2606phoenix nood\n|inactive|phoenix nood disconnected and has a minute to reconnect!\n|player|p1|\n|\n|t:|1698115207\n|start\n|switch|p1a: Kyogre|Kyogre, shiny|100\/100\n|switch|p2a: Darkrai|Darkrai, shiny|100\/100\n|-weather|RainDance|[from] ability: Drizzle|[of] p1a: Kyogre\n|turn|1\n|j|\u2606phoenix nood\n|inactive|phoenix nood reconnected and has 145 seconds left.\n|player|p1|phoenix nood|ghetsis\n|\n|t:|1698115222\n|move|p1a: Kyogre|Water Spout|p2a: Darkrai\n|-damage|p2a: Darkrai|0 fnt\n|faint|p2a: Darkrai\n|\n|-weather|RainDance|[upkeep]\n|upkeep\n|\n|t:|1698115237\n|switch|p2a: Giratina|Giratina-Origin, shiny|100\/100\n|turn|2\n|-message|phoenix nood forfeited.\n|\n|win|Envymetta_TTV\n|raw|phoenix nood's rating: 1198 &rarr; <strong>1190<\/strong><br \/>(-8 for losing)\n|raw|Envymetta_TTV's rating: 1483 &rarr; <strong>1489<\/strong><br \/>(+6 for winning)\n|l|\u2606phoenix nood\n","uploadtime":1698115254,"views":13,"p1id":"phoenixnood","p2id":"envymettattv","formatid":"gen9ubers","rating":1190,"private":0,"password":""}