{"id":"gen9ubers-1978646304","p1":"shoogshoog","p2":"FT Morgan","format":"[Gen 9] Ubers","log":"|j|\u2606shoogshoog\n|j|\u2606FT Morgan\n|t:|1698573987\n|gametype|singles\n|player|p1|shoogshoog|unknown|1094\n|player|p2|FT Morgan|lass|1331\n|teamsize|p1|6\n|teamsize|p2|6\n|gen|9\n|tier|[Gen 9] Ubers\n|rated|\n|rule|Sleep Clause Mod: Limit one foe put to sleep\n|rule|Species Clause: Limit one of each Pok\u00e9mon\n|rule|OHKO Clause: OHKO moves are banned\n|rule|Evasion Items Clause: Evasion items are banned\n|rule|Evasion Moves Clause: Evasion moves are banned\n|rule|Endless Battle Clause: Forcing endless battles is banned\n|rule|HP Percentage Mod: HP is shown in percentages\n|clearpoke\n|poke|p1|Ribombee, M|\n|poke|p1|Ursaluna-Bloodmoon, M|\n|poke|p1|Dondozo, M|\n|poke|p1|Regieleki|\n|poke|p1|Miraidon|\n|poke|p1|Groudon|\n|poke|p2|Regieleki|\n|poke|p2|Skeledirge, F|\n|poke|p2|Clodsire, M|\n|poke|p2|Landorus-Therian, M|\n|poke|p2|Azumarill, F|\n|poke|p2|Iron Valiant|\n|teampreview\n|inactive|Battle timer is ON: inactive players will automatically lose when time's up. (requested by shoogshoog)\n|\n|t:|1698574011\n|start\n|switch|p1a: Ribombee|Ribombee, M|100\/100\n|switch|p2a: Landorus|Landorus-Therian, M|100\/100\n|-ability|p2a: Landorus|Intimidate|boost\n|-unboost|p1a: Ribombee|atk|1\n|turn|1\n|\n|t:|1698574021\n|move|p2a: Landorus|U-turn|p1a: Ribombee\n|-resisted|p1a: Ribombee\n|-damage|p1a: Ribombee|78\/100\n|\n|t:|1698574024\n|switch|p2a: Regieleki|Regieleki|100\/100|[from] U-turn\n|move|p1a: Ribombee|Sticky Web|p2a: Regieleki\n|-sidestart|p2: FT Morgan|move: Sticky Web\n|\n|upkeep\n|turn|2\n|\n|t:|1698574036\n|move|p2a: Regieleki|Thunderbolt|p1a: Ribombee\n|-damage|p1a: Ribombee|0 fnt\n|faint|p1a: Ribombee\n|\n|upkeep\n|\n|t:|1698574056\n|switch|p1a: Ursaluna|Ursaluna-Bloodmoon, M|100\/100\n|turn|3\n|inactive|shoogshoog has 120 seconds left.\n|\n|t:|1698574079\n|-terastallize|p2a: Regieleki|Ice\n|move|p2a: Regieleki|Rapid Spin|p1a: Ursaluna\n|-damage|p1a: Ursaluna|93\/100\n|-boost|p2a: Regieleki|spe|1\n|-sideend|p2: FT Morgan|Sticky Web|[from] move: Rapid Spin|[of] p2a: Regieleki\n|move|p1a: Ursaluna|Blood Moon|p2a: Regieleki\n|-damage|p2a: Regieleki|0 fnt\n|faint|p2a: Regieleki\n|-damage|p1a: Ursaluna|83\/100|[from] item: Life Orb\n|\n|upkeep\n|\n|t:|1698574091\n|switch|p2a: Azumarill|Azumarill, F|100\/100\n|turn|4\n|\n|t:|1698574102\n|switch|p1a: Regieleki|Regieleki|100\/100\n|move|p2a: Azumarill|Liquidation|p1a: Regieleki\n|-damage|p1a: Regieleki|0 fnt\n|faint|p1a: Regieleki\n|\n|upkeep\n|\n|t:|1698574109\n|switch|p1a: Dondozo|Dondozo, M|100\/100\n|turn|5\n|\n|t:|1698574113\n|switch|p2a: Clodsire|Clodsire, M|100\/100\n|move|p1a: Dondozo|Curse|p1a: Dondozo\n|-unboost|p1a: Dondozo|spe|1\n|-boost|p1a: Dondozo|atk|1\n|-boost|p1a: Dondozo|def|1\n|\n|upkeep\n|turn|6\n|\n|t:|1698574121\n|move|p2a: Clodsire|Toxic|p1a: Dondozo\n|-status|p1a: Dondozo|tox\n|move|p1a: Dondozo|Wave Crash|p2a: Clodsire\n|-immune|p2a: Clodsire|[from] ability: Water Absorb\n|\n|-damage|p1a: Dondozo|94\/100 tox|[from] psn\n|upkeep\n|turn|7\n|-message|shoogshoog forfeited.\n|\n|win|FT Morgan\n|raw|shoogshoog's rating: 1094 &rarr; <strong>1084<\/strong><br \/>(-10 for losing)\n|raw|FT Morgan's rating: 1331 &rarr; <strong>1339<\/strong><br \/>(+8 for winning)\n|l|\u2606shoogshoog\n","uploadtime":1698574136,"views":15,"p1id":"shoogshoog","p2id":"ftmorgan","formatid":"gen9ubers","rating":1084,"private":0,"password":""}