{"id":"gen9ubers-1983049776","p1":"Munimo666","p2":"sanner889","format":"[Gen 9] Ubers","log":"|j|\u2606Munimo666\n|j|\u2606sanner889\n|t:|1699075518\n|gametype|singles\n|player|p1|Munimo666|swimmerf|1047\n|player|p2|sanner889|101|1016\n|teamsize|p1|6\n|teamsize|p2|6\n|gen|9\n|tier|[Gen 9] Ubers\n|rated|\n|rule|Sleep Clause Mod: Limit one foe put to sleep\n|rule|Species Clause: Limit one of each Pok\u00e9mon\n|rule|OHKO Clause: OHKO moves are banned\n|rule|Evasion Items Clause: Evasion items are banned\n|rule|Evasion Moves Clause: Evasion moves are banned\n|rule|Endless Battle Clause: Forcing endless battles is banned\n|rule|HP Percentage Mod: HP is shown in percentages\n|clearpoke\n|poke|p1|Ogerpon-Wellspring, F|\n|poke|p1|Garchomp, M|\n|poke|p1|Regieleki|\n|poke|p1|Kingambit, M|\n|poke|p1|Arceus-Fairy|\n|poke|p1|Annihilape, F|\n|poke|p2|Tyranitar, F|\n|poke|p2|Toxapex, F|\n|poke|p2|Lucario, M|\n|poke|p2|Charizard, F|\n|poke|p2|Rillaboom, M|\n|poke|p2|Baxcalibur, F|\n|teampreview\n|inactive|Battle timer is ON: inactive players will automatically lose when time's up. (requested by Munimo666)\n|\n|t:|1699075559\n|start\n|switch|p1a: Garchomp|Garchomp, M, shiny|100\/100\n|switch|p2a: Toxapex|Toxapex, F|100\/100\n|turn|1\n|\n|t:|1699075566\n|move|p1a: Garchomp|Swords Dance|p1a: Garchomp\n|-boost|p1a: Garchomp|atk|2\n|move|p2a: Toxapex|Toxic|p1a: Garchomp\n|-status|p1a: Garchomp|tox\n|\n|-damage|p1a: Garchomp|94\/100 tox|[from] psn\n|upkeep\n|turn|2\n|\n|t:|1699075575\n|move|p1a: Garchomp|Earthquake|p2a: Toxapex\n|-supereffective|p2a: Toxapex\n|-damage|p2a: Toxapex|0 fnt\n|faint|p2a: Toxapex\n|\n|-damage|p1a: Garchomp|82\/100 tox|[from] psn\n|upkeep\n|\n|t:|1699075585\n|switch|p2a: Rillaboom|Rillaboom, M|100\/100\n|-fieldstart|move: Grassy Terrain|[from] ability: Grassy Surge|[of] p2a: Rillaboom\n|turn|3\n|\n|t:|1699075591\n|move|p1a: Garchomp|Scale Shot|p2a: Rillaboom\n|-damage|p2a: Rillaboom|67\/100\n|-damage|p2a: Rillaboom|35\/100\n|-hitcount|p2a: Rillaboom|2\n|-unboost|p1a: Garchomp|def|1\n|-boost|p1a: Garchomp|spe|1\n|move|p2a: Rillaboom|Swords Dance|p2a: Rillaboom\n|-boost|p2a: Rillaboom|atk|2\n|\n|-heal|p1a: Garchomp|88\/100 tox|[from] Grassy Terrain\n|-heal|p2a: Rillaboom|41\/100|[from] Grassy Terrain\n|-damage|p1a: Garchomp|70\/100 tox|[from] psn\n|upkeep\n|turn|4\n|\n|t:|1699075605\n|move|p2a: Rillaboom|Grassy Glide|p1a: Garchomp\n|-damage|p1a: Garchomp|0 fnt\n|-damage|p2a: Rillaboom|28\/100|[from] ability: Rough Skin|[of] p1a: Garchomp\n|faint|p1a: Garchomp\n|\n|-heal|p2a: Rillaboom|35\/100|[from] Grassy Terrain\n|upkeep\n|\n|t:|1699075615\n|switch|p1a: Ogerpon|Ogerpon-Wellspring, F|100\/100\n|turn|5\n|\n|t:|1699075630\n|move|p2a: Rillaboom|Grassy Glide|p1a: Ogerpon\n|-damage|p1a: Ogerpon|0 fnt\n|faint|p1a: Ogerpon\n|\n|-heal|p2a: Rillaboom|41\/100|[from] Grassy Terrain\n|upkeep\n|-message|Munimo666 forfeited.\n|\n|win|sanner889\n|raw|Munimo666's rating: 1047 &rarr; <strong>1028<\/strong><br \/>(-19 for losing)\n|raw|sanner889's rating: 1003 &rarr; <strong>1048<\/strong><br \/>(+45 for winning)\n|l|\u2606Munimo666\n","uploadtime":1699075645,"views":13,"p1id":"munimo666","p2id":"sanner889","formatid":"gen9ubers","rating":1028,"private":0,"password":""}