{"id":"gen9ubers-1974667920","p1":"Sonad~","p2":"darkmoju","format":"[Gen 9] Ubers","log":"|j|\u2606Sonad~\n|j|\u2606darkmoju\n|t:|1698108493\n|gametype|singles\n|player|p1|Sonad~|zinnia|\n|player|p2|darkmoju|ghetsis-gen5bw|\n|teamsize|p1|6\n|teamsize|p2|6\n|gen|9\n|tier|[Gen 9] Ubers\n|rule|Sleep Clause Mod: Limit one foe put to sleep\n|rule|Species Clause: Limit one of each Pok\u00e9mon\n|rule|OHKO Clause: OHKO moves are banned\n|rule|Evasion Items Clause: Evasion items are banned\n|rule|Evasion Moves Clause: Evasion moves are banned\n|rule|Endless Battle Clause: Forcing endless battles is banned\n|rule|HP Percentage Mod: HP is shown in percentages\n|clearpoke\n|poke|p1|Ursaluna-Bloodmoon, M|\n|poke|p1|Miraidon|\n|poke|p1|Shaymin-Sky|\n|poke|p1|Urshifu-*, M|\n|poke|p1|Chi-Yu|\n|poke|p1|Zacian-*|\n|poke|p2|Dialga-Origin|\n|poke|p2|Palkia-Origin|\n|poke|p2|Giratina-Origin|\n|poke|p2|Arceus|\n|poke|p2|Groudon|\n|poke|p2|Eternatus|\n|teampreview\n|j| Hand0fD00m\n|c|\u2606Sonad~|here we go\n|c|\u2606darkmoju|gl on this phenomenal series\n|c|\u2606Sonad~|can i just remove urshifu?\n|c|\u2606Sonad~|hell yeah brother\n|c|\u2606Sonad~|back at ya\n|c|\u2606darkmoju|only if i can SD 4 times with arceus\n|c| Hand0fD00m|gl guys, the hypest set got a sequel just as good\n|c|\u2606Sonad~|uhm\n|c|\u2606Sonad~|i may have a wrong moveset?\n|c|\u2606darkmoju|sounds like a good trade for you\n|c|\u2606darkmoju|oh?\n|c|\u2606Sonad~|when i hover over zacian it shows iron head\n|c|\u2606Sonad~|instead of the behemoth blade or w\/e\n|c|\u2606Sonad~|i didnt change it in teambuilder..\n|c|\u2606darkmoju|did you change anything between games?\n|c|\u2606Sonad~|no\n|c| Hand0fD00m|Nathan if you allow him to switch its ok\n|c|\u2606Sonad~|i sent aNOTHER\n|c|\u2606Sonad~|dont end\n|j| Rival Andrew\n|c|\u2606Sonad~|we good\n|c|\u2606Sonad~|weird showdown bug apparently\n|c|\u2606darkmoju|oh okay cool\n|c| Hand0fD00m|ah okay\n|c| Rival Andrew|you techinically havent changed forms yet\n|c|\u2606Sonad~|maybe iron head like becomes behemoth blade when you hold the rusty sword??\n|c| Rival Andrew|yup\n|c|\u2606Sonad~|ohj\n|c| Rival Andrew|thats exactly it\n|c|\u2606Sonad~|okay maybe i knew that lol\n|\n|t:|1698108723\n|start\n|switch|p1a: Miraidon|Miraidon|100\/100\n|switch|p2a: Arceus|Arceus, shiny|100\/100\n|-fieldstart|move: Electric Terrain|[from] ability: Hadron Engine|[of] p1a: Miraidon\n|turn|1\n|\n|t:|1698108741\n|move|p2a: Arceus|Extreme Speed|p1a: Miraidon\n|-damage|p1a: Miraidon|51\/100\n|move|p1a: Miraidon|Electro Drift|p2a: Arceus\n|-damage|p2a: Arceus|5\/100\n|\n|upkeep\n|turn|2\n|c|\u2606darkmoju|ARCEUS YOU TANKY GOD\n|\n|t:|1698108762\n|move|p2a: Arceus|Extreme Speed|p1a: Miraidon\n|-damage|p1a: Miraidon|0 fnt\n|faint|p1a: Miraidon\n|\n|upkeep\n|c|\u2606darkmoju|now pls\n|c|\u2606darkmoju|ty\n|c|\u2606Sonad~|ow\n|\n|t:|1698108806\n|switch|p1a: Chi-Yu|Chi-Yu|100\/100\n|-ability|p1a: Chi-Yu|Beads of Ruin\n|turn|3\n|\n|t:|1698108821\n|move|p1a: Chi-Yu|Dark Pulse|p2a: Arceus\n|-damage|p2a: Arceus|0 fnt\n|faint|p2a: Arceus\n|\n|upkeep\n|\n|t:|1698108832\n|switch|p2a: Palkia|Palkia-Origin|100\/100\n|-ability|p2a: Palkia|Pressure\n|turn|4\n|c|\u2606Sonad~|the snacc that smiles back\n|c|\u2606darkmoju|i was worried you were gunna tera ghost lol\n|\n|t:|1698108860\n|move|p2a: Palkia|Spacial Rend|p1a: Chi-Yu\n|-damage|p1a: Chi-Yu|20\/100\n|move|p1a: Chi-Yu|Dark Pulse|p2a: Palkia\n|-damage|p2a: Palkia|53\/100\n|\n|upkeep\n|turn|5\n|c|\u2606Sonad~|iknew you'd think that\n|c|\u2606Sonad~|yes\n|c|\u2606Sonad~|totallty\n|c|\u2606darkmoju|LOL\n|\n|t:|1698108899\n|switch|p1a: Zacian|Zacian-Crowned|100\/100\n|-ability|p1a: Zacian|Intrepid Sword|boost\n|-boost|p1a: Zacian|atk|1\n|move|p2a: Palkia|Fire Blast|p1a: Zacian\n|-supereffective|p1a: Zacian\n|-damage|p1a: Zacian|25\/100\n|\n|-fieldend|move: Electric Terrain\n|upkeep\n|turn|6\n|c|\u2606darkmoju|FINALLY\n|c|\u2606Sonad~|smh\n|\n|t:|1698108919\n|move|p1a: Zacian|Play Rough|p2a: Palkia\n|-supereffective|p2a: Palkia\n|-damage|p2a: Palkia|0 fnt\n|faint|p2a: Palkia\n|\n|upkeep\n|\n|t:|1698108923\n|switch|p2a: Dialga|Dialga-Origin|100\/100\n|-ability|p2a: Dialga|Pressure\n|turn|7\n|c|\u2606Sonad~|still ded tho\n|c|\u2606darkmoju|that is okay.\n|\n|t:|1698108935\n|move|p1a: Zacian|Play Rough|p2a: Dialga\n|-damage|p2a: Dialga|39\/100\n|move|p2a: Dialga|Flash Cannon|p1a: Zacian\n|-damage|p1a: Zacian|0 fnt\n|faint|p1a: Zacian\n|\n|upkeep\n|c| Hand0fD00m|lol\n|\n|t:|1698108941\n|switch|p1a: Chi-Yu|Chi-Yu|20\/100\n|-ability|p1a: Chi-Yu|Beads of Ruin\n|turn|8\n|c|\u2606Sonad~|!dt palkia-origin\n|raw|<div class=\"message\"><ul class=\"utilichart\"><li class=\"result\"><span class=\"col numcol\">Uber<\/span> <span class=\"col iconcol\"><psicon pokemon=\"palkiaorigin\"\/><\/span> <span class=\"col pokemonnamecol\" style=\"white-space:nowrap\"><a href=\"https:\/\/dex.pokemonshowdown.com\/pokemon\/palkiaorigin\" target=\"_blank\">Palkia-Origin<\/a><\/span> <span class=\"col typecol\"><img src=\"https:\/\/play.pokemonshowdown.com\/sprites\/types\/Water.png\" alt=\"Water\" height=\"14\" width=\"32\"><img src=\"https:\/\/play.pokemonshowdown.com\/sprites\/types\/Dragon.png\" alt=\"Dragon\" height=\"14\" width=\"32\"><\/span> <span style=\"float:left;min-height:26px\"><span class=\"col abilitycol\">Pressure<\/span><span class=\"col abilitycol\"><em>Telepathy<\/em><\/span><\/span><span style=\"float:left;min-height:26px\"><span class=\"col statcol\"><em>HP<\/em><br \/>90<\/span> <span class=\"col statcol\"><em>Atk<\/em><br \/>100<\/span> <span class=\"col statcol\"><em>Def<\/em><br \/>100<\/span> <span class=\"col statcol\"><em>SpA<\/em><br \/>150<\/span> <span class=\"col statcol\"><em>SpD<\/em><br \/>120<\/span> <span class=\"col statcol\"><em>Spe<\/em><br \/>120<\/span> <span class=\"col bstcol\"><em>BST<br \/>680<\/em><\/span> <\/span><\/li><li style=\"clear:both\"><\/li><\/ul><\/div>\n|raw|<font size=\"1\"><font color=\"#686868\">Dex#:<\/font> 484&nbsp;|&ThickSpace;<font color=\"#686868\">Gen:<\/font> 8&nbsp;|&ThickSpace;<font color=\"#686868\">Height:<\/font> 6.3 m&nbsp;|&ThickSpace;<font color=\"#686868\">Weight:<\/font> 660 kg <em>(120 BP)<\/em>&nbsp;|&ThickSpace;<font color=\"#686868\">Dex Colour:<\/font> Purple&nbsp;|&ThickSpace;<font color=\"#686868\">Egg Group(s):<\/font> Undiscovered&nbsp;|&ThickSpace;<font color=\"#686868\">Does Not Evolve<\/font><\/font>\n\n|c|\u2606Sonad~|!dt dialga-origin\n|raw|<div class=\"message\"><ul class=\"utilichart\"><li class=\"result\"><span class=\"col numcol\">Uber<\/span> <span class=\"col iconcol\"><psicon pokemon=\"dialgaorigin\"\/><\/span> <span class=\"col pokemonnamecol\" style=\"white-space:nowrap\"><a href=\"https:\/\/dex.pokemonshowdown.com\/pokemon\/dialgaorigin\" target=\"_blank\">Dialga-Origin<\/a><\/span> <span class=\"col typecol\"><img src=\"https:\/\/play.pokemonshowdown.com\/sprites\/types\/Steel.png\" alt=\"Steel\" height=\"14\" width=\"32\"><img src=\"https:\/\/play.pokemonshowdown.com\/sprites\/types\/Dragon.png\" alt=\"Dragon\" height=\"14\" width=\"32\"><\/span> <span style=\"float:left;min-height:26px\"><span class=\"col abilitycol\">Pressure<\/span><span class=\"col abilitycol\"><em>Telepathy<\/em><\/span><\/span><span style=\"float:left;min-height:26px\"><span class=\"col statcol\"><em>HP<\/em><br \/>100<\/span> <span class=\"col statcol\"><em>Atk<\/em><br \/>100<\/span> <span class=\"col statcol\"><em>Def<\/em><br \/>120<\/span> <span class=\"col statcol\"><em>SpA<\/em><br \/>150<\/span> <span class=\"col statcol\"><em>SpD<\/em><br \/>120<\/span> <span class=\"col statcol\"><em>Spe<\/em><br \/>90<\/span> <span class=\"col bstcol\"><em>BST<br \/>680<\/em><\/span> <\/span><\/li><li style=\"clear:both\"><\/li><\/ul><\/div>\n|raw|<font size=\"1\"><font color=\"#686868\">Dex#:<\/font> 483&nbsp;|&ThickSpace;<font color=\"#686868\">Gen:<\/font> 8&nbsp;|&ThickSpace;<font color=\"#686868\">Height:<\/font> 7 m&nbsp;|&ThickSpace;<font color=\"#686868\">Weight:<\/font> 850 kg <em>(120 BP)<\/em>&nbsp;|&ThickSpace;<font color=\"#686868\">Dex Colour:<\/font> White&nbsp;|&ThickSpace;<font color=\"#686868\">Egg Group(s):<\/font> Undiscovered&nbsp;|&ThickSpace;<font color=\"#686868\">Does Not Evolve<\/font><\/font>\n\n|c|\u2606Sonad~|that speed diff tho\n|\n|t:|1698108978\n|move|p1a: Chi-Yu|Flamethrower|p2a: Dialga\n|-damage|p2a: Dialga|0 fnt\n|faint|p2a: Dialga\n|\n|upkeep\n|c|\u2606darkmoju|why is dialgas color white?\n|c|\u2606Sonad~|?\n|\n|t:|1698108987\n|switch|p2a: Eternatus|Eternatus|100\/100\n|-ability|p2a: Eternatus|Pressure\n|turn|9\n|c|\u2606Sonad~|where\n|c|\u2606Sonad~|oh\n|c|\u2606Sonad~|oh!\n|c|\u2606Sonad~|wtf\n|c| Hand0fD00m|shiny origin?\n|c|\u2606Sonad~|must be the 'steel' color\n|c| Hand0fD00m|oh wait wtf\n|c|\u2606darkmoju|i guess yeah\n|\n|t:|1698109024\n|move|p2a: Eternatus|Dynamax Cannon|p1a: Chi-Yu\n|-damage|p1a: Chi-Yu|0 fnt\n|faint|p1a: Chi-Yu\n|\n|upkeep\n|\n|t:|1698109029\n|switch|p1a: Ursaluna|Ursaluna-Bloodmoon, M|100\/100\n|turn|10\n|c| Hand0fD00m|dex colors are as wrong as height and weight\n|c|\u2606Sonad~|weight is soo wrong\n|c|\u2606Sonad~|height can be subjective and whatnot\n|c|\u2606Sonad~|but\n|c|\u2606Sonad~|!dt mudsdale\n|raw|<div class=\"message\"><ul class=\"utilichart\"><li class=\"result\"><span class=\"col numcol\">RU<\/span> <span class=\"col iconcol\"><psicon pokemon=\"mudsdale\"\/><\/span> <span class=\"col pokemonnamecol\" style=\"white-space:nowrap\"><a href=\"https:\/\/dex.pokemonshowdown.com\/pokemon\/mudsdale\" target=\"_blank\">Mudsdale<\/a><\/span> <span class=\"col typecol\"><img src=\"https:\/\/play.pokemonshowdown.com\/sprites\/types\/Ground.png\" alt=\"Ground\" height=\"14\" width=\"32\"><\/span> <span style=\"float:left;min-height:26px\"><span class=\"col twoabilitycol\">Own Tempo<br \/>Stamina<\/span><span class=\"col abilitycol\"><em>Inner Focus<\/em><\/span><\/span><span style=\"float:left;min-height:26px\"><span class=\"col statcol\"><em>HP<\/em><br \/>100<\/span> <span class=\"col statcol\"><em>Atk<\/em><br \/>125<\/span> <span class=\"col statcol\"><em>Def<\/em><br \/>100<\/span> <span class=\"col statcol\"><em>SpA<\/em><br \/>55<\/span> <span class=\"col statcol\"><em>SpD<\/em><br \/>85<\/span> <span class=\"col statcol\"><em>Spe<\/em><br \/>35<\/span> <span class=\"col bstcol\"><em>BST<br \/>500<\/em><\/span> <\/span><\/li><li style=\"clear:both\"><\/li><\/ul><\/div>\n|raw|<font size=\"1\"><font color=\"#686868\">Dex#:<\/font> 750&nbsp;|&ThickSpace;<font color=\"#686868\">Gen:<\/font> 7&nbsp;|&ThickSpace;<font color=\"#686868\">Height:<\/font> 2.5 m&nbsp;|&ThickSpace;<font color=\"#686868\">Weight:<\/font> 920 kg <em>(120 BP)<\/em>&nbsp;|&ThickSpace;<font color=\"#686868\">Dex Colour:<\/font> Brown&nbsp;|&ThickSpace;<font color=\"#686868\">Egg Group(s):<\/font> Field&nbsp;|&ThickSpace;<font color=\"#686868\">Does Not Evolve<\/font><\/font>\n\n|c|\u2606Sonad~|!dt wailord\n|raw|<div class=\"message\"><ul class=\"utilichart\"><li class=\"result\"><span class=\"col numcol\">Illegal<\/span> <span class=\"col iconcol\"><psicon pokemon=\"wailord\"\/><\/span> <span class=\"col pokemonnamecol\" style=\"white-space:nowrap\"><a href=\"https:\/\/dex.pokemonshowdown.com\/pokemon\/wailord\" target=\"_blank\">Wailord<\/a><\/span> <span class=\"col typecol\"><img src=\"https:\/\/play.pokemonshowdown.com\/sprites\/types\/Water.png\" alt=\"Water\" height=\"14\" width=\"32\"><\/span> <span style=\"float:left;min-height:26px\"><span class=\"col twoabilitycol\">Water Veil<br \/>Oblivious<\/span><span class=\"col abilitycol\"><em>Pressure<\/em><\/span><\/span><span style=\"float:left;min-height:26px\"><span class=\"col statcol\"><em>HP<\/em><br \/>170<\/span> <span class=\"col statcol\"><em>Atk<\/em><br \/>90<\/span> <span class=\"col statcol\"><em>Def<\/em><br \/>45<\/span> <span class=\"col statcol\"><em>SpA<\/em><br \/>90<\/span> <span class=\"col statcol\"><em>SpD<\/em><br \/>45<\/span> <span class=\"col statcol\"><em>Spe<\/em><br \/>60<\/span> <span class=\"col bstcol\"><em>BST<br \/>500<\/em><\/span> <\/span><\/li><li style=\"clear:both\"><\/li><\/ul><\/div>\n|raw|<font size=\"1\"><font color=\"#686868\">Dex#:<\/font> 321&nbsp;|&ThickSpace;<font color=\"#686868\">Gen:<\/font> 3&nbsp;|&ThickSpace;<font color=\"#686868\">Height:<\/font> 14.5 m&nbsp;|&ThickSpace;<font color=\"#686868\">Weight:<\/font> 398 kg <em>(120 BP)<\/em>&nbsp;|&ThickSpace;<font color=\"#686868\">Dex Colour:<\/font> Blue&nbsp;|&ThickSpace;<font color=\"#686868\">Egg Group(s):<\/font> Field, Water 2&nbsp;|&ThickSpace;<font color=\"#686868\">Does Not Evolve<\/font><\/font>\n\n|c|\u2606Sonad~|???\n|\n|t:|1698109073\n|-terastallize|p2a: Eternatus|Fairy\n|move|p2a: Eternatus|Dynamax Cannon|p1a: Ursaluna\n|-damage|p1a: Ursaluna|25\/100\n|move|p1a: Ursaluna|Earth Power|p2a: Eternatus\n|-damage|p2a: Eternatus|40\/100\n|-damage|p1a: Ursaluna|15\/100|[from] item: Life Orb\n|\n|upkeep\n|turn|11\n|c| Hand0fD00m|lol\n|c|\u2606darkmoju|look at that sick guy\n|\n|t:|1698109088\n|move|p2a: Eternatus|Dynamax Cannon|p1a: Ursaluna\n|-damage|p1a: Ursaluna|0 fnt\n|faint|p1a: Ursaluna\n|\n|upkeep\n|\n|t:|1698109102\n|switch|p1a: Shaymin|Shaymin-Sky|100\/100\n|turn|12\n|\n|t:|1698109114\n|-terastallize|p1a: Shaymin|Steel\n|move|p1a: Shaymin|Tera Blast|p2a: Eternatus|[anim] Tera Blast Steel\n|-supereffective|p2a: Eternatus\n|-damage|p2a: Eternatus|0 fnt\n|faint|p2a: Eternatus\n|\n|upkeep\n|\n|t:|1698109117\n|switch|p2a: Groudon|Groudon|100\/100\n|-weather|SunnyDay|[from] ability: Drought|[of] p2a: Groudon\n|turn|13\n|\n|t:|1698109127\n|switch|p1a: Urshifu|Urshifu-Rapid-Strike, M|100\/100\n|move|p2a: Groudon|Heat Crash|p1a: Urshifu\n|-resisted|p1a: Urshifu\n|-damage|p1a: Urshifu|69\/100\n|\n|-weather|SunnyDay|[upkeep]\n|upkeep\n|turn|14\n|\n|t:|1698109135\n|switch|p2a: Giratina|Giratina-Origin, shiny|100\/100\n|move|p1a: Urshifu|Protect||[still]\n|-fail|p1a: Urshifu\n|\n|-weather|SunnyDay|[upkeep]\n|upkeep\n|turn|15\n|c|\u2606Sonad~|oop\n|\n|t:|1698109146\n|move|p1a: Urshifu|Surging Strikes|p2a: Giratina\n|-resisted|p2a: Giratina\n|-crit|p2a: Giratina\n|-damage|p2a: Giratina|97\/100\n|-resisted|p2a: Giratina\n|-crit|p2a: Giratina\n|-damage|p2a: Giratina|93\/100\n|-resisted|p2a: Giratina\n|-crit|p2a: Giratina\n|-damage|p2a: Giratina|89\/100\n|-hitcount|p2a: Giratina|3\n|move|p2a: Giratina|Shadow Ball|p1a: Urshifu\n|-damage|p1a: Urshifu|3\/100\n|\n|-weather|SunnyDay|[upkeep]\n|upkeep\n|turn|16\n|c| Hand0fD00m|urshifus here to prove himself\n|c|\u2606Sonad~|:(\n|c|\u2606Sonad~|sun go away\n|\n|t:|1698109161\n|move|p1a: Urshifu|Protect|p1a: Urshifu\n|-singleturn|p1a: Urshifu|Protect\n|move|p2a: Giratina|Shadow Sneak|p1a: Urshifu\n|-activate|p1a: Urshifu|move: Protect\n|\n|-weather|SunnyDay|[upkeep]\n|upkeep\n|turn|17\n|\n|t:|1698109166\n|move|p1a: Urshifu|Protect||[still]\n|-fail|p1a: Urshifu\n|move|p2a: Giratina|Shadow Sneak|p1a: Urshifu\n|-damage|p1a: Urshifu|0 fnt\n|faint|p1a: Urshifu\n|\n|-weather|none\n|upkeep\n|c|\u2606darkmoju|sun can stay\n|\n|t:|1698109171\n|switch|p1a: Shaymin|Shaymin-Sky, tera:Steel|100\/100\n|turn|18\n|c|\u2606Sonad~|..\n|c|\u2606Sonad~|you ready?\n|c| Rival Andrew|flinch\n|\n|t:|1698109191\n|move|p2a: Giratina|Shadow Sneak|p1a: Shaymin\n|-damage|p1a: Shaymin|72\/100\n|move|p1a: Shaymin|Air Slash|p2a: Giratina\n|-damage|p2a: Giratina|60\/100\n|\n|upkeep\n|turn|19\n|c|\u2606darkmoju|i am\n|c| Rival Andrew|go flinch go\n|c| Hand0fD00m|need some flinches lol\n|\n|t:|1698109197\n|move|p2a: Giratina|Shadow Sneak|p1a: Shaymin\n|-damage|p1a: Shaymin|45\/100\n|move|p1a: Shaymin|Air Slash|p2a: Giratina\n|-damage|p2a: Giratina|29\/100\n|\n|upkeep\n|turn|20\n|\n|t:|1698109203\n|move|p2a: Giratina|Shadow Sneak|p1a: Shaymin\n|-damage|p1a: Shaymin|18\/100\n|move|p1a: Shaymin|Air Slash|p2a: Giratina\n|-damage|p2a: Giratina|0 fnt\n|faint|p2a: Giratina\n|\n|upkeep\n|c|\u2606darkmoju|low roll\n|\n|t:|1698109207\n|switch|p2a: Groudon|Groudon|100\/100\n|-weather|SunnyDay|[from] ability: Drought|[of] p2a: Groudon\n|turn|21\n|\n|t:|1698109212\n|move|p1a: Shaymin|Air Slash|p2a: Groudon\n|-damage|p2a: Groudon|76\/100\n|cant|p2a: Groudon|flinch\n|\n|-weather|SunnyDay|[upkeep]\n|-heal|p2a: Groudon|83\/100|[from] item: Leftovers\n|upkeep\n|turn|22\n|c|\u2606Sonad~|well bro\n|c|\u2606Sonad~|gg\n|c|\u2606darkmoju|gg\n|c|\u2606Sonad~|i imagine you got this\n|c| Hand0fD00m|its down to flinches\n|c|\u2606Sonad~|i need 60% 4 more times\n|c|\u2606Sonad~|er\n|c|\u2606Sonad~|3 i guess\n|c|\u2606Sonad~|4 hits\n|c|\u2606Sonad~|idt im getting it\n|c|\u2606Sonad~|go kick enze's ass tho\n|\n|t:|1698109247\n|move|p1a: Shaymin|Air Slash|p2a: Groudon\n|-damage|p2a: Groudon|57\/100\n|cant|p2a: Groudon|flinch\n|\n|-weather|SunnyDay|[upkeep]\n|-heal|p2a: Groudon|63\/100|[from] item: Leftovers\n|upkeep\n|turn|23\n|\n|t:|1698109252\n|move|p1a: Shaymin|Air Slash|p2a: Groudon|[miss]\n|-miss|p1a: Shaymin|p2a: Groudon\n|move|p2a: Groudon|Heat Crash|p1a: Shaymin\n|-supereffective|p1a: Shaymin\n|-damage|p1a: Shaymin|0 fnt\n|faint|p1a: Shaymin\n|\n|win|darkmoju\n|c|\u2606Sonad~|nooo\n|c|\u2606darkmoju|gg!\n|c|\u2606Sonad~|wtf\n|c|\u2606Sonad~|jajhaja\n|c|\u2606Sonad~|hahaha\n|c|\u2606darkmoju|the miss is so unfort\n|c| Rival Andrew|pokemon\n|c|\u2606Sonad~|!dt air slash\n|raw|<ul class=\"utilichart\"><li class=\"result\"><span class=\"col movenamecol\"><a href=\"https:\/\/dex.pokemonshowdown.com\/moves\/airslash\">Air Slash<\/a><\/span> <span class=\"col typecol\"><img src=\"\/\/play.pokemonshowdown.com\/sprites\/types\/Flying.png\" alt=\"Flying\" width=\"32\" height=\"14\"><img src=\"\/\/play.pokemonshowdown.com\/sprites\/categories\/Special.png\" alt=\"Special\" width=\"32\" height=\"14\"><\/span> <span class=\"col labelcol\"><em>Power<\/em><br>75<\/span> <span class=\"col widelabelcol\"><em>Accuracy<\/em><br>95%<\/span> <span class=\"col pplabelcol\"><em>PP<\/em><br>24<\/span> <span class=\"col movedesccol\">30% chance to make the target flinch.<\/span> <\/li><li style=\"clear:both\"><\/li><\/ul>\n|raw|<font size=\"1\"><font color=\"#686868\">Priority:<\/font> 0&nbsp;|&ThickSpace;<font color=\"#686868\">Gen:<\/font> 4&nbsp;|&ThickSpace;&#10003; Boosted by Sheer Force&nbsp;|&ThickSpace;&#10003; Slicing move&nbsp;|&ThickSpace;<font color=\"#686868\">Z-Power:<\/font> 140&nbsp;|&ThickSpace;<font color=\"#686868\">Dynamax Power:<\/font> 130&nbsp;|&ThickSpace;<font color=\"#686868\">Target:<\/font> Any Pok\u00e9mon<\/font>\n\n|c|\u2606Sonad~|95%\n|c| Hand0fD00m|lol gg guys, crazy sets\n|c| Rival Andrew|the game\n|c|\u2606Sonad~|i didnt even realize\n|c|\u2606Sonad~|hahaha'\n","uploadtime":1698109275,"views":9,"p1id":"sonad","p2id":"darkmoju","formatid":"gen9ubers","rating":0,"private":0,"password":""}