{"id":"gen9ubers-1984465311","p1":"adpg.alt","p2":"XpokVEVO","format":"[Gen 9] Ubers","log":"|j|\u2606adpg.alt\n|j|\u2606XpokVEVO\n|t:|1699268111\n|gametype|singles\n|player|p1|adpg.alt|hilbert-wonderlauncher|\n|player|p2|XpokVEVO|mustard|\n|teamsize|p1|6\n|teamsize|p2|6\n|gen|9\n|tier|[Gen 9] Ubers\n|rule|Sleep Clause Mod: Limit one foe put to sleep\n|rule|Species Clause: Limit one of each Pok\u00e9mon\n|rule|OHKO Clause: OHKO moves are banned\n|rule|Evasion Items Clause: Evasion items are banned\n|rule|Evasion Moves Clause: Evasion moves are banned\n|rule|Endless Battle Clause: Forcing endless battles is banned\n|rule|HP Percentage Mod: HP is shown in percentages\n|clearpoke\n|poke|p1|Torkoal, M|\n|poke|p1|Roaring Moon|\n|poke|p1|Walking Wake|\n|poke|p1|Lilligant-Hisui, F|\n|poke|p1|Sandy Shocks|\n|poke|p1|Zacian-*|\n|poke|p2|Cyclizar, M|\n|poke|p2|Espathra, M|\n|poke|p2|Zacian-*|\n|poke|p2|Roaring Moon|\n|poke|p2|Arceus-Fire|\n|poke|p2|Magearna|\n|teampreview\n|inactive|Battle timer is ON: inactive players will automatically lose when time's up. (requested by XpokVEVO)\n|\n|t:|1699268127\n|start\n|switch|p1a: Torkoal|Torkoal, M|100\/100\n|switch|p2a: Roaring Peak|Roaring Moon|100\/100\n|-weather|SunnyDay|[from] ability: Drought|[of] p1a: Torkoal\n|-activate|p2a: Roaring Peak|ability: Protosynthesis\n|-start|p2a: Roaring Peak|protosynthesisspe\n|turn|1\n|c|\u2606XpokVEVO|Oh god of misinputs\n|\n|t:|1699268138\n|-end|p2a: Roaring Peak|Protosynthesis|[silent]\n|switch|p2a: Ar\u0441eus-Fighting|Arceus-Fire, shiny|100\/100\n|move|p1a: Torkoal|Yawn|p2a: Ar\u0441eus-Fighting\n|-start|p2a: Ar\u0441eus-Fighting|move: Yawn|[of] p1a: Torkoal\n|\n|-weather|SunnyDay|[upkeep]\n|upkeep\n|turn|2\n|\n|t:|1699268146\n|switch|p2a: Akira|Cyclizar, M|100\/100\n|switch|p1a: Walking Wake|Walking Wake|100\/100\n|-activate|p1a: Walking Wake|ability: Protosynthesis\n|-start|p1a: Walking Wake|protosynthesisspe\n|\n|-weather|SunnyDay|[upkeep]\n|upkeep\n|turn|3\n|\n|t:|1699268160\n|-terastallize|p1a: Walking Wake|Water\n|move|p1a: Walking Wake|Hydro Steam|p2a: Akira\n|-resisted|p2a: Akira\n|-damage|p2a: Akira|21\/100\n|move|p2a: Akira|Shed Tail|p2a: Akira\n|-fail|p2a: Akira|move: Shed Tail|[weak]\n|\n|-weather|SunnyDay|[upkeep]\n|upkeep\n|turn|4\n|c|\u2606XpokVEVO|Re\n|-message|XpokVEVO forfeited.\n|\n|win|adpg.alt\n","uploadtime":1699268631,"views":5,"p1id":"adpgalt","p2id":"xpokvevo","formatid":"gen9ubers","rating":0,"private":0,"password":""}