{"id":"gen9ubers-1990955461","p1":"Electricratman","p2":"dazedaze","format":"[Gen 9] Ubers","log":"|j|\u2606Electricratman\n|j|\u2606dazedaze\n|t:|1700019441\n|gametype|singles\n|player|p1|Electricratman|101|1090\n|player|p2|dazedaze|170|1000\n|teamsize|p1|6\n|teamsize|p2|6\n|gen|9\n|tier|[Gen 9] Ubers\n|rated|\n|rule|Sleep Clause Mod: Limit one foe put to sleep\n|rule|Species Clause: Limit one of each Pok\u00e9mon\n|rule|OHKO Clause: OHKO moves are banned\n|rule|Evasion Items Clause: Evasion items are banned\n|rule|Evasion Moves Clause: Evasion moves are banned\n|rule|Endless Battle Clause: Forcing endless battles is banned\n|rule|HP Percentage Mod: HP is shown in percentages\n|clearpoke\n|poke|p1|Sandaconda, M|\n|poke|p1|Enamorus-Therian, F|\n|poke|p1|Magearna|\n|poke|p1|Weezing-Galar, M|\n|poke|p1|Thundurus-Therian, M|\n|poke|p1|Arcanine-Hisui, F|\n|poke|p2|Empoleon, M|\n|poke|p2|Dragapult, M|\n|poke|p2|Ninetales-Alola, M|\n|poke|p2|Rillaboom, F|\n|poke|p2|Sneasler, F|\n|poke|p2|Gliscor, M|\n|teampreview\n|inactive|Battle timer is ON: inactive players will automatically lose when time's up. (requested by dazedaze)\n|inactive|Electricratman has 120 seconds left.\n|\n|t:|1700019533\n|start\n|switch|p1a: Randy|Sandaconda, M, shiny|100\/100\n|switch|p2a: Man-Bat|Gliscor, M, shiny|100\/100\n|turn|1\n|\n|t:|1700019556\n|move|p2a: Man-Bat|Toxic|p1a: Randy\n|-status|p1a: Randy|tox\n|move|p1a: Randy|Glare|p2a: Man-Bat\n|-status|p2a: Man-Bat|par\n|\n|-damage|p1a: Randy|94\/100 tox|[from] psn\n|upkeep\n|turn|2\n|c|\u2606dazedaze|cringe\n|\n|t:|1700019572\n|move|p1a: Randy|Stone Edge|p2a: Man-Bat\n|-damage|p2a: Man-Bat|80\/100 par\n|move|p2a: Man-Bat|Spikes|p1a: Randy\n|-sidestart|p1: Electricratman|Spikes\n|\n|-damage|p1a: Randy|82\/100 tox|[from] psn\n|upkeep\n|turn|3\n|\n|t:|1700019585\n|switch|p1a: Weezing|Weezing-Galar, M, shiny|100\/100\n|move|p2a: Man-Bat|Spikes|p1a: Weezing\n|-sidestart|p1: Electricratman|Spikes\n|\n|upkeep\n|turn|4\n|\n|t:|1700019592\n|move|p1a: Weezing|Defog|p2a: Man-Bat\n|-unboost|p2a: Man-Bat|evasion|1\n|-sideend|p1: Electricratman|Spikes|[from] move: Defog|[of] p1a: Weezing\n|move|p2a: Man-Bat|Spikes|p1a: Weezing\n|-sidestart|p1: Electricratman|Spikes\n|\n|upkeep\n|turn|5\n|-message|dazedaze forfeited.\n|\n|win|Electricratman\n|raw|Electricratman's rating: 1090 &rarr; <strong>1110<\/strong><br \/>(+20 for winning)\n|raw|dazedaze's rating: 1000 &rarr; <strong>1000<\/strong><br \/>(+0 for losing)\n|l|\u2606dazedaze\n","uploadtime":1700019624,"views":15,"p1id":"electricratman","p2id":"dazedaze","formatid":"gen9ubers","rating":1000,"private":0,"password":""}