{"id":"gen9ubers-1985104644","p1":"RyRy01","p2":"Amnesia2004","format":"[Gen 9] Ubers","log":"|j|\u2606RyRy01\n|j|\u2606Amnesia2004\n|t:|1699331445\n|gametype|singles\n|player|p1|RyRy01|cyrus|1159\n|player|p2|Amnesia2004|2|1254\n|teamsize|p1|6\n|teamsize|p2|6\n|gen|9\n|tier|[Gen 9] Ubers\n|rated|\n|rule|Sleep Clause Mod: Limit one foe put to sleep\n|rule|Species Clause: Limit one of each Pok\u00e9mon\n|rule|OHKO Clause: OHKO moves are banned\n|rule|Evasion Items Clause: Evasion items are banned\n|rule|Evasion Moves Clause: Evasion moves are banned\n|rule|Endless Battle Clause: Forcing endless battles is banned\n|rule|HP Percentage Mod: HP is shown in percentages\n|clearpoke\n|poke|p1|Kyogre|\n|poke|p1|Miraidon|\n|poke|p1|Regieleki|\n|poke|p1|Palafin, M|\n|poke|p1|Iron Bundle|\n|poke|p1|Flutter Mane|\n|poke|p2|Kyogre|\n|poke|p2|Shaymin-Sky|\n|poke|p2|Iron Bundle|\n|poke|p2|Gastrodon-East, M|\n|poke|p2|Scizor, F|\n|poke|p2|Grimmsnarl, M|\n|teampreview\n|inactive|Battle timer is ON: inactive players will automatically lose when time's up. (requested by Amnesia2004)\n|\n|t:|1699331459\n|start\n|switch|p1a: Miraidon|Miraidon|100\/100\n|switch|p2a: Shaymin|Shaymin-Sky|100\/100\n|-fieldstart|move: Electric Terrain|[from] ability: Hadron Engine|[of] p1a: Miraidon\n|turn|1\n|\n|t:|1699331463\n|-terastallize|p2a: Shaymin|Fairy\n|move|p1a: Miraidon|Volt Switch|p2a: Shaymin\n|-damage|p2a: Shaymin|0 fnt\n|faint|p2a: Shaymin\n|-message|Amnesia2004 forfeited.\n|\n|win|RyRy01\n|raw|RyRy01's rating: 1159 &rarr; <strong>1191<\/strong><br \/>(+32 for winning)\n|raw|Amnesia2004's rating: 1265 &rarr; <strong>1233<\/strong><br \/>(-32 for losing)\n|l|\u2606Amnesia2004\n","uploadtime":1699331484,"views":4,"p1id":"ryry01","p2id":"amnesia2004","formatid":"gen9ubers","rating":1191,"private":0,"password":""}