{"id":"gen9ubers-1993070815","p1":"RIP Urshifu","p2":"Itriedtodo","format":"[Gen 9] Ubers","log":"|j|\u2606RIP Urshifu\n|j|\u2606Itriedtodo\n|inactive|Battle timer is ON: inactive players will automatically lose when time's up.\n|t:|1700261432\n|gametype|singles\n|player|p1|RIP Urshifu|falkner|\n|player|p2|Itriedtodo|teamrocket|\n|teamsize|p1|3\n|teamsize|p2|3\n|gen|9\n|tier|[Gen 9] Ubers\n|rated|Tournament battle\n|rule|Sleep Clause Mod: Limit one foe put to sleep\n|rule|Species Clause: Limit one of each Pok\u00e9mon\n|rule|OHKO Clause: OHKO moves are banned\n|rule|Evasion Items Clause: Evasion items are banned\n|rule|Evasion Moves Clause: Evasion moves are banned\n|rule|Endless Battle Clause: Forcing endless battles is banned\n|rule|HP Percentage Mod: HP is shown in percentages\n|rule|Terastal Clause: You cannot Terastallize\n|clearpoke\n|poke|p1|Miraidon|\n|poke|p1|Iron Bundle|\n|poke|p1|Zacian-*|\n|poke|p2|Arceus|\n|poke|p2|Iron Valiant|\n|poke|p2|Skeledirge, F|\n|teampreview|1\n|j|*Lady Monita \u2746\n|inactive|Itriedtodo also wants the timer to be on.\n|j| UmberEonsEvolved\n|j| MrCatKing07\n|j| Dddddsf\n|inactive|RIP Urshifu has 120 seconds left.\n|\n|t:|1700261472\n|start\n|switch|p1a: Miraidon|Miraidon|100\/100\n|switch|p2a: Iron Valiant|Iron Valiant|100\/100\n|-fieldstart|move: Electric Terrain|[from] ability: Hadron Engine|[of] p1a: Miraidon\n|-activate|p2a: Iron Valiant|ability: Quark Drive\n|-start|p2a: Iron Valiant|quarkdrivespe\n|turn|1\n|\n|t:|1700261484\n|move|p2a: Iron Valiant|Protect|p2a: Iron Valiant\n|-singleturn|p2a: Iron Valiant|Protect\n|move|p1a: Miraidon|Dazzling Gleam|p2a: Iron Valiant\n|-activate|p2a: Iron Valiant|move: Protect\n|\n|upkeep\n|turn|2\n|\n|t:|1700261491\n|move|p2a: Iron Valiant|Disable|p1a: Miraidon\n|-start|p1a: Miraidon|Disable|Dazzling Gleam\n|cant|p1a: Miraidon|Disable|Dazzling Gleam\n|\n|upkeep\n|turn|3\n|\n|t:|1700261496\n|move|p2a: Iron Valiant|Spirit Break|p1a: Miraidon\n|-supereffective|p1a: Miraidon\n|-damage|p1a: Miraidon|37\/100\n|-unboost|p1a: Miraidon|spa|1\n|move|p1a: Miraidon|Electro Drift|p2a: Iron Valiant\n|-damage|p2a: Iron Valiant|10\/100\n|\n|upkeep\n|turn|4\n|\n|t:|1700261503\n|move|p2a: Iron Valiant|Spirit Break|p1a: Miraidon\n|-supereffective|p1a: Miraidon\n|-damage|p1a: Miraidon|0 fnt\n|faint|p1a: Miraidon\n|\n|win|Itriedtodo\n|n|\u2606RIP Urshifu|ripurshifu\n|n|\u2606Itriedtodo|itriedtodo\n|n|*Lady Monita \u2746|ladymonita\n|n| UmberEonsEvolved|umbereonsevolved\n|n| MrCatKing07|mrcatking07\n|n| Dddddsf|dddddsf\n","uploadtime":1700261504,"views":7,"p1id":"ripurshifu","p2id":"itriedtodo","formatid":"gen9ubers","rating":0,"private":0,"password":""}