{"id":"gen9ubers-1977098453","p1":"r4ph43lgod","p2":"Anne Frankkkk","format":"[Gen 9] Ubers","log":"|j|\u2606r4ph43lgod\n|j|\u2606Anne Frankkkk\n|t:|1698371340\n|gametype|singles\n|player|p1|r4ph43lgod|unknown|1071\n|player|p2|Anne Frankkkk|hilbert|1172\n|teamsize|p1|6\n|teamsize|p2|6\n|gen|9\n|tier|[Gen 9] Ubers\n|rated|\n|rule|Sleep Clause Mod: Limit one foe put to sleep\n|rule|Species Clause: Limit one of each Pok\u00e9mon\n|rule|OHKO Clause: OHKO moves are banned\n|rule|Evasion Items Clause: Evasion items are banned\n|rule|Evasion Moves Clause: Evasion moves are banned\n|rule|Endless Battle Clause: Forcing endless battles is banned\n|rule|HP Percentage Mod: HP is shown in percentages\n|clearpoke\n|poke|p1|Uxie|\n|poke|p1|Dragapult, F|\n|poke|p1|Maushold-Four|\n|poke|p1|Skeledirge, M|\n|poke|p1|Palafin, M|\n|poke|p1|Forretress, M|\n|poke|p2|Iron Hands|\n|poke|p2|Kyogre|\n|poke|p2|Chien-Pao|\n|poke|p2|Ribombee, F|\n|poke|p2|Miraidon|\n|poke|p2|Flutter Mane|\n|teampreview\n|\n|t:|1698371347\n|start\n|switch|p1a: Forretress|Forretress, M|100\/100\n|switch|p2a: Ice Cat|Chien-Pao|100\/100\n|-ability|p2a: Ice Cat|Sword of Ruin\n|turn|1\n|\n|t:|1698371353\n|move|p2a: Ice Cat|Swords Dance|p2a: Ice Cat\n|-boost|p2a: Ice Cat|atk|2\n|move|p1a: Forretress|Toxic Spikes|p2a: Ice Cat\n|-sidestart|p2: Anne Frankkkk|move: Toxic Spikes\n|\n|upkeep\n|turn|2\n|inactive|Battle timer is ON: inactive players will automatically lose when time's up. (requested by Anne Frankkkk)\n|\n|t:|1698371360\n|move|p2a: Ice Cat|Sacred Sword|p1a: Forretress\n|-damage|p1a: Forretress|44\/100\n|-damage|p2a: Ice Cat|91\/100|[from] item: Life Orb\n|move|p1a: Forretress|Spikes|p2a: Ice Cat\n|-sidestart|p2: Anne Frankkkk|Spikes\n|\n|-heal|p1a: Forretress|50\/100|[from] item: Leftovers\n|upkeep\n|turn|3\n|\n|t:|1698371368\n|move|p2a: Ice Cat|Swords Dance|p2a: Ice Cat\n|-boost|p2a: Ice Cat|atk|2\n|move|p1a: Forretress|Stealth Rock|p2a: Ice Cat\n|-sidestart|p2: Anne Frankkkk|move: Stealth Rock\n|\n|-heal|p1a: Forretress|56\/100|[from] item: Leftovers\n|upkeep\n|turn|4\n|\n|t:|1698371381\n|move|p2a: Ice Cat|Sacred Sword|p1a: Forretress\n|-damage|p1a: Forretress|0 fnt\n|faint|p1a: Forretress\n|-damage|p2a: Ice Cat|81\/100|[from] item: Life Orb\n|\n|upkeep\n|\n|t:|1698371387\n|switch|p1a: Skeledirge|Skeledirge, M|100\/100\n|-item|p1a: Skeledirge|Air Balloon\n|turn|5\n|\n|t:|1698371391\n|move|p2a: Ice Cat|Sucker Punch|p1a: Skeledirge\n|-supereffective|p1a: Skeledirge\n|-damage|p1a: Skeledirge|0 fnt\n|-enditem|p1a: Skeledirge|Air Balloon\n|faint|p1a: Skeledirge\n|-damage|p2a: Ice Cat|71\/100|[from] item: Life Orb\n|\n|upkeep\n|-message|r4ph43lgod forfeited.\n|\n|win|Anne Frankkkk\n|raw|r4ph43lgod's rating: 1071 &rarr; <strong>1056<\/strong><br \/>(-15 for losing)\n|raw|Anne Frankkkk's rating: 1172 &rarr; <strong>1190<\/strong><br \/>(+18 for winning)\n|l|\u2606r4ph43lgod\n","uploadtime":1698371403,"views":10,"p1id":"r4ph43lgod","p2id":"annefrankkkk","formatid":"gen9ubers","rating":1056,"private":0,"password":""}