{"id":"gen9ubers-1981096921","p1":"Anne Frankkkk","p2":"darkpom","format":"[Gen 9] Ubers","log":"|j|\u2606Anne Frankkkk\n|j|\u2606darkpom\n|t:|1698863289\n|gametype|singles\n|player|p1|Anne Frankkkk|hilbert|1128\n|player|p2|darkpom|2|1151\n|teamsize|p1|6\n|teamsize|p2|2\n|gen|9\n|tier|[Gen 9] Ubers\n|rated|\n|rule|Sleep Clause Mod: Limit one foe put to sleep\n|rule|Species Clause: Limit one of each Pok\u00e9mon\n|rule|OHKO Clause: OHKO moves are banned\n|rule|Evasion Items Clause: Evasion items are banned\n|rule|Evasion Moves Clause: Evasion moves are banned\n|rule|Endless Battle Clause: Forcing endless battles is banned\n|rule|HP Percentage Mod: HP is shown in percentages\n|clearpoke\n|poke|p1|Iron Hands|\n|poke|p1|Kyogre|\n|poke|p1|Chien-Pao|\n|poke|p1|Ribombee, F|\n|poke|p1|Miraidon|\n|poke|p1|Flutter Mane|\n|poke|p2|Gliscor, F|\n|poke|p2|Shaymin-Sky|\n|teampreview\n|\n|t:|1698863295\n|start\n|switch|p1a: Ice Cat|Chien-Pao|100\/100\n|switch|p2a: Shaymin|Shaymin-Sky|100\/100\n|-ability|p1a: Ice Cat|Sword of Ruin\n|turn|1\n|inactive|Battle timer is ON: inactive players will automatically lose when time's up. (requested by Anne Frankkkk)\n|\n|t:|1698863302\n|-terastallize|p2a: Shaymin|Steel\n|move|p2a: Shaymin|Substitute|p2a: Shaymin\n|-start|p2a: Shaymin|Substitute\n|-damage|p2a: Shaymin|76\/100\n|move|p1a: Ice Cat|Ice Spinner|p2a: Shaymin\n|-resisted|p2a: Shaymin\n|-end|p2a: Shaymin|Substitute\n|-damage|p1a: Ice Cat|91\/100|[from] item: Life Orb\n|\n|upkeep\n|turn|2\n|\n|t:|1698863309\n|move|p2a: Shaymin|Leech Seed|p1a: Ice Cat\n|-start|p1a: Ice Cat|move: Leech Seed\n|move|p1a: Ice Cat|Sacred Sword|p2a: Shaymin\n|-supereffective|p2a: Shaymin\n|-damage|p2a: Shaymin|0 fnt\n|faint|p2a: Shaymin\n|-damage|p1a: Ice Cat|81\/100|[from] item: Life Orb\n|\n|upkeep\n|\n|t:|1698863314\n|switch|p2a: Gliscor|Gliscor, F|100\/100\n|turn|3\n|\n|t:|1698863317\n|move|p2a: Gliscor|Protect|p2a: Gliscor\n|-singleturn|p2a: Gliscor|Protect\n|move|p1a: Ice Cat|Ice Spinner|p2a: Gliscor\n|-activate|p2a: Gliscor|move: Protect\n|\n|-damage|p1a: Ice Cat|68\/100|[from] Leech Seed|[of] p2a: Gliscor\n|-status|p2a: Gliscor|tox|[from] item: Toxic Orb\n|upkeep\n|turn|4\n|\n|t:|1698863319\n|move|p1a: Ice Cat|Ice Spinner|p2a: Gliscor\n|-supereffective|p2a: Gliscor\n|-damage|p2a: Gliscor|0 fnt\n|faint|p2a: Gliscor\n|-damage|p1a: Ice Cat|58\/100|[from] item: Life Orb\n|\n|win|Anne Frankkkk\n|raw|Anne Frankkkk's rating: 1128 &rarr; <strong>1155<\/strong><br \/>(+27 for winning)\n|raw|darkpom's rating: 1151 &rarr; <strong>1124<\/strong><br \/>(-27 for losing)\n","uploadtime":1698863329,"views":6,"p1id":"annefrankkkk","p2id":"darkpom","formatid":"gen9ubers","rating":1124,"private":0,"password":""}