{"id":"gen9ubers-1970943335","p1":"happysh","p2":"Scout Suso","format":"[Gen 9] Ubers","log":"|j|\u2606happysh\n|j|\u2606Scout Suso\n|inactive|Battle timer is ON: inactive players will automatically lose when time's up.\n|t:|1697683404\n|gametype|singles\n|player|p1|happysh|iono|\n|player|p2|Scout Suso|penny|\n|teamsize|p1|3\n|teamsize|p2|3\n|gen|9\n|tier|[Gen 9] Ubers\n|rated|Tournament battle\n|rule|Sleep Clause Mod: Limit one foe put to sleep\n|rule|Species Clause: Limit one of each Pok\u00e9mon\n|rule|OHKO Clause: OHKO moves are banned\n|rule|Evasion Items Clause: Evasion items are banned\n|rule|Evasion Moves Clause: Evasion moves are banned\n|rule|Endless Battle Clause: Forcing endless battles is banned\n|rule|HP Percentage Mod: HP is shown in percentages\n|rule|Terastal Clause: You cannot Terastallize\n|clearpoke\n|poke|p1|Mimikyu, M|\n|poke|p1|Groudon|\n|poke|p1|Scream Tail|\n|poke|p2|Ogerpon-Hearthflame, F|\n|poke|p2|Flutter Mane|\n|poke|p2|Great Tusk|\n|teampreview|1\n|j|*Lady Monita \u263d\n|inactive|happysh also wants the timer to be on.\n|\n|t:|1697683418\n|start\n|switch|p1a: Groudon|Groudon|100\/100\n|switch|p2a: Ogerpon|Ogerpon-Hearthflame, F|100\/100\n|-ability|p2a: Ogerpon|Mold Breaker\n|-weather|SunnyDay|[from] ability: Drought|[of] p1a: Groudon\n|turn|1\n|\n|t:|1697683425\n|move|p2a: Ogerpon|Swords Dance|p2a: Ogerpon\n|-boost|p2a: Ogerpon|atk|2\n|move|p1a: Groudon|Precipice Blades|p2a: Ogerpon\n|-damage|p2a: Ogerpon|25\/100\n|\n|-weather|SunnyDay|[upkeep]\n|upkeep\n|turn|2\n|\n|t:|1697683428\n|move|p2a: Ogerpon|Horn Leech|p1a: Groudon\n|-supereffective|p1a: Groudon\n|-damage|p1a: Groudon|8\/100\n|-heal|p2a: Ogerpon|88\/100|[from] drain|[of] p1a: Groudon\n|move|p1a: Groudon|Bulldoze|p2a: Ogerpon\n|-damage|p2a: Ogerpon|46\/100\n|-unboost|p2a: Ogerpon|spe|1\n|\n|-weather|SunnyDay|[upkeep]\n|upkeep\n|turn|3\n|\n|t:|1697683433\n|move|p2a: Ogerpon|Horn Leech|p1a: Groudon\n|-supereffective|p1a: Groudon\n|-damage|p1a: Groudon|0 fnt\n|-heal|p2a: Ogerpon|51\/100|[from] drain|[of] p1a: Groudon\n|faint|p1a: Groudon\n|\n|win|Scout Suso\n|n|\u2606happysh|happysh\n|n|\u2606Scout Suso|scoutsuso\n|n|*Lady Monita \u263d|ladymonita\n","uploadtime":1697683434,"views":7,"p1id":"happysh","p2id":"scoutsuso","formatid":"gen9ubers","rating":0,"private":0,"password":""}