{"id":"gen9ubers-1970802440","p1":"superstar","p2":"ToastyBreade","format":"[Gen 9] Ubers","log":"|j|\u2606superstar\n|j|\u2606ToastyBreade\n|t:|1697668630\n|gametype|singles\n|player|p1|superstar|266|1336\n|player|p2|ToastyBreade|fantina|1373\n|teamsize|p1|6\n|teamsize|p2|6\n|gen|9\n|tier|[Gen 9] Ubers\n|rated|\n|rule|Sleep Clause Mod: Limit one foe put to sleep\n|rule|Species Clause: Limit one of each Pok\u00e9mon\n|rule|OHKO Clause: OHKO moves are banned\n|rule|Evasion Items Clause: Evasion items are banned\n|rule|Evasion Moves Clause: Evasion moves are banned\n|rule|Endless Battle Clause: Forcing endless battles is banned\n|rule|HP Percentage Mod: HP is shown in percentages\n|clearpoke\n|poke|p1|Ribombee, F|\n|poke|p1|Arceus|\n|poke|p1|Zacian-*|\n|poke|p1|Eternatus|\n|poke|p1|Miraidon|\n|poke|p1|Koraidon|\n|poke|p2|Koraidon|\n|poke|p2|Zacian-*|\n|poke|p2|Miraidon|\n|poke|p2|Kyogre|\n|poke|p2|Flutter Mane|\n|poke|p2|Ribombee, M|\n|teampreview\n|inactive|Battle timer is ON: inactive players will automatically lose when time's up. (requested by ToastyBreade)\n|\n|t:|1697668641\n|start\n|switch|p1a: Ribombee|Ribombee, F|100\/100\n|switch|p2a: Flutter Mane|Flutter Mane|100\/100\n|-enditem|p2a: Flutter Mane|Booster Energy\n|-activate|p2a: Flutter Mane|ability: Protosynthesis|[fromitem]\n|-start|p2a: Flutter Mane|protosynthesisspe\n|turn|1\n|\n|t:|1697668645\n|move|p2a: Flutter Mane|Taunt|p1a: Ribombee\n|-start|p1a: Ribombee|move: Taunt\n|cant|p1a: Ribombee|move: Taunt|Sticky Web\n|\n|upkeep\n|turn|2\n|\n|t:|1697668651\n|switch|p1a: Zacian|Zacian-Crowned|100\/100\n|-ability|p1a: Zacian|Intrepid Sword|boost\n|-boost|p1a: Zacian|atk|1\n|move|p2a: Flutter Mane|Moonblast|p1a: Zacian\n|-resisted|p1a: Zacian\n|-crit|p1a: Zacian\n|-damage|p1a: Zacian|64\/100\n|-unboost|p1a: Zacian|spa|1\n|\n|upkeep\n|turn|3\n|\n|t:|1697668656\n|switch|p1a: Ribombee|Ribombee, F|100\/100\n|move|p2a: Flutter Mane|Shadow Ball|p1a: Ribombee\n|-damage|p1a: Ribombee|44\/100\n|\n|upkeep\n|turn|4\n|j| Level-5 Judge1ight\n|\n|t:|1697668659\n|switch|p1a: Zacian|Zacian-Crowned|64\/100\n|move|p2a: Flutter Mane|Shadow Ball|p1a: Zacian\n|-damage|p1a: Zacian|22\/100\n|\n|upkeep\n|turn|5\n|\n|t:|1697668661\n|move|p2a: Flutter Mane|Shadow Ball|p1a: Zacian\n|-damage|p1a: Zacian|0 fnt\n|faint|p1a: Zacian\n|\n|upkeep\n|\n|t:|1697668670\n|switch|p1a: Koraidon|Koraidon|100\/100\n|-weather|SunnyDay|[from] ability: Orichalcum Pulse|[of] p1a: Koraidon\n|-activate|p1a: Koraidon|Orichalcum Pulse|[source]\n|turn|6\n|\n|t:|1697668679\n|switch|p1a: Ribombee|Ribombee, F|44\/100\n|move|p2a: Flutter Mane|Moonblast|p1a: Ribombee\n|-damage|p1a: Ribombee|0 fnt\n|faint|p1a: Ribombee\n|\n|-weather|SunnyDay|[upkeep]\n|upkeep\n|-message|superstar forfeited.\n|\n|win|ToastyBreade\n|raw|superstar's rating: 1349 &rarr; <strong>1330<\/strong><br \/>(-19 for losing)\n|raw|ToastyBreade's rating: 1373 &rarr; <strong>1392<\/strong><br \/>(+19 for winning)\n|c|\u2606ToastyBreade|pluh\n|l|\u2606superstar\n","uploadtime":1697668688,"views":15,"p1id":"superstar","p2id":"toastybreade","formatid":"gen9ubers","rating":1330,"private":0,"password":""}