{"id":"gen9ubers-1995945277","p1":"Ceslva34","p2":"SYN CELEBI","format":"[Gen 9] Ubers","log":"|j|\u2606Ceslva34\n|j|\u2606SYN CELEBI\n|t:|1700620459\n|gametype|singles\n|player|p1|Ceslva34|rosa|1029\n|player|p2|SYN CELEBI|266|1022\n|teamsize|p1|6\n|teamsize|p2|6\n|gen|9\n|tier|[Gen 9] Ubers\n|rated|\n|rule|Sleep Clause Mod: Limit one foe put to sleep\n|rule|Species Clause: Limit one of each Pok\u00e9mon\n|rule|OHKO Clause: OHKO moves are banned\n|rule|Evasion Items Clause: Evasion items are banned\n|rule|Evasion Moves Clause: Evasion moves are banned\n|rule|Endless Battle Clause: Forcing endless battles is banned\n|rule|HP Percentage Mod: HP is shown in percentages\n|clearpoke\n|poke|p1|Urshifu-*, M|\n|poke|p1|Chi-Yu|\n|poke|p1|Ursaluna-Bloodmoon, M|\n|poke|p1|Roaring Moon|\n|poke|p1|Koraidon|\n|poke|p1|Ribombee, M|\n|poke|p2|Kilowattrel, F|\n|poke|p2|Dialga|\n|poke|p2|Maushold-Four|\n|poke|p2|Zoroark, M|\n|poke|p2|Azumarill, F|\n|poke|p2|Ribombee, F|\n|teampreview\n|\n|t:|1700620468\n|start\n|switch|p1a: Ribombee|Ribombee, M|100\/100\n|switch|p2a: Azumarill|Azumarill, F, shiny|100\/100\n|turn|1\n|inactive|Battle timer is ON: inactive players will automatically lose when time's up. (requested by SYN CELEBI)\n|\n|t:|1700620479\n|move|p1a: Ribombee|Quiver Dance|p1a: Ribombee\n|-boost|p1a: Ribombee|spa|1\n|-boost|p1a: Ribombee|spd|1\n|-boost|p1a: Ribombee|spe|1\n|move|p2a: Azumarill|Perish Song|p2a: Azumarill\n|-start|p1a: Ribombee|perish3|[silent]\n|-start|p2a: Azumarill|perish3|[silent]\n|-fieldactivate|move: Perish Song\n|\n|-start|p1a: Ribombee|perish3\n|-start|p2a: Azumarill|perish3\n|upkeep\n|turn|2\n|\n|t:|1700620498\n|move|p2a: Azumarill|Protect|p2a: Azumarill\n|-singleturn|p2a: Azumarill|Protect\n|move|p1a: Ribombee|Stored Power|p2a: Azumarill\n|-activate|p2a: Azumarill|move: Protect\n|\n|-start|p1a: Ribombee|perish2\n|-start|p2a: Azumarill|perish2\n|upkeep\n|turn|3\n|\n|t:|1700620505\n|move|p2a: Azumarill|Aqua Jet|p1a: Ribombee\n|-damage|p1a: Ribombee|83\/100\n|move|p1a: Ribombee|Sticky Web|p2a: Azumarill\n|-sidestart|p2: SYN CELEBI|move: Sticky Web\n|\n|-start|p1a: Ribombee|perish1\n|-start|p2a: Azumarill|perish1\n|upkeep\n|turn|4\n|\n|t:|1700620518\n|switch|p1a: Ursaluna|Ursaluna-Bloodmoon, M|100\/100\n|move|p2a: Azumarill|Belly Drum|p2a: Azumarill\n|-damage|p2a: Azumarill|50\/100\n|-setboost|p2a: Azumarill|atk|6|[from] move: Belly Drum\n|\n|-start|p2a: Azumarill|perish0\n|upkeep\n|faint|p2a: Azumarill\n|\n|t:|1700620527\n|switch|p2a: Ribombee|Ribombee, F, shiny|100\/100\n|turn|5\n|\n|t:|1700620533\n|move|p2a: Ribombee|Copycat|p2a: Ribombee\n|move|p2a: Ribombee|Belly Drum|p2a: Ribombee|[from]move: Copycat\n|-damage|p2a: Ribombee|51\/100\n|-setboost|p2a: Ribombee|atk|6|[from] move: Belly Drum\n|move|p1a: Ursaluna|Blood Moon|p2a: Ribombee\n|-damage|p2a: Ribombee|0 fnt\n|replace|p2a: Zoroark|Zoroark, M, shiny\n|-end|p2a: Zoroark|Illusion\n|faint|p2a: Zoroark\n|\n|upkeep\n|inactive|SYN CELEBI has 120 seconds left.\n|inactive|SYN CELEBI has 90 seconds left.\n|inactive|SYN CELEBI has 60 seconds left.\n|inactive|SYN CELEBI has 30 seconds left.\n|inactive|SYN CELEBI has 20 seconds left.\n|inactive|SYN CELEBI has 15 seconds left.\n|inactive|SYN CELEBI has 10 seconds left.\n|inactive|SYN CELEBI has 5 seconds left.\n|-message|SYN CELEBI lost due to inactivity.\n|\n|win|Ceslva34\n|raw|Ceslva34's rating: 1029 &rarr; <strong>1063<\/strong><br \/>(+34 for winning)\n|raw|SYN CELEBI's rating: 1010 &rarr; <strong>1000<\/strong><br \/>(-10 for losing)\n","uploadtime":1700620693,"views":0,"p1id":"ceslva34","p2id":"syncelebi","formatid":"gen9ubers","rating":1000,"private":0,"password":""}