{"id":"gen9ubers-1992987785","p1":"WillyWooper","p2":"hwzbobcat","format":"[Gen 9] Ubers","log":"|j|\u2606WillyWooper\n|j|\u2606hwzbobcat\n|t:|1700253044\n|gametype|singles\n|player|p1|WillyWooper|psychic-gen4|1124\n|player|p2|hwzbobcat|guitarist|1028\n|teamsize|p1|6\n|teamsize|p2|6\n|gen|9\n|tier|[Gen 9] Ubers\n|rated|\n|rule|Sleep Clause Mod: Limit one foe put to sleep\n|rule|Species Clause: Limit one of each Pok\u00e9mon\n|rule|OHKO Clause: OHKO moves are banned\n|rule|Evasion Items Clause: Evasion items are banned\n|rule|Evasion Moves Clause: Evasion moves are banned\n|rule|Endless Battle Clause: Forcing endless battles is banned\n|rule|HP Percentage Mod: HP is shown in percentages\n|clearpoke\n|poke|p1|Weezing-Galar, F|\n|poke|p1|Koraidon|\n|poke|p1|Lilligant-Hisui, F|\n|poke|p1|Chandelure, M|\n|poke|p1|Espathra, M|\n|poke|p1|Sandy Shocks|\n|poke|p2|Koraidon|\n|poke|p2|Toxapex, M|\n|poke|p2|Gothitelle, M|\n|poke|p2|Scovillain, M|\n|poke|p2|Miraidon|\n|poke|p2|Great Tusk|\n|teampreview\n|inactive|Battle timer is ON: inactive players will automatically lose when time's up. (requested by hwzbobcat)\n|\n|t:|1700253073\n|start\n|switch|p1a: Weezing|Weezing-Galar, F|100\/100\n|switch|p2a: TSAR BOMBA|Scovillain, M, shiny|100\/100\n|turn|1\n|\n|t:|1700253083\n|move|p2a: TSAR BOMBA|Growth|p2a: TSAR BOMBA\n|-boost|p2a: TSAR BOMBA|atk|1\n|-boost|p2a: TSAR BOMBA|spa|1\n|move|p1a: Weezing|Toxic Spikes|p2a: TSAR BOMBA\n|-sidestart|p2: hwzbobcat|move: Toxic Spikes\n|\n|upkeep\n|turn|2\n|\n|t:|1700253095\n|move|p2a: TSAR BOMBA|Flamethrower|p1a: Weezing\n|-damage|p1a: Weezing|0 fnt\n|faint|p1a: Weezing\n|-damage|p2a: TSAR BOMBA|91\/100|[from] item: Life Orb\n|\n|upkeep\n|\n|t:|1700253104\n|switch|p1a: Koraidon|Koraidon|100\/100\n|-weather|SunnyDay|[from] ability: Orichalcum Pulse|[of] p1a: Koraidon\n|-activate|p1a: Koraidon|Orichalcum Pulse|[source]\n|turn|3\n|\n|t:|1700253130\n|-terastallize|p2a: TSAR BOMBA|Fairy\n|move|p2a: TSAR BOMBA|Tera Blast|p1a: Koraidon|[anim] Tera Blast Fairy\n|-supereffective|p1a: Koraidon\n|-damage|p1a: Koraidon|0 fnt\n|faint|p1a: Koraidon\n|-damage|p2a: TSAR BOMBA|81\/100|[from] item: Life Orb\n|\n|-weather|SunnyDay|[upkeep]\n|upkeep\n|\n|t:|1700253151\n|switch|p1a: Espathra|Espathra, M|100\/100\n|turn|4\n|\n|t:|1700253161\n|move|p2a: TSAR BOMBA|Flamethrower|p1a: Espathra\n|-damage|p1a: Espathra|0 fnt\n|faint|p1a: Espathra\n|-damage|p2a: TSAR BOMBA|71\/100|[from] item: Life Orb\n|\n|-weather|SunnyDay|[upkeep]\n|upkeep\n|-message|WillyWooper forfeited.\n|\n|win|hwzbobcat\n|raw|WillyWooper's rating: 1124 &rarr; <strong>1092<\/strong><br \/>(-32 for losing)\n|raw|hwzbobcat's rating: 1028 &rarr; <strong>1073<\/strong><br \/>(+45 for winning)\n|l|\u2606WillyWooper\n|c|\u2606hwzbobcat|gg\n","uploadtime":1700253183,"views":11,"p1id":"willywooper","p2id":"hwzbobcat","formatid":"gen9ubers","rating":1073,"private":0,"password":""}