{"id":"gen9ubers-1979501855","p1":"tiondira","p2":"Asdfmeow","format":"[Gen 9] Ubers","log":"|j|\u2606tiondira\n|j|\u2606Asdfmeow\n|t:|1698687698\n|gametype|singles\n|player|p1|tiondira|parasollady-gen4|1040\n|player|p2|Asdfmeow|red-masters|1051\n|teamsize|p1|6\n|teamsize|p2|6\n|gen|9\n|tier|[Gen 9] Ubers\n|rated|\n|rule|Sleep Clause Mod: Limit one foe put to sleep\n|rule|Species Clause: Limit one of each Pok\u00e9mon\n|rule|OHKO Clause: OHKO moves are banned\n|rule|Evasion Items Clause: Evasion items are banned\n|rule|Evasion Moves Clause: Evasion moves are banned\n|rule|Endless Battle Clause: Forcing endless battles is banned\n|rule|HP Percentage Mod: HP is shown in percentages\n|clearpoke\n|poke|p1|Giratina-Origin|\n|poke|p1|Miraidon|\n|poke|p1|Koraidon|\n|poke|p1|Ribombee, M|\n|poke|p1|Zacian-*|\n|poke|p1|Great Tusk|\n|poke|p2|Ogerpon-Hearthflame, F|\n|poke|p2|Miraidon|\n|poke|p2|Koraidon|\n|poke|p2|Baxcalibur, M|\n|poke|p2|Shaymin-Sky|\n|poke|p2|Regieleki|\n|teampreview\n|inactive|Battle timer is ON: inactive players will automatically lose when time's up. (requested by Asdfmeow)\n|\n|t:|1698687709\n|start\n|switch|p1a: Miraidon|Miraidon|100\/100\n|switch|p2a: Ogerpon|Ogerpon-Hearthflame, F|100\/100\n|-fieldstart|move: Electric Terrain|[from] ability: Hadron Engine|[of] p1a: Miraidon\n|-ability|p2a: Ogerpon|Mold Breaker\n|turn|1\n|\n|t:|1698687720\n|move|p1a: Miraidon|Dragon Pulse|p2a: Ogerpon\n|-damage|p2a: Ogerpon|0 fnt\n|faint|p2a: Ogerpon\n|-damage|p1a: Miraidon|91\/100|[from] item: Life Orb\n|\n|upkeep\n|\n|t:|1698687723\n|switch|p2a: Koraidon|Koraidon|100\/100\n|-weather|SunnyDay|[from] ability: Orichalcum Pulse|[of] p2a: Koraidon\n|-activate|p2a: Koraidon|Orichalcum Pulse|[source]\n|turn|2\n|\n|t:|1698687729\n|switch|p1a: Ribombee|Ribombee, M|100\/100\n|move|p2a: Koraidon|Dragon Claw|p1a: Ribombee\n|-immune|p1a: Ribombee\n|\n|-weather|SunnyDay|[upkeep]\n|upkeep\n|turn|3\n|-message|Asdfmeow forfeited.\n|\n|win|tiondira\n|raw|tiondira's rating: 1040 &rarr; <strong>1075<\/strong><br \/>(+35 for winning)\n|raw|Asdfmeow's rating: 1051 &rarr; <strong>1033<\/strong><br \/>(-18 for losing)\n|l|\u2606Asdfmeow\n","uploadtime":1698687735,"views":12,"p1id":"tiondira","p2id":"asdfmeow","formatid":"gen9ubers","rating":1033,"private":0,"password":""}