{"id":"gen9ubers-1994186430","p1":"Ccujcucjcuckvh","p2":"Arkueid","format":"[Gen 9] Ubers","log":"|j|\u2606Ccujcucjcuckvh\n|j|\u2606Arkueid\n|t:|1700416677\n|gametype|singles\n|player|p1|Ccujcucjcuckvh|giovanni|1086\n|player|p2|Arkueid|rocketgruntf|1064\n|teamsize|p1|1\n|teamsize|p2|6\n|gen|9\n|tier|[Gen 9] Ubers\n|rated|\n|rule|Sleep Clause Mod: Limit one foe put to sleep\n|rule|Species Clause: Limit one of each Pok\u00e9mon\n|rule|OHKO Clause: OHKO moves are banned\n|rule|Evasion Items Clause: Evasion items are banned\n|rule|Evasion Moves Clause: Evasion moves are banned\n|rule|Endless Battle Clause: Forcing endless battles is banned\n|rule|HP Percentage Mod: HP is shown in percentages\n|clearpoke\n|poke|p1|Magnezone|\n|poke|p2|Goodra-Hisui, F|\n|poke|p2|Diancie|\n|poke|p2|Gogoat, M|\n|poke|p2|Zacian-*|\n|poke|p2|Palkia-Origin|\n|poke|p2|Zoroark, M|\n|teampreview\n|inactive|Battle timer is ON: inactive players will automatically lose when time's up. (requested by Ccujcucjcuckvh)\n|\n|t:|1700416702\n|start\n|switch|p1a: Magnezone|Magnezone, shiny|100\/100\n|switch|p2a: Zacian|Zacian|100\/100\n|-ability|p2a: Zacian|Intrepid Sword|boost\n|-boost|p2a: Zacian|atk|1\n|turn|1\n|\n|t:|1700416714\n|-terastallize|p2a: Zacian|Fighting\n|-terastallize|p1a: Magnezone|Water\n|move|p2a: Zacian|Close Combat|p1a: Magnezone\n|-damage|p1a: Magnezone|7\/100\n|-unboost|p2a: Zacian|def|1\n|-unboost|p2a: Zacian|spd|1\n|move|p1a: Magnezone|Thunderbolt|p2a: Zacian\n|-damage|p2a: Zacian|13\/100\n|\n|upkeep\n|turn|2\n|inactive|Ccujcucjcuckvh has 120 seconds left.\n|inactive|Ccujcucjcuckvh has 90 seconds left.\n|inactive|Ccujcucjcuckvh has 60 seconds left.\n|inactive|Ccujcucjcuckvh has 30 seconds left.\n|inactive|Ccujcucjcuckvh has 20 seconds left.\n|\n|t:|1700416847\n|move|p2a: Zacian|Sacred Sword|p1a: Magnezone\n|-damage|p1a: Magnezone|0 fnt\n|faint|p1a: Magnezone\n|\n|win|Arkueid\n|inactive|Ccujcucjcuckvh has 25 seconds left this turn.\n|raw|Ccujcucjcuckvh's rating: 1086 &rarr; <strong>1062<\/strong><br \/>(-24 for losing)\n|raw|Arkueid's rating: 1064 &rarr; <strong>1096<\/strong><br \/>(+32 for winning)\n|l|\u2606Ccujcucjcuckvh\n","uploadtime":1700416869,"views":5,"p1id":"ccujcucjcuckvh","p2id":"arkueid","formatid":"gen9ubers","rating":1062,"private":0,"password":""}