{"id":"gen9ubers-1974319220","p1":"Anne Frankkkk","p2":"looollul","format":"[Gen 9] Ubers","log":"|j|\u2606Anne Frankkkk\n|j|\u2606looollul\n|t:|1698077529\n|gametype|singles\n|player|p1|Anne Frankkkk|hilbert|1099\n|player|p2|looollul|169|1043\n|teamsize|p1|6\n|teamsize|p2|6\n|gen|9\n|tier|[Gen 9] Ubers\n|rated|\n|rule|Sleep Clause Mod: Limit one foe put to sleep\n|rule|Species Clause: Limit one of each Pok\u00e9mon\n|rule|OHKO Clause: OHKO moves are banned\n|rule|Evasion Items Clause: Evasion items are banned\n|rule|Evasion Moves Clause: Evasion moves are banned\n|rule|Endless Battle Clause: Forcing endless battles is banned\n|rule|HP Percentage Mod: HP is shown in percentages\n|clearpoke\n|poke|p1|Iron Hands|\n|poke|p1|Kyogre|\n|poke|p1|Chien-Pao|\n|poke|p1|Ribombee, M|\n|poke|p1|Miraidon|\n|poke|p1|Flutter Mane|\n|poke|p2|Cyclizar, M|\n|poke|p2|Grimmsnarl, M|\n|poke|p2|Miraidon|\n|poke|p2|Koraidon|\n|poke|p2|Espathra, F|\n|poke|p2|Flutter Mane|\n|teampreview\n|inactive|Battle timer is ON: inactive players will automatically lose when time's up. (requested by looollul)\n|\n|t:|1698077540\n|start\n|switch|p1a: Ribombee|Ribombee, M, shiny|100\/100\n|switch|p2a: Grimmsnarl|Grimmsnarl, M|100\/100\n|turn|1\n|\n|t:|1698077547\n|move|p2a: Grimmsnarl|Taunt|p1a: Ribombee\n|-start|p1a: Ribombee|move: Taunt\n|move|p1a: Ribombee|Moonblast|p2a: Grimmsnarl\n|-supereffective|p2a: Grimmsnarl\n|-damage|p2a: Grimmsnarl|44\/100\n|\n|upkeep\n|turn|2\n|\n|t:|1698077557\n|move|p2a: Grimmsnarl|Light Screen|p2a: Grimmsnarl\n|-sidestart|p2: looollul|move: Light Screen\n|move|p1a: Ribombee|Moonblast|p2a: Grimmsnarl\n|-supereffective|p2a: Grimmsnarl\n|-damage|p2a: Grimmsnarl|13\/100\n|-unboost|p2a: Grimmsnarl|spa|1\n|\n|upkeep\n|turn|3\n|\n|t:|1698077560\n|move|p2a: Grimmsnarl|Reflect|p2a: Grimmsnarl\n|-sidestart|p2: looollul|Reflect\n|move|p1a: Ribombee|Moonblast|p2a: Grimmsnarl\n|-supereffective|p2a: Grimmsnarl\n|-damage|p2a: Grimmsnarl|0 fnt\n|faint|p2a: Grimmsnarl\n|\n|-end|p1a: Ribombee|move: Taunt\n|upkeep\n|\n|t:|1698077574\n|switch|p2a: Cyclizar|Cyclizar, M|100\/100\n|turn|4\n|\n|t:|1698077593\n|move|p2a: Cyclizar|Rapid Spin|p1a: Ribombee\n|-damage|p1a: Ribombee|71\/100\n|-boost|p2a: Cyclizar|spe|1\n|move|p1a: Ribombee|Sticky Web|p2a: Cyclizar\n|-sidestart|p2: looollul|move: Sticky Web\n|\n|upkeep\n|turn|5\n|\n|t:|1698077604\n|switch|p1a: Flutter Mane|Flutter Mane, shiny|100\/100\n|-enditem|p1a: Flutter Mane|Booster Energy\n|-activate|p1a: Flutter Mane|ability: Protosynthesis|[fromitem]\n|-start|p1a: Flutter Mane|protosynthesisspe\n|move|p2a: Cyclizar|Rapid Spin|p1a: Flutter Mane\n|-immune|p1a: Flutter Mane\n|\n|upkeep\n|turn|6\n|-message|looollul forfeited.\n|\n|win|Anne Frankkkk\n|raw|Anne Frankkkk's rating: 1099 &rarr; <strong>1120<\/strong><br \/>(+21 for winning)\n|raw|looollul's rating: 1043 &rarr; <strong>1029<\/strong><br \/>(-14 for losing)\n|l|\u2606looollul\n","uploadtime":1698077615,"views":10,"p1id":"annefrankkkk","p2id":"looollul","formatid":"gen9ubers","rating":1029,"private":0,"password":""}