{"id":"gen9ubers-1979094233","p1":"uubers account","p2":"yomaalt","format":"[Gen 9] Ubers","log":"|j|\u2606uubers account\n|j|\u2606yomaalt\n|t:|1698631400\n|gametype|singles\n|player|p1|uubers account|266|\n|player|p2|yomaalt|1|\n|teamsize|p1|6\n|teamsize|p2|6\n|gen|9\n|tier|[Gen 9] Ubers\n|rule|Sleep Clause Mod: Limit one foe put to sleep\n|rule|Species Clause: Limit one of each Pok\u00e9mon\n|rule|OHKO Clause: OHKO moves are banned\n|rule|Evasion Items Clause: Evasion items are banned\n|rule|Evasion Moves Clause: Evasion moves are banned\n|rule|Endless Battle Clause: Forcing endless battles is banned\n|rule|HP Percentage Mod: HP is shown in percentages\n|clearpoke\n|poke|p1|Arceus-Dark|\n|poke|p1|Magearna|\n|poke|p1|Palafin, F|\n|poke|p1|Gliscor, M|\n|poke|p1|Chi-Yu|\n|poke|p1|Giratina|\n|poke|p2|Palkia-Origin|\n|poke|p2|Urshifu-*, M|\n|poke|p2|Shaymin-Sky|\n|poke|p2|Chi-Yu|\n|poke|p2|Ogerpon-Wellspring, F|\n|poke|p2|Zacian-*|\n|teampreview\n|j| Kabunger\n|j| fwuffypetsowo\n|c|\u2606yomaalt|gametime\n|j| Kinesquared\n|j| nimjaishot\n|c|\u2606uubers account|glhf\n|j| leonissenbaum\n|c|\u2606yomaalt|don't wish me good luck\n|c|\u2606yomaalt|hf\n|c|\u2606yomaalt|glhf*\n|\n|t:|1698631440\n|start\n|switch|p1a: Chi-Yu|Chi-Yu|100\/100\n|switch|p2a: Chi-Yu|Chi-Yu|100\/100\n|-ability|p1a: Chi-Yu|Beads of Ruin\n|-ability|p2a: Chi-Yu|Beads of Ruin\n|turn|1\n|j| CrackLordGBLN\n|j| Vazquez 2.0\n|\n|t:|1698631456\n|move|p1a: Chi-Yu|Flamethrower|p2a: Chi-Yu\n|-resisted|p2a: Chi-Yu\n|-damage|p2a: Chi-Yu|68\/100\n|move|p2a: Chi-Yu|Overheat|p1a: Chi-Yu\n|-resisted|p1a: Chi-Yu\n|-damage|p1a: Chi-Yu|36\/100\n|-unboost|p2a: Chi-Yu|spa|2\n|\n|upkeep\n|turn|2\n|c| CrackLordGBLN|Aw shit here we go again\n|\n|t:|1698631464\n|switch|p1a: Palafin|Palafin, F|100\/100\n|switch|p2a: Palkia|Palkia-Origin|100\/100\n|-ability|p2a: Palkia|Pressure\n|\n|upkeep\n|turn|3\n|j| FrostyRandom02\n|\n|t:|1698631476\n|detailschange|p1a: Palafin|Palafin-Hero, F\n|switch|p1a: Magearna|Magearna|100\/100\n|move|p2a: Palkia|Earth Power|p1a: Magearna\n|-supereffective|p1a: Magearna\n|-damage|p1a: Magearna|46\/100\n|\n|-heal|p1a: Magearna|52\/100|[from] item: Leftovers\n|upkeep\n|turn|4\n|\n|t:|1698631498\n|switch|p1a: Gliscor|Gliscor, M|100\/100\n|move|p2a: Palkia|Hydro Pump|p1a: Gliscor\n|-supereffective|p1a: Gliscor\n|-damage|p1a: Gliscor|0 fnt\n|faint|p1a: Gliscor\n|\n|upkeep\n|c| fwuffypetsowo|Read like a book\n|c| Kabunger|no way\n|c|\u2606uubers account|nice read\n|\n|t:|1698631509\n|switch|p1a: Chi-Yu|Chi-Yu|36\/100\n|-ability|p1a: Chi-Yu|Beads of Ruin\n|turn|5\n|c| CrackLordGBLN|Bros getting read like reddit\n|c| Vazquez 2.0|HOLD CHAT HOLD\n|c|\u2606yomaalt|bro please enough with this scarf tera fairy chi yu\n|\n|t:|1698631541\n|switch|p2a: Ogerpon|Ogerpon-Wellspring, F|100\/100\n|-terastallize|p1a: Chi-Yu|Fairy\n|move|p1a: Chi-Yu|Tera Blast|p2a: Ogerpon|[anim] Tera Blast Fairy\n|-damage|p2a: Ogerpon|29\/100\n|\n|upkeep\n|turn|6\n|\n|t:|1698631545\n|move|p1a: Chi-Yu|Tera Blast|p2a: Ogerpon|[anim] Tera Blast Fairy\n|-damage|p2a: Ogerpon|0 fnt\n|faint|p2a: Ogerpon\n|\n|upkeep\n|\n|t:|1698631546\n|switch|p2a: Chi-Yu|Chi-Yu|68\/100\n|-ability|p2a: Chi-Yu|Beads of Ruin\n|turn|7\n|\n|t:|1698631551\n|switch|p1a: Palafin|Palafin-Hero, F|100\/100\n|-activate|p1a: Palafin|ability: Zero to Hero\n|move|p2a: Chi-Yu|Overheat|p1a: Palafin\n|-resisted|p1a: Palafin\n|-crit|p1a: Palafin\n|-damage|p1a: Palafin|0 fnt\n|-unboost|p2a: Chi-Yu|spa|2\n|faint|p1a: Palafin\n|\n|upkeep\n|c|\u2606uubers account|fuck you\n|c| leonissenbaum|\"Fortunate\" doesn't begin to describe my series, this game rewards pure skill and nothing else, I am beyond convinced at this point.\n|c| nimjaishot|CRIT\n|c| nimjaishot|\"Fortunate\" doesn't begin to describe my series, this game rewards pure skill and nothing else, I am beyond convinced at this point.\n|c| Kabunger|unfortunate doesn't begin to describe\n|c| CrackLordGBLN|Feesh\n|c|\u2606yomaalt|unfortunate doesn't begin to describe\n|c| Vazquez 2.0|\"Fortunate\" doesn't begin to describe my series, this game rewards pure skill and nothing else, I am beyond convinced at this point.\n|c| Kabunger|\"Fortunate\" doesn't begin to describe my series, this game rewards pure skill and nothing else, I am beyond convinced at this point.\n|c| fwuffypetsowo|stop bullying the poor lad\n|\n|t:|1698631590\n|switch|p1a: Arceus|Arceus-Dark|100\/100\n|turn|8\n|c|\u2606uubers account|I'm gonna jump\n|\n|t:|1698631605\n|switch|p2a: Urshifu|Urshifu-Rapid-Strike, M|100\/100\n|move|p1a: Arceus|Judgment|p2a: Urshifu\n|-resisted|p2a: Urshifu\n|-crit|p2a: Urshifu\n|-damage|p2a: Urshifu|42\/100\n|\n|upkeep\n|turn|9\n|\n|t:|1698631611\n|switch|p1a: Giratina|Giratina|100\/100\n|-ability|p1a: Giratina|Pressure\n|move|p2a: Urshifu|Close Combat|p1a: Giratina\n|-immune|p1a: Giratina\n|\n|upkeep\n|turn|10\n|c|\u2606yomaalt|me wh\n|\n|t:|1698631617\n|move|p2a: Urshifu|Swords Dance|p2a: Urshifu\n|-boost|p2a: Urshifu|atk|2\n|move|p1a: Giratina|Thunder Wave|p2a: Urshifu|[miss]\n|-miss|p1a: Giratina|p2a: Urshifu\n|\n|upkeep\n|turn|11\n|c| CrackLordGBLN|Oops! All crits\n|c|\u2606uubers account|onfg\n|c| nimjaishot|\"Fortunate\" doesn't begin to describe my series, this game rewards pure skill and nothing else, I am beyond convinced at this point.\n|c| leonissenbaum|holy shit\n|c|\u2606uubers account|I hate this game\n|c|\u2606yomaalt|i mean\n|c| Kabunger|LOL\n|c|\u2606yomaalt|i ain't killing\n|\n|t:|1698631635\n|move|p2a: Urshifu|Surging Strikes|p1a: Giratina\n|-resisted|p1a: Giratina\n|-crit|p1a: Giratina\n|-damage|p1a: Giratina|87\/100\n|-resisted|p1a: Giratina\n|-crit|p1a: Giratina\n|-damage|p1a: Giratina|74\/100\n|-resisted|p1a: Giratina\n|-crit|p1a: Giratina\n|-damage|p1a: Giratina|61\/100\n|-hitcount|p1a: Giratina|3\n|move|p1a: Giratina|Thunder Wave|p2a: Urshifu\n|-status|p2a: Urshifu|par\n|\n|-heal|p1a: Giratina|67\/100|[from] item: Leftovers\n|upkeep\n|turn|12\n|c|\u2606yomaalt|regardless\n|\n|t:|1698631639\n|move|p1a: Giratina|Hex|p2a: Urshifu\n|-damage|p2a: Urshifu|0 fnt\n|faint|p2a: Urshifu\n|\n|-heal|p1a: Giratina|73\/100|[from] item: Leftovers\n|upkeep\n|c| Kabunger|5TH CRIT\n|\n|t:|1698631642\n|switch|p2a: Shaymin|Shaymin-Sky|100\/100\n|turn|13\n|\n|t:|1698631647\n|move|p2a: Shaymin|Substitute|p2a: Shaymin\n|-start|p2a: Shaymin|Substitute\n|-damage|p2a: Shaymin|76\/100\n|move|p1a: Giratina|Thunder Wave||[still]\n|-fail|p1a: Giratina\n|\n|-heal|p2a: Shaymin|82\/100|[from] item: Leftovers\n|-heal|p1a: Giratina|79\/100|[from] item: Leftovers\n|upkeep\n|turn|14\n|\n|t:|1698631649\n|move|p2a: Shaymin|Air Slash|p1a: Giratina\n|-damage|p1a: Giratina|64\/100\n|cant|p1a: Giratina|flinch\n|\n|-heal|p2a: Shaymin|88\/100|[from] item: Leftovers\n|-heal|p1a: Giratina|71\/100|[from] item: Leftovers\n|upkeep\n|turn|15\n|c|\u2606yomaalt|naw son\n|\n|t:|1698631655\n|move|p2a: Shaymin|Air Slash|p1a: Giratina\n|-damage|p1a: Giratina|55\/100\n|cant|p1a: Giratina|flinch\n|\n|-heal|p2a: Shaymin|94\/100|[from] item: Leftovers\n|-heal|p1a: Giratina|62\/100|[from] item: Leftovers\n|upkeep\n|turn|16\n|c|\u2606uubers account|i hate you\n|\n|t:|1698631661\n|move|p2a: Shaymin|Air Slash|p1a: Giratina\n|-damage|p1a: Giratina|44\/100\n|move|p1a: Giratina|Hex|p2a: Shaymin\n|-end|p2a: Shaymin|Substitute\n|\n|-heal|p2a: Shaymin|99\/100|[from] item: Leftovers\n|-heal|p1a: Giratina|50\/100|[from] item: Leftovers\n|upkeep\n|turn|17\n|c| leonissenbaum|air slash to victory\n|c| Kabunger|8 FUCKING FLINCHES\n|c| leonissenbaum|i believe\n|c|\u2606yomaalt|REAL!!\n|c| nimjaishot|\"Fortunate\" doesn't begin to describe my series, this game rewards pure skill and nothing else, I am beyond convinced at this point.\n|c| leonissenbaum|I BELIEVE\n|c| CrackLordGBLN|Eight fucking flinches\n|\n|t:|1698631687\n|move|p2a: Shaymin|Seed Flare|p1a: Giratina\n|-resisted|p1a: Giratina\n|-damage|p1a: Giratina|38\/100\n|-unboost|p1a: Giratina|spd|2\n|move|p1a: Giratina|Hex|p2a: Shaymin\n|-damage|p2a: Shaymin|74\/100\n|\n|-heal|p2a: Shaymin|80\/100|[from] item: Leftovers\n|-heal|p1a: Giratina|44\/100|[from] item: Leftovers\n|upkeep\n|turn|18\n|c| Kabunger|holy shit -arceus, probably\n|\n|t:|1698631698\n|move|p2a: Shaymin|Substitute|p2a: Shaymin\n|-start|p2a: Shaymin|Substitute\n|-damage|p2a: Shaymin|55\/100\n|move|p1a: Giratina|Hex|p2a: Shaymin\n|-end|p2a: Shaymin|Substitute\n|\n|-heal|p2a: Shaymin|61\/100|[from] item: Leftovers\n|-heal|p1a: Giratina|50\/100|[from] item: Leftovers\n|upkeep\n|turn|19\n|c| CrackLordGBLN|HOLY SHIT- qbking, probably\n|\n|t:|1698631701\n|move|p2a: Shaymin|Air Slash|p1a: Giratina\n|-damage|p1a: Giratina|17\/100\n|cant|p1a: Giratina|flinch\n|\n|-heal|p2a: Shaymin|67\/100|[from] item: Leftovers\n|-heal|p1a: Giratina|23\/100|[from] item: Leftovers\n|upkeep\n|turn|20\n|c|\u2606uubers account|fuck\n|c| nimjaishot|\"Fortunate\" doesn't begin to describe my series, this game rewards pure skill and nothing else, I am beyond convinced at this point.\n|\n|t:|1698631711\n|move|p2a: Shaymin|Air Slash|p1a: Giratina\n|-damage|p1a: Giratina|0 fnt\n|faint|p1a: Giratina\n|\n|-heal|p2a: Shaymin|74\/100|[from] item: Leftovers\n|upkeep\n|c| leonissenbaum|LETS GO\n|c|\u2606uubers account|I'm gonna cry\n|c| leonissenbaum|shaymin is a balanced and fair mon\n|c| Vazquez 2.0|\"Fortunate\" doesn't begin to describe my series, this game rewards pure skill and nothing else, I am beyond convinced at this point.\n|c| Kabunger|totally balanced\n|c| Vazquez 2.0|\"Fortunate\" doesn't begin to describe my series, this game rewards pure skill and nothing else, I am beyond convinced at this point.\n|c| Vazquez 2.0|\"Fortunate\" doesn't begin to describe my series, this game rewards pure skill and nothing else, I am beyond convinced at this point.\n|\n|t:|1698631732\n|switch|p1a: Chi-Yu|Chi-Yu, tera:Fairy|36\/100\n|-ability|p1a: Chi-Yu|Beads of Ruin\n|turn|21\n|c|\u2606yomaalt|is this mon balanced???\n|\n|t:|1698631747\n|move|p1a: Chi-Yu|Tera Blast|p2a: Shaymin|[anim] Tera Blast Fairy\n|-damage|p2a: Shaymin|0 fnt\n|faint|p2a: Shaymin\n|\n|upkeep\n|\n|t:|1698631752\n|switch|p2a: Zacian|Zacian|100\/100\n|-ability|p2a: Zacian|Intrepid Sword|boost\n|-boost|p2a: Zacian|atk|1\n|turn|22\n|c|\u2606uubers account|no skymin isnt balanced\n|\n|t:|1698631759\n|switch|p1a: Arceus|Arceus-Dark|100\/100\n|move|p2a: Zacian|Iron Head|p1a: Arceus\n|-damage|p1a: Arceus|74\/100\n|\n|upkeep\n|turn|23\n|\n|t:|1698631763\n|move|p2a: Zacian|Play Rough|p1a: Arceus\n|-supereffective|p1a: Arceus\n|-damage|p1a: Arceus|0 fnt\n|faint|p1a: Arceus\n|\n|upkeep\n|c|\u2606yomaalt|maybe it's balanced\n|\n|t:|1698631765\n|switch|p1a: Magearna|Magearna|52\/100\n|turn|24\n|c|\u2606uubers account|I just lose because I don't have palafin for that\n|\n|t:|1698631779\n|move|p2a: Zacian|Close Combat|p1a: Magearna\n|-damage|p1a: Magearna|16\/100\n|-unboost|p2a: Zacian|def|1\n|-unboost|p2a: Zacian|spd|1\n|move|p1a: Magearna|Thunder Wave|p2a: Zacian\n|-status|p2a: Zacian|par\n|\n|-heal|p1a: Magearna|22\/100|[from] item: Leftovers\n|upkeep\n|turn|25\n|\n|t:|1698631786\n|cant|p2a: Zacian|par\n|move|p1a: Magearna|Fleur Cannon|p2a: Zacian\n|-damage|p2a: Zacian|25\/100 par\n|-unboost|p1a: Magearna|spa|2\n|\n|-heal|p2a: Zacian|32\/100 par|[from] item: Leftovers\n|-heal|p1a: Magearna|28\/100|[from] item: Leftovers\n|upkeep\n|turn|26\n|c|\u2606yomaalt|wtf mage gameplay\n|c| leonissenbaum|good rng??\n|c| Kabunger|fortunate\n|c|\u2606yomaalt|good rng???\n|c| Vazquez 2.0|\"Fortunate\" doesn't begin to describe my series, this game rewards pure skill and nothing else, I am beyond convinced at this point.\n|\n|t:|1698631799\n|move|p2a: Zacian|Close Combat|p1a: Magearna\n|-damage|p1a: Magearna|0 fnt\n|-unboost|p2a: Zacian|def|1\n|-unboost|p2a: Zacian|spd|1\n|faint|p1a: Magearna\n|\n|-heal|p2a: Zacian|38\/100 par|[from] item: Leftovers\n|upkeep\n|c| Kinesquared|impossible, not for QB\n|c|\u2606yomaalt|\"Fortunate\" doesn't begin to describe my series, this game rewards pure skill and nothing else, I am beyond convinced at this point.\n|\n|t:|1698631802\n|switch|p1a: Chi-Yu|Chi-Yu, tera:Fairy|36\/100\n|-ability|p1a: Chi-Yu|Beads of Ruin\n|turn|27\n|\n|t:|1698631805\n|move|p1a: Chi-Yu|Tera Blast|p2a: Zacian|[anim] Tera Blast Fairy\n|-damage|p2a: Zacian|0 fnt\n|faint|p2a: Zacian\n|\n|upkeep\n|\n|t:|1698631807\n|switch|p2a: Palkia|Palkia-Origin|100\/100\n|-ability|p2a: Palkia|Pressure\n|turn|28\n|c|\u2606uubers account|i need a fucking crit\n|\n|t:|1698631825\n|move|p1a: Chi-Yu|Tera Blast|p2a: Palkia|[anim] Tera Blast Fairy\n|-supereffective|p2a: Palkia\n|-damage|p2a: Palkia|0 fnt\n|faint|p2a: Palkia\n|\n|upkeep\n|\n|t:|1698631827\n|switch|p2a: Chi-Yu|Chi-Yu|68\/100\n|-ability|p2a: Chi-Yu|Beads of Ruin\n|turn|29\n|c| Kabunger|CHOKE???\n|c|\u2606yomaalt|i was thinkin\n|c| Vazquez 2.0|YOOOOOOOOOOOO\n|c|\u2606uubers account|no I need a crit to kill\n|c| Kinesquared|speed tie gaming\n|c|\u2606yomaalt|\"ok so like my tera is fairy neutral\"\n|c| leonissenbaum|i mean objectively speaking of qb does win\n|c| Vazquez 2.0|CRIT\n|c| Vazquez 2.0|CRIT\n|c| Vazquez 2.0|CRIT\n|\n|t:|1698631850\n|-terastallize|p2a: Chi-Yu|Fire\n|move|p1a: Chi-Yu|Tera Blast|p2a: Chi-Yu|[anim] Tera Blast Fairy\n|-resisted|p2a: Chi-Yu\n|-damage|p2a: Chi-Yu|38\/100\n|move|p2a: Chi-Yu|Flamethrower|p1a: Chi-Yu\n|-damage|p1a: Chi-Yu|0 fnt\n|faint|p1a: Chi-Yu\n|\n|win|yomaalt\n|c|\u2606yomaalt|\"wait my chi is tera fire\"\n|c| leonissenbaum|then this game DOES reward pure skill and nothing else\n|c| nimjaishot|\"Fortunate\" doesn't begin to describe my series, this game rewards pure skill and nothing else, I am beyond convinced at this point.\n|c|\u2606yomaalt|\"yeah just go chI\"\n|c| Vazquez 2.0|ggs\n|c|\u2606yomaalt|gg\n|c|\u2606uubers account|8 fucking crits\n|c| CrackLordGBLN|IF YOU ARE ONE OF THE LOWLIFE BRAINLET MOUTHBREATHING RACIST HOMOPHOBIC SEXIST TRANSPHOBIC FUCKING INCELS THAT USE SHAMIN-SKY IN UUBERS THEN YOU DESERVE TO BE BANNED FROM PLAYING THE TIER. FUCK THAT YOU DESERVE TO BE BANNED FROM THE ENTIRETY OF POKEMON SHOWDOWN. KNOW WHAT? FUCK THAT TOO YOU DESERVE TO BE BANNED FROM THE ENTIRETY OF HUMAN SOCIETY. BEING A SKYMIN USER IS A SIGN THAT SOMEONE IS SO DUMB, SO TRULY DEVOID OF ANY KIND OF INTELLECT THAT IT IS TRULY IMPOSSIBLE FOR THEM TO CONTRIBUTE A SINGLE GOD DAMN THING TO SOCIETY, THEREFORE THEY SHOULD BE REMOVED. I FULLY SUPPORT DISCRIMINATION AGAINST PEOPLE, NOT BASED ON ANY OF THE CRINGE SHIT PEOPLE NORMALLY DO, BUT WE SHOULD FOCUS THE BLIGHT OF ALL OF SOCIETY\u2019S DISCRIMINATION UPON THE TROGLODYTES THAT CHOOSE TO USE THIS GLORIFIED SLOT MACHINE OF A POKEMON. FUCK SKYMIN AND FUCK EVERY OTHER RNG-BASED STRATEGY IN THIS GODFORSAKEN GAME\n|c| Kabunger|unfortunate doesn't begin to describe my series\n|c|\u2606yomaalt|REAL??!?!?1\n|l| FrostyRandom02\n|c| Kabunger|LOL\n|l| Vazquez 2.0\n|c| leonissenbaum|yomaalt does fortunate even begin to describe that\n|l| CrackLordGBLN\n|c|\u2606yomaalt|overheat crit gaming\n|l| nimjaishot\n|l| Kinesquared\n|l| fwuffypetsowo\n|j| PinkScourge\n|l| PinkScourge\n|l| Kabunger\n","uploadtime":1698632063,"views":66,"p1id":"uubersaccount","p2id":"yomaalt","formatid":"gen9ubers","rating":0,"private":0,"password":""}