{"id":"gen9ubers-1997170134","p1":"viadagem games","p2":"andrevc","format":"[Gen 9] Ubers","log":"|j|\u2606viadagem games\n|j|\u2606andrevc\n|t:|1700771688\n|gametype|singles\n|player|p1|viadagem games|lady|\n|player|p2|andrevc|parasollady|\n|teamsize|p1|6\n|teamsize|p2|6\n|gen|9\n|tier|[Gen 9] Ubers\n|rule|Sleep Clause Mod: Limit one foe put to sleep\n|rule|Species Clause: Limit one of each Pok\u00e9mon\n|rule|OHKO Clause: OHKO moves are banned\n|rule|Evasion Items Clause: Evasion items are banned\n|rule|Evasion Moves Clause: Evasion moves are banned\n|rule|Endless Battle Clause: Forcing endless battles is banned\n|rule|HP Percentage Mod: HP is shown in percentages\n|clearpoke\n|poke|p1|Skeledirge, F|\n|poke|p1|Ting-Lu|\n|poke|p1|Dondozo, F|\n|poke|p1|Clodsire, F|\n|poke|p1|Arceus-Fairy|\n|poke|p1|Eternatus|\n|poke|p2|Hatterene, F|\n|poke|p2|Corviknight, F|\n|poke|p2|Toxapex, M|\n|poke|p2|Ting-Lu|\n|poke|p2|Koraidon|\n|poke|p2|Chi-Yu|\n|teampreview\n|\n|t:|1700771692\n|start\n|switch|p1a: Arceus|Arceus-Fairy|100\/100\n|switch|p2a: Koraidon|Koraidon|100\/100\n|-weather|SunnyDay|[from] ability: Orichalcum Pulse|[of] p2a: Koraidon\n|-activate|p2a: Koraidon|Orichalcum Pulse|[source]\n|turn|1\n|\n|t:|1700771697\n|-terastallize|p2a: Koraidon|Fire\n|move|p2a: Koraidon|Flare Blitz|p1a: Arceus\n|-damage|p1a: Arceus|0 fnt\n|faint|p1a: Arceus\n|-damage|p2a: Koraidon|58\/100|[from] Recoil\n|\n|-weather|SunnyDay|[upkeep]\n|upkeep\n|-message|viadagem games forfeited.\n|\n|win|andrevc\n|l|\u2606viadagem games\n","uploadtime":1700771705,"views":5,"p1id":"viadagemgames","p2id":"andrevc","formatid":"gen9ubers","rating":0,"private":0,"password":""}