{"id":"gen9ubers-2000055304","p1":"EnderSlayer43","p2":"Cdawgo","format":"[Gen 9] Ubers","log":"|j|\u2606EnderSlayer43\n|j|\u2606Cdawgo\n|t:|1701146952\n|gametype|singles\n|player|p1|EnderSlayer43|marlon|\n|player|p2|Cdawgo|brock|\n|teamsize|p1|6\n|teamsize|p2|6\n|gen|9\n|tier|[Gen 9] Ubers\n|rated|Tournament battle\n|rule|Sleep Clause Mod: Limit one foe put to sleep\n|rule|Species Clause: Limit one of each Pok\u00e9mon\n|rule|OHKO Clause: OHKO moves are banned\n|rule|Evasion Items Clause: Evasion items are banned\n|rule|Evasion Moves Clause: Evasion moves are banned\n|rule|Endless Battle Clause: Forcing endless battles is banned\n|rule|HP Percentage Mod: HP is shown in percentages\n|clearpoke\n|poke|p1|Koraidon|\n|poke|p1|Zacian-*|\n|poke|p1|Skeledirge, M|\n|poke|p1|Clodsire, F|\n|poke|p1|Miraidon|\n|poke|p1|Giratina-Origin|\n|poke|p2|Flutter Mane|\n|poke|p2|Iron Bundle|\n|poke|p2|Gliscor, F|\n|poke|p2|Urshifu-*, F|\n|poke|p2|Pelipper, M|\n|poke|p2|Annihilape, F|\n|teampreview\n|inactive|Battle timer is ON: inactive players will automatically lose when time's up. (requested by EnderSlayer43)\n|inactive|Cdawgo also wants the timer to be on.\n|inactive|EnderSlayer43 has 120 seconds left.\n|\n|t:|1701146989\n|start\n|switch|p1a: Clodsire|Clodsire, F|100\/100\n|switch|p2a: Annihilape|Annihilape, F|100\/100\n|turn|1\n|\n|t:|1701146998\n|move|p2a: Annihilape|Earthquake|p1a: Clodsire\n|-supereffective|p1a: Clodsire\n|-damage|p1a: Clodsire|13\/100\n|move|p1a: Clodsire|Toxic|p2a: Annihilape\n|-status|p2a: Annihilape|tox\n|\n|-damage|p2a: Annihilape|94\/100 tox|[from] psn\n|upkeep\n|turn|2\n|\n|t:|1701147006\n|switch|p1a: Giratina|Giratina-Origin|100\/100\n|move|p2a: Annihilape|Earthquake|p1a: Giratina\n|-immune|p1a: Giratina|[from] ability: Levitate\n|\n|-damage|p2a: Annihilape|82\/100 tox|[from] psn\n|upkeep\n|turn|3\n|\n|t:|1701147020\n|move|p2a: Annihilape|Rage Fist|p1a: Giratina\n|-supereffective|p1a: Giratina\n|-damage|p1a: Giratina|67\/100\n|move|p1a: Giratina|Dragon Tail|p2a: Annihilape\n|-damage|p2a: Annihilape|47\/100 tox\n|drag|p2a: Flutter Mane|Flutter Mane|100\/100\n|-enditem|p2a: Flutter Mane|Booster Energy\n|-activate|p2a: Flutter Mane|ability: Protosynthesis|[fromitem]\n|-start|p2a: Flutter Mane|protosynthesisspe\n|\n|upkeep\n|turn|4\n|\n|t:|1701147026\n|switch|p1a: Zacian|Zacian-Crowned|100\/100\n|-ability|p1a: Zacian|Intrepid Sword|boost\n|-boost|p1a: Zacian|atk|1\n|move|p2a: Flutter Mane|Shadow Ball|p1a: Zacian\n|-damage|p1a: Zacian|58\/100\n|-unboost|p1a: Zacian|spd|1\n|\n|upkeep\n|turn|5\n|j| ZeroXYZ2507\n|\n|t:|1701147038\n|move|p2a: Flutter Mane|Mystical Fire|p1a: Zacian\n|-supereffective|p1a: Zacian\n|-damage|p1a: Zacian|0 fnt\n|faint|p1a: Zacian\n|\n|upkeep\n|l| ZeroXYZ2507\n|-message|EnderSlayer43 forfeited.\n|\n|win|Cdawgo\n|n|\u2606EnderSlayer43|enderslayer43\n|n|\u2606Cdawgo|cdawgo\n","uploadtime":1701147050,"views":1,"p1id":"enderslayer43","p2id":"cdawgo","formatid":"gen9ubers","rating":0,"private":0,"password":""}