{"id":"gen9ubers-1992800442","p1":"Raiozin","p2":"carter\/35","format":"[Gen 9] Ubers","log":"|j|\u2606Raiozin\n|j|\u2606carter\/35\n|t:|1700236561\n|gametype|singles\n|player|p1|Raiozin|gambler|1102\n|player|p2|carter\/35|ghetsis-gen5bw|1071\n|teamsize|p1|6\n|teamsize|p2|6\n|gen|9\n|tier|[Gen 9] Ubers\n|rated|\n|rule|Sleep Clause Mod: Limit one foe put to sleep\n|rule|Species Clause: Limit one of each Pok\u00e9mon\n|rule|OHKO Clause: OHKO moves are banned\n|rule|Evasion Items Clause: Evasion items are banned\n|rule|Evasion Moves Clause: Evasion moves are banned\n|rule|Endless Battle Clause: Forcing endless battles is banned\n|rule|HP Percentage Mod: HP is shown in percentages\n|clearpoke\n|poke|p1|Kommo-o, F|\n|poke|p1|Chien-Pao|\n|poke|p1|Basculegion, M|\n|poke|p1|Espathra, F|\n|poke|p1|Lucario, M|\n|poke|p1|Kyogre|\n|poke|p2|Zacian-*|\n|poke|p2|Miraidon|\n|poke|p2|Glimmora, F|\n|poke|p2|Volcarona, F|\n|poke|p2|Kyogre|\n|poke|p2|Ting-Lu|\n|teampreview\n|\n|t:|1700236573\n|start\n|switch|p1a: Kyogre|Kyogre|100\/100\n|switch|p2a: plant|Glimmora, F|100\/100\n|-weather|RainDance|[from] ability: Drizzle|[of] p1a: Kyogre\n|turn|1\n|\n|t:|1700236594\n|move|p1a: Kyogre|Water Spout|p2a: plant\n|-supereffective|p2a: plant\n|-crit|p2a: plant\n|-enditem|p2a: plant|Focus Sash\n|-damage|p2a: plant|1\/100\n|move|p2a: plant|Stealth Rock|p1a: Kyogre\n|-sidestart|p1: Raiozin|move: Stealth Rock\n|\n|-weather|RainDance|[upkeep]\n|upkeep\n|turn|2\n|\n|t:|1700236609\n|switch|p2a: electro lizerd|Miraidon|100\/100\n|-fieldstart|move: Electric Terrain|[from] ability: Hadron Engine|[of] p2a: electro lizerd\n|move|p1a: Kyogre|Water Spout|p2a: electro lizerd\n|-resisted|p2a: electro lizerd\n|-damage|p2a: electro lizerd|51\/100\n|\n|-weather|RainDance|[upkeep]\n|upkeep\n|turn|3\n|\n|t:|1700236619\n|-terastallize|p1a: Kyogre|Ground\n|move|p1a: Kyogre|Water Spout|p2a: electro lizerd\n|-resisted|p2a: electro lizerd\n|-damage|p2a: electro lizerd|0 fnt\n|faint|p2a: electro lizerd\n|\n|-weather|RainDance|[upkeep]\n|upkeep\n|-message|carter\/35 forfeited.\n|\n|win|Raiozin\n|raw|Raiozin's rating: 1102 &rarr; <strong>1125<\/strong><br \/>(+23 for winning)\n|raw|carter&#x2f;35's rating: 1071 &rarr; <strong>1052<\/strong><br \/>(-19 for losing)\n|l|\u2606carter\/35\n","uploadtime":1700236640,"views":11,"p1id":"raiozin","p2id":"carter35","formatid":"gen9ubers","rating":1052,"private":0,"password":""}