{"id":"gen9ubers-1991561874","p1":"default0","p2":"Crown oji","format":"[Gen 9] Ubers","log":"|j|\u2606default0\n|j|\u2606Crown oji\n|inactive|Battle timer is ON: inactive players will automatically lose when time's up.\n|t:|1700088589\n|gametype|singles\n|player|p1|default0|skierf-gen4dp|\n|player|p2|Crown oji|benga|\n|teamsize|p1|3\n|teamsize|p2|3\n|gen|9\n|tier|[Gen 9] Ubers\n|rated|Tournament battle\n|rule|Sleep Clause Mod: Limit one foe put to sleep\n|rule|Species Clause: Limit one of each Pok\u00e9mon\n|rule|OHKO Clause: OHKO moves are banned\n|rule|Evasion Items Clause: Evasion items are banned\n|rule|Evasion Moves Clause: Evasion moves are banned\n|rule|Endless Battle Clause: Forcing endless battles is banned\n|rule|HP Percentage Mod: HP is shown in percentages\n|rule|Terastal Clause: You cannot Terastallize\n|clearpoke\n|poke|p1|Arceus|\n|poke|p1|Zacian-*|\n|poke|p1|Kyogre|\n|poke|p2|Arceus-Ground|\n|poke|p2|Zacian-*|\n|poke|p2|Miraidon|\n|teampreview|1\n|j|*Lady Monita \u2746\n|j| tindall64\n|\n|t:|1700088598\n|start\n|switch|p1a: Arceus|Arceus|100\/100\n|switch|p2a: Miraidon|Miraidon|100\/100\n|-fieldstart|move: Electric Terrain|[from] ability: Hadron Engine|[of] p2a: Miraidon\n|turn|1\n|\n|t:|1700088627\n|move|p1a: Arceus|Extreme Speed|p2a: Miraidon\n|-damage|p2a: Miraidon|36\/100\n|move|p2a: Miraidon|Electro Drift|p1a: Arceus\n|-damage|p1a: Arceus|32\/100\n|\n|upkeep\n|turn|2\n|\n|t:|1700088629\n|move|p1a: Arceus|Extreme Speed|p2a: Miraidon\n|-crit|p2a: Miraidon\n|-damage|p2a: Miraidon|0 fnt\n|faint|p2a: Miraidon\n|\n|win|default0\n|n|\u2606default0|default0\n|n|\u2606Crown oji|crownoji\n|n|*Lady Monita \u2746|ladymonita\n|n| tindall64|tindall64\n","uploadtime":1700088631,"views":7,"p1id":"default0","p2id":"crownoji","formatid":"gen9ubers","rating":0,"private":0,"password":""}