{"id":"gen9doublesou-1974705375","p1":"baneberrie","p2":"zgf888","format":"[Gen 9] Doubles OU","log":"|j|\u2606baneberrie\n|j|\u2606zgf888\n|t:|1698112422\n|gametype|doubles\n|player|p1|baneberrie|acetrainerf|1107\n|player|p2|zgf888|swimmerf-gen4|1122\n|teamsize|p1|6\n|teamsize|p2|6\n|gen|9\n|tier|[Gen 9] Doubles OU\n|rated|\n|rule|Species Clause: Limit one of each Pok\u00e9mon\n|rule|OHKO Clause: OHKO moves are banned\n|rule|Evasion Moves Clause: Evasion moves are banned\n|rule|Gravity Sleep Clause: The combination of sleep-inducing moves with imperfect accuracy and Gravity or Gigantamax Orbeetle are banned\n|rule|Endless Battle Clause: Forcing endless battles is banned\n|rule|HP Percentage Mod: HP is shown in percentages\n|clearpoke\n|poke|p1|Torkoal, M|\n|poke|p1|Leafeon, F|\n|poke|p1|Great Tusk|\n|poke|p1|Amoonguss, M|\n|poke|p1|Heatran, F|\n|poke|p1|Landorus-Therian, M|\n|poke|p2|Heatran, M|\n|poke|p2|Chi-Yu|\n|poke|p2|Ogerpon-Hearthflame, F|\n|poke|p2|Flutter Mane|\n|poke|p2|Tornadus, M|\n|poke|p2|Torkoal, M|\n|teampreview\n|\n|t:|1698112434\n|start\n|switch|p1a: Torkoal|Torkoal, M|100\/100\n|switch|p1b: Landorus|Landorus-Therian, M|100\/100\n|switch|p2a: Flutter Mane|Flutter Mane|100\/100\n|switch|p2b: Torkoal|Torkoal, M|100\/100\n|-ability|p1b: Landorus|Intimidate|boost\n|-unboost|p2a: Flutter Mane|atk|1\n|-unboost|p2b: Torkoal|atk|1\n|-weather|SunnyDay|[from] ability: Drought|[of] p1a: Torkoal\n|-activate|p2a: Flutter Mane|ability: Protosynthesis\n|-start|p2a: Flutter Mane|protosynthesisspe\n|turn|1\n|\n|t:|1698112459\n|-terastallize|p2a: Flutter Mane|Fairy\n|move|p2a: Flutter Mane|Dazzling Gleam|p1b: Landorus|[spread] p1a,p1b\n|-resisted|p1a: Torkoal\n|-damage|p1a: Torkoal|74\/100\n|-damage|p1b: Landorus|46\/100\n|move|p1b: Landorus|Sandsear Storm|p2b: Torkoal|[spread] p2a,p2b\n|-supereffective|p2b: Torkoal\n|-damage|p2a: Flutter Mane|65\/100\n|-damage|p2b: Torkoal|5\/100\n|move|p1a: Torkoal|Clear Smog|p2a: Flutter Mane\n|-supereffective|p2a: Flutter Mane\n|-damage|p2a: Flutter Mane|38\/100\n|-clearboost|p2a: Flutter Mane\n|move|p2b: Torkoal|Earthquake|p1b: Landorus|[spread] p2a,p1a\n|-immune|p1b: Landorus\n|-supereffective|p1a: Torkoal\n|-damage|p2a: Flutter Mane|5\/100\n|-damage|p1a: Torkoal|53\/100\n|\n|-weather|SunnyDay|[upkeep]\n|upkeep\n|turn|2\n|\n|t:|1698112501\n|switch|p1b: Heatran|Heatran, F|100\/100\n|-item|p1b: Heatran|Air Balloon\n|move|p2a: Flutter Mane|Dazzling Gleam|p1b: Heatran|[spread] p1a,p1b\n|-resisted|p1a: Torkoal\n|-resisted|p1b: Heatran\n|-crit|p1b: Heatran\n|-damage|p1a: Torkoal|26\/100\n|-damage|p1b: Heatran|87\/100\n|-enditem|p1b: Heatran|Air Balloon\n|move|p1a: Torkoal|Heat Wave|p2a: Flutter Mane|[spread] p2a,p2b\n|-resisted|p2b: Torkoal\n|-damage|p2a: Flutter Mane|0 fnt\n|-damage|p2b: Torkoal|0 fnt\n|faint|p2a: Flutter Mane\n|-end|p2a: Flutter Mane|Protosynthesis|[silent]\n|faint|p2b: Torkoal\n|\n|-weather|SunnyDay|[upkeep]\n|upkeep\n|-message|zgf888 forfeited.\n|\n|win|baneberrie\n|raw|baneberrie's rating: 1107 &rarr; <strong>1133<\/strong><br \/>(+26 for winning)\n|raw|zgf888's rating: 1122 &rarr; <strong>1096<\/strong><br \/>(-26 for losing)\n|l|\u2606zgf888\n","uploadtime":1698112519,"views":15,"p1id":"baneberrie","p2id":"zgf888","formatid":"gen9doublesou","rating":1096,"private":0,"password":""}