{"id":"gen9doublesou-1996948779","p1":"Liver Kingambit","p2":"GhostMasterMorty","format":"[Gen 9] Doubles OU","log":"|j|\u203dLiver Kingambit\n|j|\u2606GhostMasterMorty\n|t:|1700748492\n|gametype|doubles\n|player|p1|Liver Kingambit|burglar|1063\n|player|p2|GhostMasterMorty|morty|1000\n|teamsize|p1|6\n|teamsize|p2|6\n|gen|9\n|tier|[Gen 9] Doubles OU\n|rated|\n|rule|Species Clause: Limit one of each Pok\u00e9mon\n|rule|OHKO Clause: OHKO moves are banned\n|rule|Evasion Moves Clause: Evasion moves are banned\n|rule|Gravity Sleep Clause: The combination of sleep-inducing moves with imperfect accuracy and Gravity or Gigantamax Orbeetle are banned\n|rule|Endless Battle Clause: Forcing endless battles is banned\n|rule|HP Percentage Mod: HP is shown in percentages\n|clearpoke\n|poke|p1|Clefairy, F|\n|poke|p1|Kommo-o, F|\n|poke|p1|Rillaboom, F|\n|poke|p1|Landorus-Therian, M|\n|poke|p1|Ursaluna, M|\n|poke|p1|Sinistcha|\n|poke|p2|Mew|\n|poke|p2|Samurott, M|\n|poke|p2|Ninetales-Alola, F|\n|poke|p2|Beartic, F|\n|poke|p2|Greninja-*, M|\n|poke|p2|Chansey, F|\n|teampreview\n|c|\u2606GhostMasterMorty|GLHF\n|\n|t:|1700748514\n|start\n|switch|p1a: Sinistcha|Sinistcha|100\/100\n|switch|p1b: Ursaluna|Ursaluna, M|100\/100\n|switch|p2a: Samurott|Samurott, M|100\/100\n|switch|p2b: Mew|Mew|100\/100\n|turn|1\n|\n|t:|1700748528\n|switch|p1b: Rillaboom|Rillaboom, F|100\/100\n|-fieldstart|move: Grassy Terrain|[from] ability: Grassy Surge|[of] p1b: Rillaboom\n|move|p2b: Mew|Fire Pledge|p1a: Sinistcha\n|-waiting|p2b: Mew|p2a: Samurott\n|move|p2a: Samurott|Water Pledge|p1b: Rillaboom|[from]move: Fire Pledge\n|-combine\n|-resisted|p1b: Rillaboom\n|-damage|p1b: Rillaboom|74\/100\n|-sidestart|p2: GhostMasterMorty|Water Pledge\n|move|p1a: Sinistcha|Trick Room|p1a: Sinistcha\n|-fieldstart|move: Trick Room|[of] p1a: Sinistcha\n|\n|-heal|p1b: Rillaboom|80\/100|[from] Grassy Terrain\n|upkeep\n|turn|2\n|\n|t:|1700748550\n|switch|p2b: Ninetales|Ninetales-Alola, F|100\/100\n|-weather|Snow|[from] ability: Snow Warning|[of] p2b: Ninetales\n|-terastallize|p2a: Samurott|Steel\n|move|p1b: Rillaboom|Fake Out|p2a: Samurott\n|-resisted|p2a: Samurott\n|-damage|p2a: Samurott|93\/100\n|move|p1a: Sinistcha|Matcha Gotcha|p2a: Samurott|[spread] p2a\n|-miss|p1a: Sinistcha|p2b: Ninetales\n|-resisted|p2a: Samurott\n|-damage|p2a: Samurott|75\/100\n|cant|p2a: Samurott|flinch\n|\n|-weather|Snow|[upkeep]\n|-heal|p2a: Samurott|81\/100|[from] Grassy Terrain\n|-heal|p2a: Samurott|87\/100|[from] item: Leftovers\n|-heal|p1b: Rillaboom|86\/100|[from] Grassy Terrain\n|upkeep\n|turn|3\n|inactive|Battle timer is ON: inactive players will automatically lose when time's up. (requested by GhostMasterMorty)\n|\n|t:|1700748576\n|switch|p1a: Clefairy|Clefairy, F|100\/100\n|move|p2a: Samurott|Blizzard|p1a: Clefairy|[spread] p1a,p1b\n|-crit|p1a: Clefairy\n|-supereffective|p1b: Rillaboom\n|-damage|p1a: Clefairy|67\/100\n|-damage|p1b: Rillaboom|52\/100\n|move|p1b: Rillaboom|Wood Hammer|p2b: Ninetales\n|-damage|p2b: Ninetales|21\/100\n|-damage|p1b: Rillaboom|33\/100|[from] Recoil\n|move|p2b: Ninetales|Blizzard|p1b: Rillaboom|[spread] p1a,p1b\n|-supereffective|p1b: Rillaboom\n|-damage|p1a: Clefairy|42\/100\n|-damage|p1b: Rillaboom|0 fnt\n|faint|p1b: Rillaboom\n|\n|-weather|Snow|[upkeep]\n|-heal|p1a: Clefairy|48\/100|[from] Grassy Terrain\n|-heal|p2a: Samurott|93\/100|[from] Grassy Terrain\n|-heal|p2a: Samurott|99\/100|[from] item: Leftovers\n|-heal|p2b: Ninetales|27\/100|[from] Grassy Terrain\n|upkeep\n|l|\u203dLiver Kingambit\n|inactive|Liver Kingambit disconnected and has a minute to reconnect!\n|player|p1|\n|c|\u2606GhostMasterMorty|Bruh\n|inactive|Liver Kingambit has 30 seconds to reconnect!\n|inactive|Liver Kingambit has 20 seconds to reconnect!\n|inactive|Liver Kingambit has 15 seconds to reconnect!\n|inactive|Liver Kingambit has 10 seconds to reconnect!\n|inactive|Liver Kingambit has 5 seconds to reconnect!\n|c|\u2606GhostMasterMorty|Wow\n|-message|Liver Kingambit lost due to inactivity.\n|\n|win|GhostMasterMorty\n|raw|Liver Kingambit's rating: 1063 &rarr; <strong>1040<\/strong><br \/>(-23 for losing)\n|raw|GhostMasterMorty's rating: 1000 &rarr; <strong>1047<\/strong><br \/>(+47 for winning)\n","uploadtime":1700748650,"views":1,"p1id":"liverkingambit","p2id":"ghostmastermorty","formatid":"gen9doublesou","rating":1040,"private":0,"password":""}