{"id":"gen9doublesou-1980276830","p1":"my3rdaccbruh","p2":"Thanos Senpai","format":"[Gen 9] Doubles OU","log":"|j|\u2606my3rdaccbruh\n|j|\u2606Thanos Senpai\n|t:|1698771683\n|gametype|doubles\n|player|p1|my3rdaccbruh|marlon|1068\n|player|p2|Thanos Senpai|265|1000\n|teamsize|p1|6\n|teamsize|p2|6\n|gen|9\n|tier|[Gen 9] Doubles OU\n|rated|\n|rule|Species Clause: Limit one of each Pok\u00e9mon\n|rule|OHKO Clause: OHKO moves are banned\n|rule|Evasion Moves Clause: Evasion moves are banned\n|rule|Gravity Sleep Clause: The combination of sleep-inducing moves with imperfect accuracy and Gravity or Gigantamax Orbeetle are banned\n|rule|Endless Battle Clause: Forcing endless battles is banned\n|rule|HP Percentage Mod: HP is shown in percentages\n|clearpoke\n|poke|p1|Shaymin-Sky|\n|poke|p1|Amoonguss, M|\n|poke|p1|Flutter Mane|\n|poke|p1|Torkoal, F|\n|poke|p1|Ogerpon-Hearthflame, F|\n|poke|p1|Espathra, F|\n|poke|p2|Walking Wake|\n|poke|p2|Pawmot, M|\n|poke|p2|Amoonguss, M|\n|poke|p2|Arcanine, M|\n|poke|p2|Ursaluna-Bloodmoon, M|\n|poke|p2|Maushold|\n|teampreview\n|inactive|Battle timer is ON: inactive players will automatically lose when time's up. (requested by my3rdaccbruh)\n|\n|t:|1698771703\n|start\n|switch|p1a: Ogerpon|Ogerpon-Hearthflame, F|100\/100\n|switch|p1b: Espathra|Espathra, F|100\/100\n|switch|p2a: Genocide|Maushold|100\/100\n|switch|p2b: DOGE|Arcanine, M|100\/100\n|-ability|p1a: Ogerpon|Mold Breaker\n|turn|1\n|\n|t:|1698771721\n|move|p1a: Ogerpon|Follow Me|p1a: Ogerpon\n|-singleturn|p1a: Ogerpon|move: Follow Me\n|move|p2a: Genocide|Beat Up|p1a: Ogerpon\n|-damage|p1a: Ogerpon|97\/100\n|-damage|p1a: Ogerpon|93\/100\n|-damage|p1a: Ogerpon|90\/100\n|-damage|p1a: Ogerpon|85\/100\n|-damage|p1a: Ogerpon|82\/100\n|-damage|p1a: Ogerpon|78\/100\n|-hitcount|p1a: Ogerpon|6\n|move|p2b: DOGE|Flare Blitz|p1a: Ogerpon\n|-damage|p1a: Ogerpon|23\/100\n|-damage|p2b: DOGE|83\/100|[from] Recoil\n|move|p1b: Espathra|Calm Mind|p1b: Espathra\n|-boost|p1b: Espathra|spa|1\n|-boost|p1b: Espathra|spd|1\n|\n|-ability|p1b: Espathra|Speed Boost|boost\n|-boost|p1b: Espathra|spe|1\n|upkeep\n|turn|2\n|\n|t:|1698771746\n|move|p1b: Espathra|Protect|p1b: Espathra\n|-singleturn|p1b: Espathra|Protect\n|move|p1a: Ogerpon|Spiky Shield|p1a: Ogerpon\n|-singleturn|p1a: Ogerpon|move: Protect\n|move|p2a: Genocide|Beat Up|p2b: DOGE\n|-damage|p2b: DOGE|79\/100\n|-ability|p2b: DOGE|Justified|boost\n|-boost|p2b: DOGE|atk|1\n|-damage|p2b: DOGE|73\/100\n|-ability|p2b: DOGE|Justified|boost\n|-boost|p2b: DOGE|atk|1\n|-damage|p2b: DOGE|68\/100\n|-ability|p2b: DOGE|Justified|boost\n|-boost|p2b: DOGE|atk|1\n|-damage|p2b: DOGE|62\/100\n|-ability|p2b: DOGE|Justified|boost\n|-boost|p2b: DOGE|atk|1\n|-damage|p2b: DOGE|58\/100\n|-ability|p2b: DOGE|Justified|boost\n|-boost|p2b: DOGE|atk|1\n|-damage|p2b: DOGE|53\/100\n|-ability|p2b: DOGE|Justified|boost\n|-boost|p2b: DOGE|atk|1\n|-hitcount|p2b: DOGE|6\n|move|p2b: DOGE|Flare Blitz|p1a: Ogerpon\n|-activate|p1a: Ogerpon|move: Protect\n|-damage|p2b: DOGE|40\/100|[from] Spiky Shield|[of] p1a: Ogerpon\n|-enditem|p2b: DOGE|Sitrus Berry|[eat]\n|-heal|p2b: DOGE|65\/100|[from] item: Sitrus Berry\n|\n|-ability|p1b: Espathra|Speed Boost|boost\n|-boost|p1b: Espathra|spe|1\n|upkeep\n|turn|3\n|c|\u2606my3rdaccbruh|OH NOES\n|c|\u2606my3rdaccbruh|wait\n|inactive|Thanos Senpai has 120 seconds left.\n|\n|t:|1698771782\n|-terastallize|p2b: DOGE|Normal\n|move|p2a: Genocide|Follow Me|p2a: Genocide\n|-singleturn|p2a: Genocide|move: Follow Me\n|move|p2b: DOGE|Extreme Speed|p1b: Espathra\n|-damage|p1b: Espathra|0 fnt\n|faint|p1b: Espathra\n|move|p1a: Ogerpon|Follow Me|p1a: Ogerpon\n|-singleturn|p1a: Ogerpon|move: Follow Me\n|\n|upkeep\n|inactive|my3rdaccbruh has 120 seconds left.\n|c|\u2606Thanos Senpai|welp\n|-message|my3rdaccbruh forfeited.\n|\n|win|Thanos Senpai\n|raw|my3rdaccbruh's rating: 1068 &rarr; <strong>1044<\/strong><br \/>(-24 for losing)\n|raw|Thanos Senpai's rating: 1000 &rarr; <strong>1048<\/strong><br \/>(+48 for winning)\n|l|\u2606my3rdaccbruh\n","uploadtime":1698771803,"views":24,"p1id":"my3rdaccbruh","p2id":"thanossenpai","formatid":"gen9doublesou","rating":1044,"private":0,"password":""}