{"id":"gen9doublesou-1973157628","p1":"testerkitchen","p2":"TechnobladeForever","format":"[Gen 9] Doubles OU","log":"|j|\u2606testerkitchen\n|j|\u2606TechnobladeForever\n|t:|1697934032\n|gametype|doubles\n|player|p1|testerkitchen|102|1087\n|player|p2|TechnobladeForever|2|1098\n|teamsize|p1|6\n|teamsize|p2|6\n|gen|9\n|tier|[Gen 9] Doubles OU\n|rated|\n|rule|Species Clause: Limit one of each Pok\u00e9mon\n|rule|OHKO Clause: OHKO moves are banned\n|rule|Evasion Moves Clause: Evasion moves are banned\n|rule|Gravity Sleep Clause: The combination of sleep-inducing moves with imperfect accuracy and Gravity or Gigantamax Orbeetle are banned\n|rule|Endless Battle Clause: Forcing endless battles is banned\n|rule|HP Percentage Mod: HP is shown in percentages\n|clearpoke\n|poke|p1|Baxcalibur, F|\n|poke|p1|Torkoal, M|\n|poke|p1|Walking Wake|\n|poke|p1|Gholdengo|\n|poke|p1|Amoonguss, F|\n|poke|p1|Rillaboom, F|\n|poke|p2|Regieleki|\n|poke|p2|Ninetales-Alola, F|\n|poke|p2|Conkeldurr, F|\n|poke|p2|Baxcalibur, F|\n|poke|p2|Gliscor, F|\n|poke|p2|Dragonite, F|\n|teampreview\n|\n|t:|1697934041\n|start\n|switch|p1a: Rillaboom|Rillaboom, F|100\/100\n|switch|p1b: Gholdengo|Gholdengo|100\/100\n|switch|p2a: Dragonite|Dragonite, F|100\/100\n|switch|p2b: Regieleki|Regieleki|100\/100\n|-fieldstart|move: Grassy Terrain|[from] ability: Grassy Surge|[of] p1a: Rillaboom\n|turn|1\n|inactive|Battle timer is ON: inactive players will automatically lose when time's up. (requested by TechnobladeForever)\n|\n|t:|1697934061\n|-terastallize|p2b: Regieleki|Ice\n|move|p1a: Rillaboom|Fake Out|p2b: Regieleki\n|-crit|p2b: Regieleki\n|-damage|p2b: Regieleki|59\/100\n|cant|p2b: Regieleki|flinch\n|move|p2a: Dragonite|Tailwind|p2a: Dragonite\n|-sidestart|p2: TechnobladeForever|move: Tailwind\n|move|p1b: Gholdengo|Nasty Plot|p1b: Gholdengo\n|-boost|p1b: Gholdengo|spa|2\n|\n|-heal|p2b: Regieleki|65\/100|[from] Grassy Terrain\n|upkeep\n|turn|2\n|\n|t:|1697934091\n|switch|p2b: Ninetales|Ninetales-Alola, F|100\/100\n|-weather|Snow|[from] ability: Snow Warning|[of] p2b: Ninetales\n|move|p1a: Rillaboom|Grassy Glide|p2b: Ninetales\n|-damage|p2b: Ninetales|59\/100\n|move|p2a: Dragonite|Dragon Dance|p2a: Dragonite\n|-boost|p2a: Dragonite|atk|1\n|-boost|p2a: Dragonite|spe|1\n|move|p1b: Gholdengo|Make It Rain|p2b: Ninetales|[spread] p2a,p2b\n|-supereffective|p2b: Ninetales\n|-damage|p2a: Dragonite|45\/100\n|-damage|p2b: Ninetales|0 fnt\n|-unboost|p1b: Gholdengo|spa|1\n|faint|p2b: Ninetales\n|\n|-weather|Snow|[upkeep]\n|upkeep\n|inactive|TechnobladeForever has 120 seconds left.\n|\n|t:|1697934104\n|switch|p2b: Regieleki|Regieleki, tera:Ice|65\/100\n|turn|3\n|\n|t:|1697934125\n|move|p2a: Dragonite|Extreme Speed|p1a: Rillaboom\n|-damage|p1a: Rillaboom|50\/100\n|move|p1a: Rillaboom|Grassy Glide|p2b: Regieleki\n|-damage|p2b: Regieleki|14\/100\n|move|p2b: Regieleki|Thunder Cage|p1b: Gholdengo\n|-damage|p1b: Gholdengo|49\/100\n|-activate|p1b: Gholdengo|move: Thunder Cage|[of] p2b: Regieleki\n|move|p1b: Gholdengo|Make It Rain|p2b: Regieleki|[spread] p2a,p2b\n|-supereffective|p2b: Regieleki\n|-damage|p2a: Dragonite|0 fnt\n|-damage|p2b: Regieleki|0 fnt\n|-unboost|p1b: Gholdengo|spa|1\n|faint|p2a: Dragonite\n|faint|p2b: Regieleki\n|\n|-weather|Snow|[upkeep]\n|-heal|p1a: Rillaboom|56\/100|[from] Grassy Terrain\n|-heal|p1b: Gholdengo|56\/100|[from] Grassy Terrain\n|-heal|p1b: Gholdengo|62\/100|[from] item: Leftovers\n|-end|p1b: Gholdengo|Thunder Cage|[partiallytrapped]|[silent]\n|upkeep\n|\n|t:|1697934141\n|switch|p2b: Baxcalibur|Baxcalibur, F|100\/100\n|switch|p2a: Gliscor|Gliscor, F|100\/100\n|turn|4\n|\n|t:|1697934162\n|move|p2a: Gliscor|Dual Wingbeat|p1a: Rillaboom\n|-supereffective|p1a: Rillaboom\n|-damage|p1a: Rillaboom|23\/100\n|-supereffective|p1a: Rillaboom\n|-damage|p1a: Rillaboom|0 fnt\n|faint|p1a: Rillaboom\n|-hitcount|p1: Rillaboom|2\n|move|p2b: Baxcalibur|Swords Dance|p2b: Baxcalibur\n|-boost|p2b: Baxcalibur|atk|2\n|move|p1b: Gholdengo|Make It Rain|p2a: Gliscor|[spread] p2a,p2b\n|-supereffective|p2b: Baxcalibur\n|-damage|p2a: Gliscor|17\/100\n|-damage|p2b: Baxcalibur|0 fnt\n|-unboost|p1b: Gholdengo|spa|1\n|faint|p2b: Baxcalibur\n|\n|-weather|Snow|[upkeep]\n|-heal|p1b: Gholdengo|68\/100|[from] Grassy Terrain\n|-heal|p1b: Gholdengo|74\/100|[from] item: Leftovers\n|-sideend|p2: TechnobladeForever|move: Tailwind\n|-status|p2a: Gliscor|tox|[from] item: Toxic Orb\n|upkeep\n|-message|TechnobladeForever forfeited.\n|\n|win|testerkitchen\n|raw|testerkitchen's rating: 1087 &rarr; <strong>1115<\/strong><br \/>(+28 for winning)\n|raw|TechnobladeForever's rating: 1098 &rarr; <strong>1073<\/strong><br \/>(-25 for losing)\n|l|\u2606TechnobladeForever\n","uploadtime":1697934192,"views":12,"p1id":"testerkitchen","p2id":"technobladeforever","formatid":"gen9doublesou","rating":1073,"private":0,"password":""}