{"id":"gen9doublesou-1973750770","p1":"C trepas drole","p2":"SecondBestBoy","format":"[Gen 9] Doubles OU","log":"|j|\u2606C trepas drole\n|j|\u2606SecondBestBoy\n|t:|1698009682\n|gametype|doubles\n|player|p1|C trepas drole|266|1127\n|player|p2|SecondBestBoy|101|1068\n|teamsize|p1|6\n|teamsize|p2|6\n|gen|9\n|tier|[Gen 9] Doubles OU\n|rated|\n|rule|Species Clause: Limit one of each Pok\u00e9mon\n|rule|OHKO Clause: OHKO moves are banned\n|rule|Evasion Moves Clause: Evasion moves are banned\n|rule|Gravity Sleep Clause: The combination of sleep-inducing moves with imperfect accuracy and Gravity or Gigantamax Orbeetle are banned\n|rule|Endless Battle Clause: Forcing endless battles is banned\n|rule|HP Percentage Mod: HP is shown in percentages\n|clearpoke\n|poke|p1|Goodra-Hisui, F|\n|poke|p1|Dedenne, M|\n|poke|p1|Empoleon, M|\n|poke|p1|Bronzong|\n|poke|p1|Politoed, M|\n|poke|p1|Skuntank, F|\n|poke|p2|Chandelure, F|\n|poke|p2|Volcarona, M|\n|poke|p2|Oricorio-Pom-Pom, M|\n|poke|p2|Maushold|\n|poke|p2|Landorus-Therian, M|\n|poke|p2|Greninja-*, M|\n|teampreview\n|inactive|Battle timer is ON: inactive players will automatically lose when time's up. (requested by C trepas drole)\n|\n|t:|1698009693\n|start\n|switch|p1a: Bronzong|Bronzong|100\/100\n|switch|p1b: Empoleon|Empoleon, M|100\/100\n|switch|p2a: Volcarona|Volcarona, M|100\/100\n|switch|p2b: Oricorio|Oricorio-Pom-Pom, M|100\/100\n|turn|1\n|\n|t:|1698009715\n|-terastallize|p1b: Empoleon|Water\n|move|p2b: Oricorio|Revelation Dance|p1b: Empoleon\n|-supereffective|p1b: Empoleon\n|-damage|p1b: Empoleon|26\/100\n|-enditem|p1b: Empoleon|Weakness Policy\n|-boost|p1b: Empoleon|atk|2|[from] item: Weakness Policy\n|-boost|p1b: Empoleon|spa|2|[from] item: Weakness Policy\n|move|p2a: Volcarona|Quiver Dance|p2a: Volcarona\n|-boost|p2a: Volcarona|spa|1\n|-boost|p2a: Volcarona|spd|1\n|-boost|p2a: Volcarona|spe|1\n|-activate|p2b: Oricorio|ability: Dancer\n|move|p2b: Oricorio|Quiver Dance|p2b: Oricorio|[from]ability: Dancer\n|-boost|p2b: Oricorio|spa|1\n|-boost|p2b: Oricorio|spd|1\n|-boost|p2b: Oricorio|spe|1\n|move|p1b: Empoleon|Surf|p2a: Volcarona|[spread] p1a,p2a,p2b\n|-supereffective|p2a: Volcarona\n|-damage|p1a: Bronzong|13\/100\n|-damage|p2a: Volcarona|2\/100\n|-damage|p2b: Oricorio|5\/100\n|move|p1a: Bronzong|Trick Room|p1a: Bronzong\n|-fieldstart|move: Trick Room|[of] p1a: Bronzong\n|\n|-heal|p1a: Bronzong|19\/100|[from] item: Leftovers\n|-heal|p2a: Volcarona|8\/100|[from] item: Leftovers\n|upkeep\n|turn|2\n|inactive|C trepas drole has 120 seconds left.\n|\n|t:|1698009760\n|switch|p1a: Politoed|Politoed, M|100\/100\n|move|p2a: Volcarona|Protect|p2a: Volcarona\n|-singleturn|p2a: Volcarona|Protect\n|move|p2b: Oricorio|Protect|p2b: Oricorio\n|-singleturn|p2b: Oricorio|Protect\n|move|p1b: Empoleon|Surf|p2a: Volcarona|[spread] \n|-activate|p2a: Volcarona|move: Protect\n|-activate|p2b: Oricorio|move: Protect\n|-immune|p1a: Politoed|[from] ability: Water Absorb\n|\n|-heal|p2a: Volcarona|14\/100|[from] item: Leftovers\n|upkeep\n|turn|3\n|inactive|C trepas drole has 120 seconds left.\n|\n|t:|1698009780\n|move|p1b: Empoleon|Surf|p2b: Oricorio|[spread] p2a,p2b\n|-immune|p1a: Politoed|[from] ability: Water Absorb\n|-supereffective|p2a: Volcarona\n|-damage|p2a: Volcarona|0 fnt\n|-damage|p2b: Oricorio|0 fnt\n|faint|p2a: Volcarona\n|faint|p2b: Oricorio\n|move|p1a: Politoed|Chilling Water|p2: Volcarona|[notarget]\n|-fail|p1a: Politoed\n|\n|upkeep\n|-message|SecondBestBoy forfeited.\n|\n|win|C trepas drole\n|raw|C trepas drole's rating: 1127 &rarr; <strong>1148<\/strong><br \/>(+21 for winning)\n|raw|SecondBestBoy's rating: 1068 &rarr; <strong>1051<\/strong><br \/>(-17 for losing)\n|l|\u2606SecondBestBoy\n","uploadtime":1698009799,"views":12,"p1id":"ctrepasdrole","p2id":"secondbestboy","formatid":"gen9doublesou","rating":1051,"private":0,"password":""}