{"id":"gen9doublesou-1975295146","p1":"Saitama Slayer","p2":"Rkidcreo","format":"[Gen 9] Doubles OU","log":"|j|\u2606Saitama Slayer\n|j|\u2606Rkidcreo\n|t:|1698177364\n|gametype|doubles\n|player|p1|Saitama Slayer|cynthia|\n|player|p2|Rkidcreo|riley|\n|teamsize|p1|6\n|teamsize|p2|6\n|gen|9\n|tier|[Gen 9] Doubles OU\n|rule|Species Clause: Limit one of each Pok\u00e9mon\n|rule|OHKO Clause: OHKO moves are banned\n|rule|Evasion Moves Clause: Evasion moves are banned\n|rule|Gravity Sleep Clause: The combination of sleep-inducing moves with imperfect accuracy and Gravity or Gigantamax Orbeetle are banned\n|rule|Endless Battle Clause: Forcing endless battles is banned\n|rule|HP Percentage Mod: HP is shown in percentages\n|clearpoke\n|poke|p1|Krookodile, M|\n|poke|p1|Meowscarada, F|\n|poke|p1|Flamigo, F|\n|poke|p1|Sableye, M|\n|poke|p1|Torkoal, F|\n|poke|p1|Tauros-Paldea-Aqua, M|\n|poke|p2|Toxapex, F|\n|poke|p2|Fezandipiti, M|\n|poke|p2|Sandy Shocks|\n|poke|p2|Arcanine-Hisui, F|\n|poke|p2|Hydreigon, M|\n|poke|p2|Corviknight, M|\n|teampreview\n|\n|t:|1698177378\n|start\n|switch|p1a: Krookodile|Krookodile, M|100\/100\n|switch|p1b: Meowscarada|Meowscarada, F|100\/100\n|switch|p2a: Arcanine|Arcanine-Hisui, F|100\/100\n|switch|p2b: Toxapex|Toxapex, F|100\/100\n|turn|1\n|\n|t:|1698177400\n|move|p1b: Meowscarada|Protect|p1b: Meowscarada\n|-singleturn|p1b: Meowscarada|Protect\n|move|p1a: Krookodile|Protect|p1a: Krookodile\n|-singleturn|p1a: Krookodile|Protect\n|move|p2a: Arcanine|Flame Charge|p1b: Meowscarada\n|-activate|p1b: Meowscarada|move: Protect\n|move|p2b: Toxapex|Gunk Shot|p1b: Meowscarada\n|-activate|p1b: Meowscarada|move: Protect\n|\n|upkeep\n|turn|2\n|\n|t:|1698177435\n|-terastallize|p1a: Krookodile|Rock\n|move|p1b: Meowscarada|Flower Trick|p1a: Krookodile\n|-supereffective|p1a: Krookodile\n|-crit|p1a: Krookodile\n|-damage|p1a: Krookodile|12\/100\n|-setboost|p1a: Krookodile|atk|6|[from] ability: Anger Point\n|-enditem|p1a: Krookodile|Salac Berry|[eat]\n|-boost|p1a: Krookodile|spe|1|[from] item: Salac Berry\n|move|p1a: Krookodile|Earthquake|p2a: Arcanine|[spread] p1b,p2a,p2b\n|-resisted|p1b: Meowscarada\n|-supereffective|p2a: Arcanine\n|-crit|p2a: Arcanine\n|-supereffective|p2b: Toxapex\n|-damage|p1b: Meowscarada|13\/100\n|-damage|p2a: Arcanine|0 fnt\n|-damage|p2b: Toxapex|0 fnt\n|faint|p2a: Arcanine\n|faint|p2b: Toxapex\n|-enditem|p1b: Meowscarada|Eject Button\n|\n|t:|1698177452\n|switch|p1b: Flamigo|Flamigo, F|100\/100\n|-copyboost|p1b: Flamigo|p1a: Krookodile|[from] ability: Costar\n|\n|upkeep\n|\n|t:|1698177461\n|switch|p2a: Corviknight|Corviknight, M|100\/100\n|switch|p2b: Hydreigon|Hydreigon, M|100\/100\n|turn|3\n|\n|t:|1698177501\n|move|p1a: Krookodile|Power Trip|p2b: Hydreigon\n|-resisted|p2b: Hydreigon\n|-damage|p2b: Hydreigon|0 fnt\n|faint|p2b: Hydreigon\n|move|p1b: Flamigo|Close Combat|p2a: Corviknight\n|-damage|p2a: Corviknight|0 fnt\n|-unboost|p1b: Flamigo|def|1\n|-unboost|p1b: Flamigo|spd|1\n|faint|p2a: Corviknight\n|\n|upkeep\n|\n|t:|1698177516\n|switch|p2b: Fezandipiti|Fezandipiti, M|100\/100\n|switch|p2a: Sandy Shocks|Sandy Shocks|100\/100\n|turn|4\n|\n|t:|1698177538\n|move|p1a: Krookodile|Earthquake|p2a: Sandy Shocks|[spread] p2a,p2b\n|-immune|p1b: Flamigo\n|-supereffective|p2a: Sandy Shocks\n|-supereffective|p2b: Fezandipiti\n|-damage|p2a: Sandy Shocks|0 fnt\n|-damage|p2b: Fezandipiti|0 fnt\n|faint|p2a: Sandy Shocks\n|-end|p2a: Sandy Shocks|Protosynthesis|[silent]\n|faint|p2b: Fezandipiti\n|\n|win|Saitama Slayer\n","uploadtime":1698177552,"views":25,"p1id":"saitamaslayer","p2id":"rkidcreo","formatid":"gen9doublesou","rating":0,"private":0,"password":""}