{"id":"gen9doublesou-1988255925","p1":"xxgodzilla1.0","p2":"Artimus245","format":"[Gen 9] Doubles OU","log":"|j|\u2606xxgodzilla1.0\n|j|\u2606Artimus245\n|inactive|Battle timer is ON: inactive players will automatically lose when time's up.\n|t:|1699695699\n|gametype|doubles\n|player|p1|xxgodzilla1.0|nate|\n|player|p2|Artimus245|steven|\n|teamsize|p1|2\n|teamsize|p2|2\n|gen|9\n|tier|[Gen 9] Doubles OU\n|rated|Tournament battle\n|rule|Species Clause: Limit one of each Pok\u00e9mon\n|rule|OHKO Clause: OHKO moves are banned\n|rule|Evasion Moves Clause: Evasion moves are banned\n|rule|Gravity Sleep Clause: The combination of sleep-inducing moves with imperfect accuracy and Gravity or Gigantamax Orbeetle are banned\n|rule|Endless Battle Clause: Forcing endless battles is banned\n|rule|HP Percentage Mod: HP is shown in percentages\n|clearpoke\n|poke|p1|Dragonite, F|\n|poke|p1|Hariyama, M|\n|poke|p2|Tyranitar, M|\n|poke|p2|Greninja-*, F|\n|teampreview\n|j|*Lady Monita \u263d\n|inactive|xxgodzilla1.0 has 120 seconds left.\n|\n|t:|1699695730\n|start\n|switch|p1a: Dragonite|Dragonite, F|100\/100\n|switch|p1b: Hariyama|Hariyama, M|100\/100\n|switch|p2a: Tyranitar|Tyranitar, M|100\/100\n|switch|p2b: Greninja|Greninja, F|100\/100\n|-ability|p2a: Tyranitar|Unnerve\n|turn|1\n|c|\u2606xxgodzilla1.0|glhf\n|j| Fiddlw\n|c|\u2606Artimus245|u2!\n|inactive|xxgodzilla1.0 has 120 seconds left.\n|\n|t:|1699695761\n|-terastallize|p2a: Tyranitar|Ghost\n|-terastallize|p1a: Dragonite|Normal\n|move|p1b: Hariyama|Fake Out|p2b: Greninja\n|-damage|p2b: Greninja|76\/100\n|move|p1a: Dragonite|Extreme Speed|p2b: Greninja\n|-damage|p2b: Greninja|0 fnt\n|faint|p2b: Greninja\n|-damage|p1a: Dragonite|91\/100|[from] item: Life Orb\n|move|p2a: Tyranitar|Rock Slide|p1a: Dragonite|[spread] p1a,p1b\n|-resisted|p1b: Hariyama\n|-damage|p1a: Dragonite|60\/100\n|-damage|p1b: Hariyama|80\/100\n|\n|upkeep\n|turn|2\n|inactive|xxgodzilla1.0 has 120 seconds left.\n|\n|t:|1699695790\n|move|p2a: Tyranitar|Rock Slide|p1b: Hariyama|[spread] p1a,p1b\n|-resisted|p1b: Hariyama\n|-damage|p1a: Dragonite|30\/100\n|-damage|p1b: Hariyama|62\/100\n|move|p1a: Dragonite|Dragon Claw|p2a: Tyranitar\n|-damage|p2a: Tyranitar|41\/100\n|-damage|p1a: Dragonite|20\/100|[from] item: Life Orb\n|move|p1b: Hariyama|Headlong Rush|p2a: Tyranitar\n|-damage|p2a: Tyranitar|0 fnt\n|-unboost|p1b: Hariyama|def|1\n|-unboost|p1b: Hariyama|spd|1\n|faint|p2a: Tyranitar\n|\n|win|xxgodzilla1.0\n|n|\u2606xxgodzilla1.0|xxgodzilla10\n|n|\u2606Artimus245|artimus245\n|n|*Lady Monita \u263d|ladymonita\n|n| Fiddlw|fiddlw\n","uploadtime":1699695791,"views":11,"p1id":"xxgodzilla10","p2id":"artimus245","formatid":"gen9doublesou","rating":0,"private":0,"password":""}