{"id":"gen9doublesou-1992922031","p1":"Bluejay123","p2":"hoenntb","format":"[Gen 9] Doubles OU","log":"|j|\u2606Bluejay123\n|j|\u2606hoenntb\n|t:|1700247073\n|gametype|doubles\n|player|p1|Bluejay123|hugh|1268\n|player|p2|hoenntb|guitarist|1365\n|teamsize|p1|6\n|teamsize|p2|6\n|gen|9\n|tier|[Gen 9] Doubles OU\n|rated|\n|rule|Species Clause: Limit one of each Pok\u00e9mon\n|rule|OHKO Clause: OHKO moves are banned\n|rule|Evasion Moves Clause: Evasion moves are banned\n|rule|Gravity Sleep Clause: The combination of sleep-inducing moves with imperfect accuracy and Gravity or Gigantamax Orbeetle are banned\n|rule|Endless Battle Clause: Forcing endless battles is banned\n|rule|HP Percentage Mod: HP is shown in percentages\n|clearpoke\n|poke|p1|Glimmora, M|\n|poke|p1|Samurott-Hisui, M|\n|poke|p1|Dragonite, M|\n|poke|p1|Hatterene, F|\n|poke|p1|Iron Hands|\n|poke|p1|Torkoal, M|\n|poke|p2|Spectrier|\n|poke|p2|Heatran, M|\n|poke|p2|Ogerpon-Hearthflame, F|\n|poke|p2|Palafin, F|\n|poke|p2|Flutter Mane|\n|poke|p2|Sinistcha|\n|teampreview\n|inactive|Battle timer is ON: inactive players will automatically lose when time's up. (requested by hoenntb)\n|\n|t:|1700247091\n|start\n|switch|p1a: Glimmunchkin|Glimmora, M|100\/100\n|switch|p1b: Sammy|Samurott-Hisui, M|100\/100\n|switch|p2a: Mr. Heat|Heatran, M|100\/100\n|switch|p2b: Disgusting thing|Flutter Mane|100\/100\n|-enditem|p2b: Disgusting thing|Booster Energy\n|-activate|p2b: Disgusting thing|ability: Protosynthesis|[fromitem]\n|-start|p2b: Disgusting thing|protosynthesisspe\n|turn|1\n|inactive|hoenntb has 120 seconds left.\n|\n|t:|1700247129\n|move|p2b: Disgusting thing|Dazzling Gleam|p1b: Sammy|[spread] p1a,p1b\n|-resisted|p1a: Glimmunchkin\n|-supereffective|p1b: Sammy\n|-damage|p1a: Glimmunchkin|82\/100\n|-damage|p1b: Sammy|8\/100\n|move|p1a: Glimmunchkin|Stealth Rock|p2a: Mr. Heat\n|-sidestart|p2: hoenntb|move: Stealth Rock\n|move|p1b: Sammy|Ceaseless Edge|p2b: Disgusting thing\n|-damage|p2b: Disgusting thing|0 fnt\n|-sidestart|p2: hoenntb|Spikes\n|faint|p2b: Disgusting thing\n|-end|p2b: Disgusting thing|Protosynthesis|[silent]\n|move|p2a: Mr. Heat|Stealth Rock|p1b: Sammy\n|-sidestart|p1: Bluejay123|move: Stealth Rock\n|\n|upkeep\n|\n|t:|1700247146\n|switch|p2b: All might|Palafin, F|100\/100\n|-damage|p2b: All might|88\/100|[from] Stealth Rock\n|-damage|p2b: All might|76\/100|[from] Spikes\n|turn|2\n|\n|t:|1700247154\n|move|p1b: Sammy|Aqua Jet|p2a: Mr. Heat\n|-supereffective|p2a: Mr. Heat\n|-damage|p2a: Mr. Heat|70\/100\n|move|p2b: All might|Flip Turn|p1b: Sammy\n|-resisted|p1b: Sammy\n|-damage|p1b: Sammy|0 fnt\n|faint|p1b: Sammy\n|\n|t:|1700247160\n|detailschange|p2b: All might|Palafin-Hero, F\n|switch|p2b: Gotcha!|Sinistcha|100\/100|[from] Flip Turn\n|-damage|p2b: Gotcha!|88\/100|[from] Stealth Rock\n|-damage|p2b: Gotcha!|76\/100|[from] Spikes\n|-heal|p2a: Mr. Heat|95\/100|[from] ability: Hospitality|[of] p2b: Gotcha!\n|move|p1a: Glimmunchkin|Mortal Spin|p2a: Mr. Heat|[spread] p2b\n|-immune|p2a: Mr. Heat\n|-damage|p2b: Gotcha!|72\/100\n|-status|p2b: Gotcha!|psn\n|-sideend|p1: Bluejay123|Stealth Rock|[from] move: Mortal Spin|[of] p1a: Glimmunchkin\n|move|p2a: Mr. Heat|Magma Storm|p1a: Glimmunchkin\n|-resisted|p1a: Glimmunchkin\n|-damage|p1a: Glimmunchkin|59\/100\n|-activate|p1a: Glimmunchkin|move: Magma Storm|[of] p2a: Mr. Heat\n|\n|-heal|p2a: Mr. Heat|100\/100|[from] item: Leftovers\n|-heal|p2b: Gotcha!|78\/100 psn|[from] item: Leftovers\n|-damage|p2b: Gotcha!|66\/100 psn|[from] psn\n|-damage|p1a: Glimmunchkin|46\/100|[from] move: Magma Storm|[partiallytrapped]\n|upkeep\n|-message|hoenntb forfeited.\n|\n|win|Bluejay123\n|raw|Bluejay123's rating: 1268 &rarr; <strong>1300<\/strong><br \/>(+32 for winning)\n|raw|hoenntb's rating: 1365 &rarr; <strong>1340<\/strong><br \/>(-25 for losing)\n|l|\u2606hoenntb\n|c|\u2606Bluejay123|HIGH SCORE\n","uploadtime":1700247197,"views":8,"p1id":"bluejay123","p2id":"hoenntb","formatid":"gen9doublesou","rating":1300,"private":0,"password":""}