{"id":"gen9doublesou-1972320569","p1":"Kiegan10","p2":"americanboi69","format":"[Gen 9] Doubles OU","log":"|j|\u2606Kiegan10\n|j|\u2606americanboi69\n|t:|1697831108\n|gametype|doubles\n|player|p1|Kiegan10|nate|1193\n|player|p2|americanboi69|lucas|1112\n|teamsize|p1|6\n|teamsize|p2|6\n|gen|9\n|tier|[Gen 9] Doubles OU\n|rated|\n|rule|Species Clause: Limit one of each Pok\u00e9mon\n|rule|OHKO Clause: OHKO moves are banned\n|rule|Evasion Moves Clause: Evasion moves are banned\n|rule|Gravity Sleep Clause: The combination of sleep-inducing moves with imperfect accuracy and Gravity or Gigantamax Orbeetle are banned\n|rule|Endless Battle Clause: Forcing endless battles is banned\n|rule|HP Percentage Mod: HP is shown in percentages\n|clearpoke\n|poke|p1|Gholdengo|\n|poke|p1|Torkoal, F|\n|poke|p1|Walking Wake|\n|poke|p1|Indeedee, M|\n|poke|p1|Armarouge, F|\n|poke|p1|Amoonguss, F|\n|poke|p2|Typhlosion-Hisui, F|\n|poke|p2|Charizard, M|\n|poke|p2|Krookodile, M|\n|poke|p2|Flamigo, F|\n|poke|p2|Meowscarada, M|\n|poke|p2|Kingambit, F|\n|teampreview\n|inactive|Battle timer is ON: inactive players will automatically lose when time's up. (requested by americanboi69)\n|\n|t:|1697831115\n|start\n|switch|p1a: Torkoal|Torkoal, F|100\/100\n|switch|p1b: Walking Wake|Walking Wake|100\/100\n|switch|p2a: Meowscarada|Meowscarada, M|100\/100\n|switch|p2b: Krookodile|Krookodile, M|100\/100\n|-weather|SunnyDay|[from] ability: Drought|[of] p1a: Torkoal\n|-activate|p1b: Walking Wake|ability: Protosynthesis\n|-start|p1b: Walking Wake|protosynthesisspa\n|turn|1\n|\n|t:|1697831131\n|move|p2a: Meowscarada|Flower Trick|p2b: Krookodile\n|-supereffective|p2b: Krookodile\n|-crit|p2b: Krookodile\n|-damage|p2b: Krookodile|17\/100\n|-setboost|p2b: Krookodile|atk|6|[from] ability: Anger Point\n|-enditem|p2b: Krookodile|Salac Berry|[eat]\n|-boost|p2b: Krookodile|spe|1|[from] item: Salac Berry\n|move|p2b: Krookodile|Earthquake|p1a: Torkoal|[spread] p2a,p1a,p1b\n|-resisted|p2a: Meowscarada\n|-supereffective|p1a: Torkoal\n|-damage|p2a: Meowscarada|3\/100\n|-damage|p1a: Torkoal|0 fnt\n|-damage|p1b: Walking Wake|0 fnt\n|faint|p1a: Torkoal\n|faint|p1b: Walking Wake\n|-end|p1b: Walking Wake|Protosynthesis|[silent]\n|-enditem|p2a: Meowscarada|Eject Button\n|\n|t:|1697831143\n|switch|p2a: Flamigo|Flamigo, F|100\/100\n|-copyboost|p2a: Flamigo|p2b: Krookodile|[from] ability: Costar\n|\n|-weather|SunnyDay|[upkeep]\n|upkeep\n|\n|t:|1697831165\n|switch|p1b: Gholdengo|Gholdengo|100\/100\n|switch|p1a: Amoonguss|Amoonguss, F|100\/100\n|turn|2\n|\n|t:|1697831179\n|-terastallize|p1b: Gholdengo|Fairy\n|move|p2b: Krookodile|Power Trip|p1b: Gholdengo\n|-resisted|p1b: Gholdengo\n|-damage|p1b: Gholdengo|0 fnt\n|faint|p1b: Gholdengo\n|move|p2a: Flamigo|Acrobatics|p1a: Amoonguss\n|-supereffective|p1a: Amoonguss\n|-crit|p1a: Amoonguss\n|-damage|p1a: Amoonguss|0 fnt\n|faint|p1a: Amoonguss\n|\n|-weather|SunnyDay|[upkeep]\n|upkeep\n|\n|t:|1697831193\n|switch|p1b: Indeedee|Indeedee, M|100\/100\n|switch|p1a: Armarouge|Armarouge, F|100\/100\n|-fieldstart|move: Psychic Terrain|[from] ability: Psychic Surge|[of] p1b: Indeedee\n|turn|3\n|\n|t:|1697831208\n|move|p2b: Krookodile|Power Trip|p1a: Armarouge\n|-supereffective|p1a: Armarouge\n|-damage|p1a: Armarouge|0 fnt\n|faint|p1a: Armarouge\n|move|p2a: Flamigo|Close Combat|p1b: Indeedee\n|-damage|p1b: Indeedee|0 fnt\n|-unboost|p2a: Flamigo|def|1\n|-unboost|p2a: Flamigo|spd|1\n|faint|p1b: Indeedee\n|\n|win|americanboi69\n|raw|Kiegan10's rating: 1193 &rarr; <strong>1162<\/strong><br \/>(-31 for losing)\n|raw|americanboi69's rating: 1112 &rarr; <strong>1143<\/strong><br \/>(+31 for winning)\n|l|\u2606Kiegan10\n","uploadtime":1697831223,"views":10,"p1id":"kiegan10","p2id":"americanboi69","formatid":"gen9doublesou","rating":1143,"private":0,"password":""}