{"id":"gen9doublesou-1969846039","p1":"hysali30","p2":"Vonderburg","format":"[Gen 9] Doubles OU","log":"|j|\u2606hysali30\n|j|\u2606Vonderburg\n|t:|1697569877\n|gametype|doubles\n|player|p1|hysali30|dancer|1140\n|player|p2|Vonderburg|acetrainer-gen4dp|1043\n|teamsize|p1|6\n|teamsize|p2|6\n|gen|9\n|tier|[Gen 9] Doubles OU\n|rated|\n|rule|Species Clause: Limit one of each Pok\u00e9mon\n|rule|OHKO Clause: OHKO moves are banned\n|rule|Evasion Moves Clause: Evasion moves are banned\n|rule|Gravity Sleep Clause: The combination of sleep-inducing moves with imperfect accuracy and Gravity or Gigantamax Orbeetle are banned\n|rule|Endless Battle Clause: Forcing endless battles is banned\n|rule|HP Percentage Mod: HP is shown in percentages\n|clearpoke\n|poke|p1|Tornadus, M|\n|poke|p1|Empoleon, M|\n|poke|p1|Scyther, F|\n|poke|p1|Meowscarada, M|\n|poke|p1|Ambipom, F|\n|poke|p1|Garchomp, M|\n|poke|p2|Great Tusk|\n|poke|p2|Garchomp, M|\n|poke|p2|Houndstone, F|\n|poke|p2|Tyranitar, M|\n|poke|p2|Palossand, F|\n|poke|p2|Hydreigon, M|\n|teampreview\n|inactive|Battle timer is ON: inactive players will automatically lose when time's up. (requested by hysali30)\n|\n|t:|1697569890\n|start\n|switch|p1a: Garchomp|Garchomp, M|100\/100\n|switch|p1b: Ambipom|Ambipom, F|100\/100\n|switch|p2a: Tyranitar|Tyranitar, M|100\/100\n|switch|p2b: Garchomp|Garchomp, M|100\/100\n|-weather|Sandstorm|[from] ability: Sand Stream|[of] p2a: Tyranitar\n|turn|1\n|\n|t:|1697569912\n|-terastallize|p2b: Garchomp|Fire\n|move|p2a: Tyranitar|Helping Hand|p2b: Garchomp\n|-singleturn|p2b: Garchomp|Helping Hand|[of] p2a: Tyranitar\n|move|p1b: Ambipom|Fake Out|p2b: Garchomp\n|-damage|p2b: Garchomp|67\/100\n|-damage|p1b: Ambipom|91\/100|[from] item: Life Orb\n|cant|p2b: Garchomp|flinch\n|move|p1a: Garchomp|Swords Dance|p1a: Garchomp\n|-boost|p1a: Garchomp|atk|2\n|\n|-weather|Sandstorm|[upkeep]\n|-damage|p1b: Ambipom|84\/100|[from] Sandstorm\n|upkeep\n|turn|2\n|\n|t:|1697569932\n|switch|p1b: Tornadus|Tornadus, M|100\/100\n|move|p1a: Garchomp|Earthquake|p2b: Garchomp|[spread] p2a,p2b\n|-immune|p1b: Tornadus\n|-supereffective|p2a: Tyranitar\n|-supereffective|p2b: Garchomp\n|-damage|p2a: Tyranitar|0 fnt\n|-damage|p2b: Garchomp|0 fnt\n|faint|p2a: Tyranitar\n|faint|p2b: Garchomp\n|-damage|p1a: Garchomp|91\/100|[from] item: Life Orb\n|\n|-weather|Sandstorm|[upkeep]\n|-damage|p1b: Tornadus|94\/100|[from] Sandstorm\n|-heal|p1b: Tornadus|100\/100|[from] item: Leftovers\n|upkeep\n|-message|Vonderburg forfeited.\n|\n|win|hysali30\n|raw|hysali30's rating: 1140 &rarr; <strong>1158<\/strong><br \/>(+18 for winning)\n|raw|Vonderburg's rating: 1043 &rarr; <strong>1031<\/strong><br \/>(-12 for losing)\n|l|\u2606Vonderburg\n","uploadtime":1697569955,"views":18,"p1id":"hysali30","p2id":"vonderburg","formatid":"gen9doublesou","rating":1031,"private":0,"password":""}