{"id":"gen9doublesou-1976285008","p1":"swampletics","p2":"ItsCavvy","format":"[Gen 9] Doubles OU","log":"|j|\u2606swampletics\n|j|\u2606ItsCavvy\n|inactive|Battle timer is ON: inactive players will automatically lose when time's up.\n|t:|1698282273\n|gametype|doubles\n|player|p1|swampletics|1|\n|player|p2|ItsCavvy|veteran|\n|teamsize|p1|2\n|teamsize|p2|2\n|gen|9\n|tier|[Gen 9] Doubles OU\n|rated|Tournament battle\n|rule|Species Clause: Limit one of each Pok\u00e9mon\n|rule|OHKO Clause: OHKO moves are banned\n|rule|Evasion Moves Clause: Evasion moves are banned\n|rule|Gravity Sleep Clause: The combination of sleep-inducing moves with imperfect accuracy and Gravity or Gigantamax Orbeetle are banned\n|rule|Endless Battle Clause: Forcing endless battles is banned\n|rule|HP Percentage Mod: HP is shown in percentages\n|clearpoke\n|poke|p1|Stantler, M|\n|poke|p1|Pawniard, F|\n|poke|p2|Sprigatito, F|\n|poke|p2|Munchlax, F|\n|teampreview\n|j|*Lady Monita \u263d\n|\n|t:|1698282281\n|start\n|switch|p1a: Stantler|Stantler, M|100\/100\n|switch|p1b: Pawniard|Pawniard, F|100\/100\n|switch|p2a: Sprigatito|Sprigatito, F|100\/100\n|switch|p2b: Munchlax|Munchlax, F|100\/100\n|-ability|p1a: Stantler|Intimidate|boost\n|-unboost|p2a: Sprigatito|atk|1\n|-unboost|p2b: Munchlax|atk|1\n|turn|1\n|inactive|swampletics has 120 seconds left.\n|\n|t:|1698282311\n|move|p2a: Sprigatito|Play Rough|p1b: Pawniard\n|-start|p2a: Sprigatito|typechange|Fairy|[from] ability: Protean\n|-damage|p1b: Pawniard|70\/100\n|move|p1a: Stantler|Earth Power|p2b: Munchlax\n|-damage|p2b: Munchlax|80\/100\n|-unboost|p2b: Munchlax|spd|1\n|move|p1b: Pawniard|Poison Jab|p2a: Sprigatito\n|-supereffective|p2a: Sprigatito\n|-damage|p2a: Sprigatito|0 fnt\n|faint|p2a: Sprigatito\n|move|p2b: Munchlax|Belly Drum|p2b: Munchlax\n|-damage|p2b: Munchlax|30\/100\n|-setboost|p2b: Munchlax|atk|6|[from] move: Belly Drum\n|\n|upkeep\n|turn|2\n|\n|t:|1698282331\n|-terastallize|p2b: Munchlax|Ghost\n|move|p1a: Stantler|Earth Power|p2b: Munchlax\n|-damage|p2b: Munchlax|3\/100\n|move|p1b: Pawniard|Poison Jab|p2b: Munchlax\n|-resisted|p2b: Munchlax\n|-damage|p2b: Munchlax|0 fnt\n|faint|p2b: Munchlax\n|\n|win|swampletics\n|n|\u2606swampletics|swampletics\n|n|\u2606ItsCavvy|itscavvy\n|n|*Lady Monita \u263d|ladymonita\n","uploadtime":1698282333,"views":12,"p1id":"swampletics","p2id":"itscavvy","formatid":"gen9doublesou","rating":0,"private":0,"password":""}