{"id":"gen9doublesou-1979822640","p1":"Jourvicious","p2":"SeaTheStars","format":"[Gen 9] Doubles OU","log":"|j|\u2606Jourvicious\n|j|\u2606SeaTheStars\n|t:|1698716885\n|gametype|doubles\n|player|p1|Jourvicious|guitarist|1345\n|player|p2|SeaTheStars|102|1330\n|teamsize|p1|6\n|teamsize|p2|6\n|gen|9\n|tier|[Gen 9] Doubles OU\n|rated|\n|rule|Species Clause: Limit one of each Pok\u00e9mon\n|rule|OHKO Clause: OHKO moves are banned\n|rule|Evasion Moves Clause: Evasion moves are banned\n|rule|Gravity Sleep Clause: The combination of sleep-inducing moves with imperfect accuracy and Gravity or Gigantamax Orbeetle are banned\n|rule|Endless Battle Clause: Forcing endless battles is banned\n|rule|HP Percentage Mod: HP is shown in percentages\n|clearpoke\n|poke|p1|Kommo-o, F|\n|poke|p1|Shiftry, F|\n|poke|p1|Tornadus, M|\n|poke|p1|Arcanine-Hisui, F|\n|poke|p1|Sinistcha-Masterpiece|\n|poke|p1|Ninetales-Alola, M|\n|poke|p2|Politoed, F|\n|poke|p2|Golduck, F|\n|poke|p2|Ogerpon-Wellspring, F|\n|poke|p2|Lumineon, M|\n|poke|p2|Vaporeon, F|\n|poke|p2|Ninetales-Alola, F|\n|teampreview\n|inactive|Battle timer is ON: inactive players will automatically lose when time's up. (requested by Jourvicious)\n|\n|t:|1698716894\n|start\n|switch|p1a: Tornadus|Tornadus, M|100\/100\n|switch|p1b: Shiftry|Shiftry, F, shiny|100\/100\n|switch|p2a: Politoed|Politoed, F, shiny|100\/100\n|switch|p2b: Golduck|Golduck, F|100\/100\n|-weather|RainDance|[from] ability: Drizzle|[of] p2a: Politoed\n|turn|1\n|\n|t:|1698716912\n|-terastallize|p2b: Golduck|Water\n|move|p1b: Shiftry|Fake Out|p2b: Golduck\n|-damage|p2b: Golduck|88\/100\n|move|p1a: Tornadus|Tailwind|p1a: Tornadus\n|-sidestart|p1: Jourvicious|move: Tailwind\n|-ability|p1b: Shiftry|Wind Rider|boost\n|-boost|p1b: Shiftry|atk|1\n|cant|p2b: Golduck|flinch\n|move|p2a: Politoed|Blizzard|p1a: Tornadus|[spread] p1a\n|-ability|p1b: Shiftry|Wind Rider|boost\n|-boost|p1b: Shiftry|atk|1\n|-supereffective|p1a: Tornadus\n|-damage|p1a: Tornadus|72\/100\n|-status|p1a: Tornadus|frz\n|\n|-weather|RainDance|[upkeep]\n|upkeep\n|turn|2\n|-message|SeaTheStars forfeited.\n|\n|win|Jourvicious\n|raw|Jourvicious's rating: 1345 &rarr; <strong>1364<\/strong><br \/>(+19 for winning)\n|raw|SeaTheStars's rating: 1330 &rarr; <strong>1311<\/strong><br \/>(-19 for losing)\n|l|\u2606SeaTheStars\n","uploadtime":1698716970,"views":25,"p1id":"jourvicious","p2id":"seathestars","formatid":"gen9doublesou","rating":1311,"private":0,"password":""}