{"id":"gen9doublesou-1976687510","p1":"MUDSKIPPER2005","p2":"sondtrai","format":"[Gen 9] Doubles OU","log":"|j|\u2606MUDSKIPPER2005\n|j|\u2606sondtrai\n|t:|1698333476\n|gametype|doubles\n|player|p1|MUDSKIPPER2005|clay|1201\n|player|p2|sondtrai|red|1268\n|teamsize|p1|6\n|teamsize|p2|6\n|gen|9\n|tier|[Gen 9] Doubles OU\n|rated|\n|rule|Species Clause: Limit one of each Pok\u00e9mon\n|rule|OHKO Clause: OHKO moves are banned\n|rule|Evasion Moves Clause: Evasion moves are banned\n|rule|Gravity Sleep Clause: The combination of sleep-inducing moves with imperfect accuracy and Gravity or Gigantamax Orbeetle are banned\n|rule|Endless Battle Clause: Forcing endless battles is banned\n|rule|HP Percentage Mod: HP is shown in percentages\n|clearpoke\n|poke|p1|Meowscarada, M|\n|poke|p1|Krookodile, M|\n|poke|p1|Flamigo, F|\n|poke|p1|Sableye, M|\n|poke|p1|Kingambit, F|\n|poke|p1|Chi-Yu|\n|poke|p2|Indeedee-F, F|\n|poke|p2|Grimmsnarl, M|\n|poke|p2|Cresselia, F|\n|poke|p2|Armarouge, M|\n|poke|p2|Torkoal, M|\n|poke|p2|Lilligant-Hisui, F|\n|teampreview\n|\n|t:|1698333491\n|start\n|switch|p1a: Meowscarada|Meowscarada, M|100\/100\n|switch|p1b: Krookodile|Krookodile, M, shiny|100\/100\n|switch|p2a: Lilligant|Lilligant-Hisui, F|100\/100\n|switch|p2b: Torkoal|Torkoal, M|100\/100\n|-weather|SunnyDay|[from] ability: Drought|[of] p2b: Torkoal\n|turn|1\n|inactive|Battle timer is ON: inactive players will automatically lose when time's up. (requested by sondtrai)\n|\n|t:|1698333510\n|move|p2a: Lilligant|After You|p2b: Torkoal\n|-activate|p2b: Torkoal|move: After You\n|move|p2b: Torkoal|Eruption|p1b: Krookodile|[spread] p1a,p1b\n|-supereffective|p1a: Meowscarada\n|-damage|p1a: Meowscarada|0 fnt\n|-damage|p1b: Krookodile|0 fnt\n|faint|p1a: Meowscarada\n|faint|p1b: Krookodile\n|\n|-weather|SunnyDay|[upkeep]\n|upkeep\n|-message|MUDSKIPPER2005 forfeited.\n|\n|win|sondtrai\n|raw|MUDSKIPPER2005's rating: 1201 &rarr; <strong>1181<\/strong><br \/>(-20 for losing)\n|raw|sondtrai's rating: 1268 &rarr; <strong>1288<\/strong><br \/>(+20 for winning)\n|l|\u2606MUDSKIPPER2005\n","uploadtime":1698333542,"views":23,"p1id":"mudskipper2005","p2id":"sondtrai","formatid":"gen9doublesou","rating":1181,"private":0,"password":""}