{"id":"gen9doublesou-1968082209","p1":"RelicanthPrimal<><","p2":"we up","format":"[Gen 9] Doubles OU","log":"|j|\u2606RelicanthPrimal<><\n|j|\u2606we up\n|inactive|Battle timer is ON: inactive players will automatically lose when time's up.\n|t:|1697382458\n|gametype|doubles\n|player|p1|RelicanthPrimal<><|#dpl8ducks|\n|player|p2|we up|caitlin-masters|\n|teamsize|p1|6\n|teamsize|p2|6\n|gen|9\n|tier|[Gen 9] Doubles OU\n|rated|Tournament battle\n|rule|Species Clause: Limit one of each Pok\u00e9mon\n|rule|OHKO Clause: OHKO moves are banned\n|rule|Evasion Moves Clause: Evasion moves are banned\n|rule|Gravity Sleep Clause: The combination of sleep-inducing moves with imperfect accuracy and Gravity or Gigantamax Orbeetle are banned\n|rule|Endless Battle Clause: Forcing endless battles is banned\n|rule|HP Percentage Mod: HP is shown in percentages\n|clearpoke\n|poke|p1|Indeedee-F, F|\n|poke|p1|Iron Bundle|\n|poke|p1|Armarouge, F|\n|poke|p1|Ninetales-Alola, F|\n|poke|p1|Kommo-o, F|\n|poke|p1|Kingambit, M|\n|poke|p2|Regidrago|\n|poke|p2|Samurott-Hisui, F|\n|poke|p2|Gholdengo|\n|poke|p2|Tinkaton, F|\n|poke|p2|Murkrow, M|\n|poke|p2|Amoonguss, F|\n|teampreview\n|inactive|RelicanthPrimal<>< also wants the timer to be on.\n|inactive|we up also wants the timer to be on.\n|c|\u2606RelicanthPrimal<><|hf\n|c|\u2606we up|hf\n|inactive|RelicanthPrimal<>< has 120 seconds left.\n|inactive|we up has 120 seconds left.\n|\n|t:|1697382517\n|start\n|switch|p1a: Ninetales|Ninetales-Alola, F|100\/100\n|switch|p1b: Kingambit|Kingambit, M|100\/100\n|switch|p2a: Samurott|Samurott-Hisui, F|100\/100\n|switch|p2b: Gholdengo|Gholdengo|100\/100\n|-weather|Snow|[from] ability: Snow Warning|[of] p1a: Ninetales\n|turn|1\n|\n|t:|1697382546\n|switch|p2b: Tinkaton|Tinkaton, F|100\/100\n|-ability|p2b: Tinkaton|Mold Breaker\n|-terastallize|p1a: Ninetales|Water\n|move|p1b: Kingambit|Sucker Punch||[still]\n|-fail|p1b: Kingambit\n|move|p1a: Ninetales|Aurora Veil|p1a: Ninetales\n|-sidestart|p1: RelicanthPrimal<><|move: Aurora Veil\n|move|p2a: Samurott|Ceaseless Edge|p1a: Ninetales|[miss]\n|-miss|p2a: Samurott|p1a: Ninetales\n|\n|-weather|Snow|[upkeep]\n|upkeep\n|turn|2\n|inactive|RelicanthPrimal<>< has 120 seconds left.\n|\n|t:|1697382581\n|move|p2b: Tinkaton|Fake Out|p1b: Kingambit\n|-resisted|p1b: Kingambit\n|-damage|p1b: Kingambit|99\/100\n|move|p1a: Ninetales|Moonblast|p2a: Samurott\n|-supereffective|p2a: Samurott\n|-damage|p2a: Samurott|17\/100\n|move|p2a: Samurott|Ceaseless Edge|p1a: Ninetales\n|-damage|p1a: Ninetales|56\/100\n|-sidestart|p1: RelicanthPrimal<><|Spikes\n|-damage|p2a: Samurott|8\/100|[from] item: Life Orb\n|cant|p1b: Kingambit|flinch\n|\n|-weather|Snow|[upkeep]\n|upkeep\n|turn|3\n|inactive|we up has 120 seconds left.\n|\n|t:|1697382616\n|move|p1a: Ninetales|Blizzard|p2a: Samurott|[spread] p2a,p2b\n|-resisted|p2a: Samurott\n|-resisted|p2b: Tinkaton\n|-damage|p2a: Samurott|0 fnt\n|-damage|p2b: Tinkaton|90\/100\n|faint|p2a: Samurott\n|move|p2b: Tinkaton|Knock Off|p1b: Kingambit\n|-resisted|p1b: Kingambit\n|-damage|p1b: Kingambit|94\/100\n|-enditem|p1b: Kingambit|Assault Vest|[from] move: Knock Off|[of] p2b: Tinkaton\n|move|p1b: Kingambit|Iron Head|p2b: Tinkaton\n|-damage|p2b: Tinkaton|33\/100\n|\n|-weather|Snow|[upkeep]\n|-heal|p2b: Tinkaton|39\/100|[from] item: Leftovers\n|upkeep\n|\n|t:|1697382627\n|switch|p2a: Gholdengo|Gholdengo|100\/100\n|turn|4\n|inactive|we up has 120 seconds left.\n|\n|t:|1697382649\n|switch|p2b: Amoonguss|Amoonguss, F|100\/100\n|move|p1a: Ninetales|Moonblast|p2a: Gholdengo\n|-resisted|p2a: Gholdengo\n|-damage|p2a: Gholdengo|86\/100\n|-unboost|p2a: Gholdengo|spa|1\n|move|p2a: Gholdengo|Nasty Plot|p2a: Gholdengo\n|-boost|p2a: Gholdengo|spa|2\n|move|p1b: Kingambit|Kowtow Cleave|p2a: Gholdengo\n|-supereffective|p2a: Gholdengo\n|-damage|p2a: Gholdengo|0 fnt\n|faint|p2a: Gholdengo\n|\n|-weather|Snow|[upkeep]\n|upkeep\n|inactive|we up has 120 seconds left.\n|c|\u2606we up|this team was pre dlc\n|c|\u2606we up|ggs\n|inactive|we up has 90 seconds left.\n|c|\u2606we up|i have nothing for veil\n|-message|we up forfeited.\n|\n|win|RelicanthPrimal<><\n|n|\u2606RelicanthPrimal<><|relicanthprimal\n|n|\u2606we up|weup\n","uploadtime":1697382689,"views":20,"p1id":"relicanthprimal","p2id":"weup","formatid":"gen9doublesou","rating":0,"private":0,"password":""}