{"id":"gen9doublesou-1991223801","p1":"Lovelauv","p2":"test 99 ou","format":"[Gen 9] Doubles OU","log":"|j|\u2606Lovelauv\n|j|\u2606test 99 ou\n|t:|1700058811\n|gametype|doubles\n|player|p1|Lovelauv|gentleman|1622\n|player|p2|test 99 ou|lady|1627\n|teamsize|p1|6\n|teamsize|p2|6\n|gen|9\n|tier|[Gen 9] Doubles OU\n|rated|\n|rule|Species Clause: Limit one of each Pok\u00e9mon\n|rule|OHKO Clause: OHKO moves are banned\n|rule|Evasion Moves Clause: Evasion moves are banned\n|rule|Gravity Sleep Clause: The combination of sleep-inducing moves with imperfect accuracy and Gravity or Gigantamax Orbeetle are banned\n|rule|Endless Battle Clause: Forcing endless battles is banned\n|rule|HP Percentage Mod: HP is shown in percentages\n|clearpoke\n|poke|p1|Armarouge, M|\n|poke|p1|Indeedee-F, F|\n|poke|p1|Gholdengo|\n|poke|p1|Iron Hands|\n|poke|p1|Landorus-Therian, M|\n|poke|p1|Ogerpon-Wellspring, F|\n|poke|p2|Tornadus, M|\n|poke|p2|Flutter Mane|\n|poke|p2|Chi-Yu|\n|poke|p2|Iron Hands|\n|poke|p2|Ursaluna-Bloodmoon, M|\n|poke|p2|Ogerpon-Wellspring, F|\n|teampreview\n|l|\u2606test 99 ou\n|player|p2|\n|j|\u2606test 99 ou\n|player|p2|test 99 ou|lady\n|\n|t:|1700058855\n|start\n|switch|p1a: Landorus|Landorus-Therian, M, shiny|100\/100\n|switch|p1b: Iron Hands|Iron Hands, shiny|100\/100\n|switch|p2a: Ursaluna|Ursaluna-Bloodmoon, M|100\/100\n|switch|p2b: Chi-Yu|Chi-Yu|100\/100\n|-ability|p1a: Landorus|Intimidate|boost\n|-unboost|p2a: Ursaluna|atk|1\n|-unboost|p2b: Chi-Yu|atk|1\n|-ability|p2b: Chi-Yu|Beads of Ruin\n|turn|1\n|\n|t:|1700058875\n|-terastallize|p2b: Chi-Yu|Ghost\n|move|p1a: Landorus|Stomping Tantrum|p2b: Chi-Yu\n|-damage|p2b: Chi-Yu|40\/100\n|move|p2b: Chi-Yu|Heat Wave|p1b: Iron Hands|[spread] p1a,p1b\n|-damage|p1a: Landorus|17\/100\n|-damage|p1b: Iron Hands|59\/100\n|move|p2a: Ursaluna|Earth Power|p1b: Iron Hands\n|-supereffective|p1b: Iron Hands\n|-damage|p1b: Iron Hands|0 fnt\n|faint|p1b: Iron Hands\n|-end|p1b: Iron Hands|Quark Drive|[silent]\n|\n|upkeep\n|\n|t:|1700058887\n|switch|p1b: Ogerpon|Ogerpon-Wellspring, F|100\/100\n|turn|2\n|\n|t:|1700058896\n|switch|p2b: Tornadus|Tornadus, M|100\/100\n|move|p1a: Landorus|Stomping Tantrum|p2b: Tornadus\n|-immune|p2b: Tornadus\n|move|p1b: Ogerpon|Ivy Cudgel|p2a: Ursaluna|[anim] Ivy Cudgel Water\n|-supereffective|p2a: Ursaluna\n|-damage|p2a: Ursaluna|4\/100\n|move|p2a: Ursaluna|Blood Moon|p1b: Ogerpon\n|-damage|p1b: Ogerpon|0 fnt\n|faint|p1b: Ogerpon\n|\n|upkeep\n|\n|t:|1700058912\n|switch|p1b: Gholdengo|Gholdengo, shiny|100\/100\n|turn|3\n|\n|t:|1700058919\n|switch|p1a: Indeedee|Indeedee-F, F, shiny|100\/100\n|-fieldstart|move: Psychic Terrain|[from] ability: Psychic Surge|[of] p1a: Indeedee\n|-enditem|p1a: Indeedee|Psychic Seed\n|-boost|p1a: Indeedee|spd|1|[from] item: Psychic Seed\n|move|p2b: Tornadus|Tailwind|p2b: Tornadus\n|-sidestart|p2: test 99 ou|move: Tailwind\n|move|p2a: Ursaluna|Earth Power|p1b: Gholdengo\n|-supereffective|p1b: Gholdengo\n|-damage|p1b: Gholdengo|5\/100\n|move|p1b: Gholdengo|Nasty Plot|p1b: Gholdengo\n|-boost|p1b: Gholdengo|spa|2\n|\n|-heal|p1b: Gholdengo|11\/100|[from] item: Leftovers\n|upkeep\n|turn|4\n|-message|Lovelauv forfeited.\n|\n|win|test 99 ou\n|raw|Lovelauv's rating: 1622 &rarr; <strong>1602<\/strong><br \/>(-20 for losing)\n|raw|test 99 ou's rating: 1627 &rarr; <strong>1647<\/strong><br \/>(+20 for winning)\n|l|\u2606Lovelauv\n","uploadtime":1700058954,"views":17,"p1id":"lovelauv","p2id":"test99ou","formatid":"gen9doublesou","rating":1602,"private":0,"password":""}