{"id":"gen9doublesou-1988410352","p1":"Ianyh1","p2":"wingminmon","format":"[Gen 9] Doubles OU","log":"|j|\u2606Ianyh1\n|j|\u2606wingminmon\n|t:|1699719891\n|gametype|doubles\n|player|p1|Ianyh1|170|1144\n|player|p2|wingminmon|preschooler|1215\n|teamsize|p1|6\n|teamsize|p2|6\n|gen|9\n|tier|[Gen 9] Doubles OU\n|rated|\n|rule|Species Clause: Limit one of each Pok\u00e9mon\n|rule|OHKO Clause: OHKO moves are banned\n|rule|Evasion Moves Clause: Evasion moves are banned\n|rule|Gravity Sleep Clause: The combination of sleep-inducing moves with imperfect accuracy and Gravity or Gigantamax Orbeetle are banned\n|rule|Endless Battle Clause: Forcing endless battles is banned\n|rule|HP Percentage Mod: HP is shown in percentages\n|clearpoke\n|poke|p1|Bellibolt, M|\n|poke|p1|Oranguru, M|\n|poke|p1|Maushold-Four|\n|poke|p1|Sinistcha-Masterpiece|\n|poke|p1|Landorus-Therian, M|\n|poke|p1|Hatterene, F|\n|poke|p2|Dragapult, M|\n|poke|p2|Heatran, F|\n|poke|p2|Ogerpon, F|\n|poke|p2|Cresselia, F|\n|poke|p2|Landorus-Therian, M|\n|poke|p2|Tornadus, M|\n|teampreview\n|inactive|Battle timer is ON: inactive players will automatically lose when time's up. (requested by Ianyh1)\n|\n|t:|1699719912\n|start\n|switch|p1a: Maushold|Maushold-Four|100\/100\n|switch|p1b: Hatterene|Hatterene, F|100\/100\n|switch|p2a: Heatran|Heatran, F|100\/100\n|switch|p2b: Ogerpon|Ogerpon, F|100\/100\n|turn|1\n|\n|t:|1699719934\n|switch|p1b: Landorus|Landorus-Therian, M|100\/100\n|-ability|p1b: Landorus|Intimidate|boost\n|-unboost|p2a: Heatran|atk|1\n|-unboost|p2b: Ogerpon|atk|1\n|-ability|p2b: Ogerpon|Defiant|boost\n|-boost|p2b: Ogerpon|atk|2\n|-enditem|p2b: Ogerpon|Adrenaline Orb\n|-boost|p2b: Ogerpon|spe|1|[from] item: Adrenaline Orb\n|move|p2b: Ogerpon|Spiky Shield|p2b: Ogerpon\n|-singleturn|p2b: Ogerpon|move: Protect\n|move|p1a: Maushold|Population Bomb|p2b: Ogerpon\n|-activate|p2b: Ogerpon|move: Protect\n|-damage|p1a: Maushold|88\/100|[from] Spiky Shield|[of] p2b: Ogerpon\n|move|p2a: Heatran|Magma Storm|p1b: Landorus|[miss]\n|-miss|p2a: Heatran|p1b: Landorus\n|\n|upkeep\n|turn|2\n|\n|t:|1699719955\n|move|p2b: Ogerpon|Ivy Cudgel|p1a: Maushold\n|-damage|p1a: Maushold|0 fnt\n|faint|p1a: Maushold\n|move|p1b: Landorus|Stomping Tantrum|p2a: Heatran\n|-supereffective|p2a: Heatran\n|-damage|p2a: Heatran|0 fnt\n|faint|p2a: Heatran\n|\n|upkeep\n|\n|t:|1699719968\n|switch|p1a: Sinistcha|Sinistcha-Masterpiece|100\/100\n|switch|p2a: Dragapult|Dragapult, M, shiny|100\/100\n|turn|3\n|\n|t:|1699719984\n|switch|p1a: Oranguru|Oranguru, M|100\/100\n|move|p2b: Ogerpon|Ivy Cudgel|p1a: Oranguru\n|-crit|p1a: Oranguru\n|-damage|p1a: Oranguru|0 fnt\n|faint|p1a: Oranguru\n|move|p2a: Dragapult|Phantom Force||[still]\n|-prepare|p2a: Dragapult|Phantom Force\n|move|p1b: Landorus|Stomping Tantrum|p2a: Dragapult|[miss]\n|-miss|p1b: Landorus|p2a: Dragapult\n|\n|upkeep\n|-message|Ianyh1 forfeited.\n|\n|win|wingminmon\n|raw|Ianyh1's rating: 1144 &rarr; <strong>1124<\/strong><br \/>(-20 for losing)\n|raw|wingminmon's rating: 1215 &rarr; <strong>1235<\/strong><br \/>(+20 for winning)\n|l|\u2606Ianyh1\n","uploadtime":1699720016,"views":14,"p1id":"ianyh1","p2id":"wingminmon","formatid":"gen9doublesou","rating":1124,"private":0,"password":""}