{"id":"gen9doublesou-1974583886","p1":"NottyNoun","p2":"me am egg","format":"[Gen 9] Doubles OU","log":"|j|\u2606NottyNoun\n|j|\u2606me am egg\n|t:|1698099663\n|gametype|doubles\n|player|p1|NottyNoun|clair|1292\n|player|p2|me am egg|102|1170\n|teamsize|p1|6\n|teamsize|p2|6\n|gen|9\n|tier|[Gen 9] Doubles OU\n|rated|\n|rule|Species Clause: Limit one of each Pok\u00e9mon\n|rule|OHKO Clause: OHKO moves are banned\n|rule|Evasion Moves Clause: Evasion moves are banned\n|rule|Gravity Sleep Clause: The combination of sleep-inducing moves with imperfect accuracy and Gravity or Gigantamax Orbeetle are banned\n|rule|Endless Battle Clause: Forcing endless battles is banned\n|rule|HP Percentage Mod: HP is shown in percentages\n|clearpoke\n|poke|p1|Politoed, M|\n|poke|p1|Palafin, F|\n|poke|p1|Chien-Pao|\n|poke|p1|Ogerpon-Wellspring, F|\n|poke|p1|Dragonite, F|\n|poke|p1|Tornadus, M|\n|poke|p2|Farigiraf, M|\n|poke|p2|Ursaluna-Bloodmoon, M|\n|poke|p2|Chien-Pao|\n|poke|p2|Iron Bundle|\n|poke|p2|Sinistcha-Masterpiece|\n|poke|p2|Goodra-Hisui, M|\n|teampreview\n|inactive|Battle timer is ON: inactive players will automatically lose when time's up. (requested by NottyNoun)\n|\n|t:|1698099674\n|start\n|switch|p1a: Crash Nebula|Palafin, F, shiny|100\/100\n|switch|p1b: Tornadus|Tornadus, M|100\/100\n|switch|p2a: merry crimas|Iron Bundle|100\/100\n|switch|p2b: Goodra|Goodra-Hisui, M|100\/100\n|turn|1\n|\n|t:|1698099698\n|detailschange|p1a: Crash Nebula|Palafin-Hero, F, shiny\n|switch|p1a: The Blues|Politoed, M|100\/100\n|-weather|RainDance|[from] ability: Drizzle|[of] p1a: The Blues\n|-terastallize|p2a: merry crimas|Ice\n|move|p1b: Tornadus|Taunt|p2b: Goodra\n|-start|p2b: Goodra|move: Taunt\n|move|p2a: merry crimas|Freeze-Dry|p1b: Tornadus\n|-supereffective|p1b: Tornadus\n|-damage|p1b: Tornadus|0 fnt\n|faint|p1b: Tornadus\n|move|p2b: Goodra|Hydro Pump|p1a: The Blues|[miss]\n|-miss|p2b: Goodra|p1a: The Blues\n|\n|-weather|RainDance|[upkeep]\n|upkeep\n|\n|t:|1698099712\n|switch|p1b: Crash Nebula|Palafin-Hero, F, shiny|100\/100\n|-activate|p1b: Crash Nebula|ability: Zero to Hero\n|turn|2\n|\n|t:|1698099722\n|move|p1a: The Blues|Protect|p1a: The Blues\n|-singleturn|p1a: The Blues|Protect\n|move|p2a: merry crimas|Freeze-Dry|p1b: Crash Nebula\n|-supereffective|p1b: Crash Nebula\n|-damage|p1b: Crash Nebula|0 fnt\n|faint|p1b: Crash Nebula\n|move|p2b: Goodra|Dragon Pulse|p1a: The Blues\n|-activate|p1a: The Blues|move: Protect\n|\n|-weather|RainDance|[upkeep]\n|upkeep\n|\n|t:|1698099731\n|switch|p1b: Oglina|Ogerpon-Wellspring, F|100\/100\n|turn|3\n|inactive|NottyNoun has 120 seconds left.\n|inactive|me am egg has 120 seconds left.\n|inactive|me am egg has 90 seconds left.\n|inactive|me am egg has 60 seconds left.\n|inactive|me am egg has 30 seconds left.\n|inactive|me am egg has 20 seconds left.\n|inactive|me am egg has 15 seconds left.\n|inactive|me am egg has 10 seconds left.\n|inactive|me am egg has 5 seconds left.\n|-message|me am egg lost due to inactivity.\n|\n|win|NottyNoun\n|raw|NottyNoun's rating: 1292 &rarr; <strong>1309<\/strong><br \/>(+17 for winning)\n|raw|me am egg's rating: 1170 &rarr; <strong>1153<\/strong><br \/>(-17 for losing)\n","uploadtime":1698099956,"views":10,"p1id":"nottynoun","p2id":"meamegg","formatid":"gen9doublesou","rating":1153,"private":0,"password":""}