{"id":"gen9doublesou-1967827948","p1":"Crocky17","p2":"gayautisticspider","format":"[Gen 9] Doubles OU","log":"|html|<div class=\"broadcast-blue\"><strong>[Gen 9] Doubles OU is currently suspecting Basculegion & Flutter Mane! For information on how to participate check out the <a href=\"https:\/\/www.smogon.com\/forums\/threads\/np-sv-dou-stage-8-double-trouble.3729153\/\">suspect thread<\/a>.<\/strong><\/div>\n|j|\u2606Crocky17\n|j|\u2606gayautisticspider\n|t:|1697343482\n|gametype|doubles\n|player|p1|Crocky17|gardenia|1161\n|player|p2|gayautisticspider|101|1130\n|teamsize|p1|6\n|teamsize|p2|6\n|gen|9\n|tier|[Gen 9] Doubles OU\n|rated|\n|rule|Species Clause: Limit one of each Pok\u00e9mon\n|rule|OHKO Clause: OHKO moves are banned\n|rule|Evasion Moves Clause: Evasion moves are banned\n|rule|Gravity Sleep Clause: The combination of sleep-inducing moves with imperfect accuracy and Gravity or Gigantamax Orbeetle are banned\n|rule|Endless Battle Clause: Forcing endless battles is banned\n|rule|HP Percentage Mod: HP is shown in percentages\n|clearpoke\n|poke|p1|Basculegion, M|\n|poke|p1|Pelipper, M|\n|poke|p1|Chien-Pao|\n|poke|p1|Farigiraf, M|\n|poke|p1|Ursaluna, F|\n|poke|p1|Amoonguss, M|\n|poke|p2|Ogerpon-Wellspring, F|\n|poke|p2|Arcanine, M|\n|poke|p2|Iron Bundle|\n|poke|p2|Glimmora, F|\n|poke|p2|Gholdengo|\n|poke|p2|Zapdos|\n|teampreview\n|inactive|Battle timer is ON: inactive players will automatically lose when time's up. (requested by gayautisticspider)\n|\n|t:|1697343493\n|start\n|switch|p1a: Pelipper|Pelipper, M|100\/100\n|switch|p1b: Basculegion|Basculegion, M|100\/100\n|switch|p2a: Zapdos|Zapdos, shiny|100\/100\n|switch|p2b: Glimmora|Glimmora, F, shiny|100\/100\n|-weather|RainDance|[from] ability: Drizzle|[of] p1a: Pelipper\n|turn|1\n|\n|t:|1697343504\n|switch|p1a: Ursaluna|Ursaluna, F|100\/100\n|move|p2b: Glimmora|Stealth Rock|p1a: Ursaluna\n|-sidestart|p1: Crocky17|move: Stealth Rock\n|move|p1b: Basculegion|Flip Turn|p2b: Glimmora\n|-supereffective|p2b: Glimmora\n|-enditem|p2b: Glimmora|Focus Sash\n|-damage|p2b: Glimmora|1\/100\n|-activate|p2b: Glimmora|ability: Toxic Debris\n|-sidestart|p1: Crocky17|move: Toxic Spikes\n|\n|t:|1697343515\n|switch|p1b: Pelipper|Pelipper, M|100\/100|[from] Flip Turn\n|move|p2a: Zapdos|Tailwind|p2a: Zapdos\n|-sidestart|p2: gayautisticspider|move: Tailwind\n|\n|-weather|RainDance|[upkeep]\n|-status|p1a: Ursaluna|brn|[from] item: Flame Orb\n|upkeep\n|turn|2\n|inactive|Crocky17 has 120 seconds left.\n|\n|t:|1697343547\n|move|p2b: Glimmora|Spiky Shield|p2b: Glimmora\n|-singleturn|p2b: Glimmora|move: Protect\n|move|p2a: Zapdos|Thunderbolt|p1b: Pelipper\n|-supereffective|p1b: Pelipper\n|-damage|p1b: Pelipper|0 fnt\n|faint|p1b: Pelipper\n|move|p1a: Ursaluna|Facade|p2a: Zapdos\n|-damage|p2a: Zapdos|0 fnt\n|-damage|p1a: Ursaluna|84\/100 brn|[from] item: Rocky Helmet|[of] p2a: Zapdos\n|faint|p2a: Zapdos\n|\n|-weather|RainDance|[upkeep]\n|-damage|p1a: Ursaluna|78\/100 brn|[from] brn\n|upkeep\n|\n|t:|1697343562\n|switch|p2a: Ogerpon|Ogerpon-Wellspring, F|100\/100\n|switch|p1b: Basculegion|Basculegion, M|100\/100\n|-damage|p1b: Basculegion|88\/100|[from] Stealth Rock\n|-status|p1b: Basculegion|psn\n|turn|3\n|\n|t:|1697343584\n|-terastallize|p2a: Ogerpon|Water\n|detailschange|p2a: Ogerpon|Ogerpon-Wellspring-Tera, F, tera:Water\n|-ability|p2a: Ogerpon|Embody Aspect (Wellspring)|boost\n|-boost|p2a: Ogerpon|spd|1\n|move|p1a: Ursaluna|Protect|p1a: Ursaluna\n|-singleturn|p1a: Ursaluna|Protect\n|move|p2a: Ogerpon|Ivy Cudgel|p1a: Ursaluna\n|-activate|p1a: Ursaluna|move: Protect\n|move|p2b: Glimmora|Sludge Bomb|p1b: Basculegion\n|-resisted|p1b: Basculegion\n|-damage|p1b: Basculegion|63\/100 psn\n|move|p1b: Basculegion|Flip Turn|p2b: Glimmora\n|-supereffective|p2b: Glimmora\n|-damage|p2b: Glimmora|0 fnt\n|-activate|p2b: Glimmora|ability: Toxic Debris\n|-sidestart|p1: Crocky17|move: Toxic Spikes\n|faint|p2b: Glimmora\n|\n|t:|1697343601\n|switch|p1b: Amoonguss|Amoonguss, M|100\/100|[from] Flip Turn\n|-damage|p1b: Amoonguss|88\/100|[from] Stealth Rock\n|-sideend|p1: Crocky17|move: Toxic Spikes|[of] p1b: Amoonguss\n|\n|-weather|RainDance|[upkeep]\n|-damage|p1a: Ursaluna|72\/100 brn|[from] brn\n|upkeep\n|\n|t:|1697343611\n|switch|p2b: Iron Bundle|Iron Bundle, shiny|100\/100\n|-enditem|p2b: Iron Bundle|Booster Energy\n|-activate|p2b: Iron Bundle|ability: Quark Drive|[fromitem]\n|-start|p2b: Iron Bundle|quarkdrivespe\n|turn|4\n|\n|t:|1697343627\n|move|p1b: Amoonguss|Rage Powder|p1b: Amoonguss\n|-singleturn|p1b: Amoonguss|move: Rage Powder\n|move|p2b: Iron Bundle|Icy Wind|p1b: Amoonguss|[spread] p1a,p1b\n|-supereffective|p1a: Ursaluna\n|-crit|p1a: Ursaluna\n|-supereffective|p1b: Amoonguss\n|-damage|p1a: Ursaluna|21\/100 brn\n|-damage|p1b: Amoonguss|61\/100\n|-unboost|p1a: Ursaluna|spe|1\n|-unboost|p1b: Amoonguss|spe|1\n|-enditem|p1b: Amoonguss|Eject Button\n|\n|t:|1697343635\n|switch|p1b: Farigiraf|Farigiraf, M|100\/100\n|-damage|p1b: Farigiraf|88\/100|[from] Stealth Rock\n|move|p2a: Ogerpon|Ivy Cudgel|p1a: Ursaluna\n|-supereffective|p1a: Ursaluna\n|-damage|p1a: Ursaluna|0 fnt\n|faint|p1a: Ursaluna\n|\n|-weather|RainDance|[upkeep]\n|-heal|p1b: Farigiraf|94\/100|[from] item: Leftovers\n|-sideend|p2: gayautisticspider|move: Tailwind\n|upkeep\n|-message|Crocky17 forfeited.\n|\n|win|gayautisticspider\n|raw|Crocky17's rating: 1161 &rarr; <strong>1134<\/strong><br \/>(-27 for losing)\n|raw|gayautisticspider's rating: 1130 &rarr; <strong>1157<\/strong><br \/>(+27 for winning)\n|l|\u2606Crocky17\n|c|\u2606gayautisticspider|YEAHHHHHHHHHH\n","uploadtime":1697343660,"views":22,"p1id":"crocky17","p2id":"gayautisticspider","formatid":"gen9doublesou","rating":1134,"private":0,"password":""}