{"id":"gen9doublesou-1998058148","p1":"Shelmett","p2":"N0T_K4L3B","format":"[Gen 9] Doubles OU","log":"|j|\u2606Shelmett\n|j|\u2606N0T_K4L3B\n|t:|1700884904\n|gametype|doubles\n|player|p1|Shelmett|roxie|1099\n|player|p2|N0T_K4L3B|265|1150\n|teamsize|p1|6\n|teamsize|p2|6\n|gen|9\n|tier|[Gen 9] Doubles OU\n|rated|\n|rule|Species Clause: Limit one of each Pok\u00e9mon\n|rule|OHKO Clause: OHKO moves are banned\n|rule|Evasion Moves Clause: Evasion moves are banned\n|rule|Gravity Sleep Clause: The combination of sleep-inducing moves with imperfect accuracy and Gravity or Gigantamax Orbeetle are banned\n|rule|Endless Battle Clause: Forcing endless battles is banned\n|rule|HP Percentage Mod: HP is shown in percentages\n|clearpoke\n|poke|p1|Skuntank, M|\n|poke|p1|Delibird, M|\n|poke|p1|Cresselia, F|\n|poke|p1|Tornadus, M|\n|poke|p1|Flutter Mane|\n|poke|p1|Shroodle, M|\n|poke|p2|Krookodile, F|\n|poke|p2|Meowscarada, F|\n|poke|p2|Flamigo, M|\n|poke|p2|Kingambit, F|\n|poke|p2|Lurantis, M|\n|poke|p2|Hatterene, F|\n|teampreview\n|\n|t:|1700884920\n|start\n|switch|p1a: Flutter Mane|Flutter Mane|100\/100\n|switch|p1b: Shroodle|Shroodle, M|100\/100\n|switch|p2a: Krookodile|Krookodile, F|100\/100\n|switch|p2b: Meowscarada|Meowscarada, F|100\/100\n|-enditem|p1a: Flutter Mane|Booster Energy\n|-activate|p1a: Flutter Mane|ability: Protosynthesis|[fromitem]\n|-start|p1a: Flutter Mane|protosynthesisspe\n|turn|1\n|\n|t:|1700884943\n|switch|p1b: Skuntank|Skuntank, M|100\/100\n|move|p2a: Krookodile|Endure|p2a: Krookodile\n|-singleturn|p2a: Krookodile|move: Endure\n|move|p1a: Flutter Mane|Dazzling Gleam|p2b: Meowscarada|[spread] p2a,p2b\n|-supereffective|p2a: Krookodile\n|-supereffective|p2b: Meowscarada\n|-damage|p2a: Krookodile|12\/100\n|-damage|p2b: Meowscarada|0 fnt\n|-enditem|p2a: Krookodile|Salac Berry|[eat]\n|-boost|p2a: Krookodile|spe|1|[from] item: Salac Berry\n|faint|p2b: Meowscarada\n|\n|upkeep\n|\n|t:|1700884958\n|switch|p2b: Flamigo|Flamigo, M|100\/100\n|-copyboost|p2b: Flamigo|p2a: Krookodile|[from] ability: Costar\n|turn|2\n|\n|t:|1700884992\n|move|p1a: Flutter Mane|Dazzling Gleam|p2a: Krookodile|[spread] p2a,p2b\n|-supereffective|p2a: Krookodile\n|-supereffective|p2b: Flamigo\n|-damage|p2a: Krookodile|0 fnt\n|-enditem|p2b: Flamigo|Focus Sash\n|-damage|p2b: Flamigo|1\/100\n|faint|p2a: Krookodile\n|move|p2b: Flamigo|Acrobatics|p1b: Skuntank\n|-damage|p1b: Skuntank|23\/100\n|move|p1b: Skuntank|Gunk Shot|p2b: Flamigo\n|-damage|p2b: Flamigo|0 fnt\n|faint|p2b: Flamigo\n|\n|upkeep\n|\n|t:|1700885007\n|switch|p2a: Lurantis|Lurantis, M|100\/100\n|switch|p2b: Hatterene|Hatterene, F|100\/100\n|turn|3\n|\n|t:|1700885022\n|move|p1a: Flutter Mane|Shadow Ball|p2b: Hatterene\n|-supereffective|p2b: Hatterene\n|-damage|p2b: Hatterene|11\/100\n|-unboost|p2b: Hatterene|spd|1\n|move|p1b: Skuntank|Gunk Shot|p2a: Lurantis\n|-supereffective|p2a: Lurantis\n|-damage|p2a: Lurantis|0 fnt\n|faint|p2a: Lurantis\n|move|p2b: Hatterene|Calm Mind|p2b: Hatterene\n|-boost|p2b: Hatterene|spa|1\n|-boost|p2b: Hatterene|spd|1\n|\n|-heal|p2b: Hatterene|17\/100|[from] item: Leftovers\n|upkeep\n|\n|t:|1700885036\n|switch|p2a: Kingambit|Kingambit, F|100\/100\n|-activate|p2a: Kingambit|ability: Supreme Overlord\n|-start|p2a: Kingambit|fallen4|[silent]\n|turn|4\n|\n|t:|1700885064\n|-terastallize|p1a: Flutter Mane|Fighting\n|move|p2a: Kingambit|Sucker Punch|p1a: Flutter Mane\n|-resisted|p1a: Flutter Mane\n|-damage|p1a: Flutter Mane|34\/100\n|move|p1a: Flutter Mane|Tera Blast|p2a: Kingambit|[anim] Tera Blast Fighting\n|-supereffective|p2a: Kingambit\n|-damage|p2a: Kingambit|0 fnt\n|faint|p2a: Kingambit\n|-end|p2a: Kingambit|fallen4|[silent]\n|move|p1b: Skuntank|Knock Off|p2b: Hatterene\n|-damage|p2b: Hatterene|0 fnt\n|-enditem|p2b: Hatterene|Leftovers|[from] move: Knock Off|[of] p1b: Skuntank\n|faint|p2b: Hatterene\n|\n|win|Shelmett\n|raw|Shelmett's rating: 1099 &rarr; <strong>1128<\/strong><br \/>(+29 for winning)\n|raw|N0T_K4L3B's rating: 1150 &rarr; <strong>1121<\/strong><br \/>(-29 for losing)\n|c|\u2606Shelmett|gg\n|l|\u2606N0T_K4L3B\n","uploadtime":1700885077,"views":17,"p1id":"shelmett","p2id":"n0tk4l3b","formatid":"gen9doublesou","rating":1121,"private":0,"password":""}