{"id":"gen9doublesou-1977944725","p1":"R37 Tests","p2":"MiseryCloudNoah","format":"[Gen 9] Doubles OU","log":"|j|\u2606R37 Tests\n|j|\u2606MiseryCloudNoah\n|t:|1698470606\n|gametype|doubles\n|player|p1|R37 Tests|shadowtriad|1138\n|player|p2|MiseryCloudNoah|n|1120\n|teamsize|p1|6\n|teamsize|p2|6\n|gen|9\n|tier|[Gen 9] Doubles OU\n|rated|\n|rule|Species Clause: Limit one of each Pok\u00e9mon\n|rule|OHKO Clause: OHKO moves are banned\n|rule|Evasion Moves Clause: Evasion moves are banned\n|rule|Gravity Sleep Clause: The combination of sleep-inducing moves with imperfect accuracy and Gravity or Gigantamax Orbeetle are banned\n|rule|Endless Battle Clause: Forcing endless battles is banned\n|rule|HP Percentage Mod: HP is shown in percentages\n|clearpoke\n|poke|p1|Kommo-o, F|\n|poke|p1|Oranguru, F|\n|poke|p1|Golduck, M|\n|poke|p1|Cresselia, F|\n|poke|p1|Sylveon, M|\n|poke|p1|Conkeldurr, F|\n|poke|p2|Corviknight, M|\n|poke|p2|Amoonguss, F|\n|poke|p2|Great Tusk|\n|poke|p2|Hatterene, F|\n|poke|p2|Basculegion-F, F|\n|poke|p2|Conkeldurr, M|\n|teampreview\n|inactive|Battle timer is ON: inactive players will automatically lose when time's up. (requested by R37 Tests)\n|\n|t:|1698470636\n|start\n|switch|p1a: Kommo-o|Kommo-o, F|100\/100\n|switch|p1b: Golduck|Golduck, M|100\/100\n|switch|p2a: Dumbledore|Hatterene, F, shiny|100\/100\n|switch|p2b: Momma Fish|Basculegion-F, F, shiny|100\/100\n|-ability|p1b: Golduck|Cloud Nine\n|turn|1\n|inactive|MiseryCloudNoah has 120 seconds left.\n|\n|t:|1698470682\n|-terastallize|p1a: Kommo-o|Steel\n|move|p2b: Momma Fish|Wave Crash|p1a: Kommo-o\n|-damage|p1a: Kommo-o|35\/100\n|-damage|p2b: Momma Fish|84\/100|[from] Recoil\n|move|p1b: Golduck|Simple Beam|p1a: Kommo-o\n|-endability|p1a: Kommo-o|Overcoat|[from] move: Simple Beam\n|-ability|p1a: Kommo-o|Simple|[from] move: Simple Beam\n|move|p1a: Kommo-o|Clangorous Soul|p1a: Kommo-o\n|-boost|p1a: Kommo-o|atk|2\n|-boost|p1a: Kommo-o|def|2\n|-boost|p1a: Kommo-o|spa|2\n|-boost|p1a: Kommo-o|spd|2\n|-boost|p1a: Kommo-o|spe|2\n|-damage|p1a: Kommo-o|2\/100\n|-enditem|p1a: Kommo-o|Throat Spray\n|-boost|p1a: Kommo-o|spa|2|[from] item: Throat Spray\n|move|p2a: Dumbledore|Mystical Fire|p1a: Kommo-o\n|-supereffective|p1a: Kommo-o\n|-damage|p1a: Kommo-o|0 fnt\n|faint|p1a: Kommo-o\n|\n|upkeep\n|-message|R37 Tests forfeited.\n|\n|win|MiseryCloudNoah\n|raw|R37 Tests's rating: 1138 &rarr; <strong>1112<\/strong><br \/>(-26 for losing)\n|raw|MiseryCloudNoah's rating: 1120 &rarr; <strong>1146<\/strong><br \/>(+26 for winning)\n|l|\u2606R37 Tests\n","uploadtime":1698470708,"views":26,"p1id":"r37tests","p2id":"miserycloudnoah","formatid":"gen9doublesou","rating":1112,"private":0,"password":""}