{"id":"gen9doublesou-1972626765","p1":"sharkydee","p2":"Renyarb","format":"[Gen 9] Doubles OU","log":"|j|\u2606sharkydee\n|j|\u2606Renyarb\n|t:|1697866633\n|gametype|doubles\n|player|p1|sharkydee|wattson|1108\n|player|p2|Renyarb|crasherwake|1236\n|teamsize|p1|6\n|teamsize|p2|6\n|gen|9\n|tier|[Gen 9] Doubles OU\n|rated|\n|rule|Species Clause: Limit one of each Pok\u00e9mon\n|rule|OHKO Clause: OHKO moves are banned\n|rule|Evasion Moves Clause: Evasion moves are banned\n|rule|Gravity Sleep Clause: The combination of sleep-inducing moves with imperfect accuracy and Gravity or Gigantamax Orbeetle are banned\n|rule|Endless Battle Clause: Forcing endless battles is banned\n|rule|HP Percentage Mod: HP is shown in percentages\n|clearpoke\n|poke|p1|Ninetales-Alola, F|\n|poke|p1|Mamoswine, M|\n|poke|p1|Corviknight, F|\n|poke|p1|Rotom-Wash|\n|poke|p1|Iron Moth|\n|poke|p1|Rillaboom, F|\n|poke|p2|Armarouge, M|\n|poke|p2|Maushold-Four|\n|poke|p2|Indeedee-F, F|\n|poke|p2|Flamigo, M|\n|poke|p2|Lokix, M|\n|poke|p2|Quaquaval, M|\n|teampreview\n|inactive|Battle timer is ON: inactive players will automatically lose when time's up. (requested by Renyarb)\n|\n|t:|1697866644\n|start\n|switch|p1a: Ninetales|Ninetales-Alola, F|100\/100\n|switch|p1b: Mamoswine|Mamoswine, M|100\/100\n|switch|p2a: Armarouge|Armarouge, M|100\/100\n|switch|p2b: Maushold|Maushold-Four|100\/100\n|-weather|Snow|[from] ability: Snow Warning|[of] p1a: Ninetales\n|turn|1\n|\n|t:|1697866670\n|move|p2a: Armarouge|Endure|p2a: Armarouge\n|-singleturn|p2a: Armarouge|move: Endure\n|move|p2b: Maushold|Beat Up|p2a: Armarouge\n|-supereffective|p2a: Armarouge\n|-damage|p2a: Armarouge|90\/100\n|-ability|p2a: Armarouge|Weak Armor|boost\n|-unboost|p2a: Armarouge|def|1\n|-boost|p2a: Armarouge|spe|2\n|-enditem|p2a: Armarouge|Weakness Policy\n|-boost|p2a: Armarouge|atk|2|[from] item: Weakness Policy\n|-boost|p2a: Armarouge|spa|2|[from] item: Weakness Policy\n|-supereffective|p2a: Armarouge\n|-crit|p2a: Armarouge\n|-damage|p2a: Armarouge|66\/100\n|-ability|p2a: Armarouge|Weak Armor|boost\n|-unboost|p2a: Armarouge|def|1\n|-boost|p2a: Armarouge|spe|2\n|-supereffective|p2a: Armarouge\n|-damage|p2a: Armarouge|49\/100\n|-ability|p2a: Armarouge|Weak Armor|boost\n|-unboost|p2a: Armarouge|def|1\n|-boost|p2a: Armarouge|spe|2\n|-supereffective|p2a: Armarouge\n|-damage|p2a: Armarouge|14\/100\n|-ability|p2a: Armarouge|Weak Armor|boost\n|-unboost|p2a: Armarouge|def|1\n|-supereffective|p2a: Armarouge\n|-activate|p2a: Armarouge|move: Endure\n|-damage|p2a: Armarouge|1\/100\n|-ability|p2a: Armarouge|Weak Armor|boost\n|-unboost|p2a: Armarouge|def|1\n|-supereffective|p2a: Armarouge\n|-activate|p2a: Armarouge|move: Endure\n|-damage|p2a: Armarouge|1\/100\n|-ability|p2a: Armarouge|Weak Armor|boost\n|-unboost|p2a: Armarouge|def|1\n|-hitcount|p2a: Armarouge|6\n|move|p1a: Ninetales|Aurora Veil|p1a: Ninetales\n|-sidestart|p1: sharkydee|move: Aurora Veil\n|move|p1b: Mamoswine|Ancient Power|p2a: Armarouge\n|-supereffective|p2a: Armarouge\n|-activate|p2a: Armarouge|move: Endure\n|-damage|p2a: Armarouge|1\/100\n|\n|-weather|Snow|[upkeep]\n|upkeep\n|turn|2\n|inactive|sharkydee has 120 seconds left.\n|inactive|Renyarb has 120 seconds left.\n|\n|t:|1697866715\n|switch|p2b: Indeedee|Indeedee-F, F|100\/100\n|-fieldstart|move: Psychic Terrain|[from] ability: Psychic Surge|[of] p2b: Indeedee\n|move|p1b: Mamoswine|Ice Shard|p2a: Armarouge\n|-activate|p2a: Armarouge|move: Psychic Terrain\n|move|p2a: Armarouge|Lava Plume|p1a: Ninetales|[spread] p2b,p1a,p1b\n|-supereffective|p1a: Ninetales\n|-supereffective|p1b: Mamoswine\n|-damage|p2b: Indeedee|28\/100\n|-damage|p1a: Ninetales|3\/100\n|-damage|p1b: Mamoswine|0 fnt\n|-status|p1a: Ninetales|brn\n|faint|p1b: Mamoswine\n|move|p1a: Ninetales|Dazzling Gleam|p2a: Armarouge|[spread] p2a,p2b\n|-resisted|p2a: Armarouge\n|-damage|p2a: Armarouge|0 fnt\n|-damage|p2b: Indeedee|0 fnt\n|faint|p2a: Armarouge\n|faint|p2b: Indeedee\n|\n|-weather|Snow|[upkeep]\n|-heal|p1a: Ninetales|9\/100 brn|[from] item: Leftovers\n|-damage|p1a: Ninetales|3\/100 brn|[from] brn\n|upkeep\n|inactive|sharkydee has 120 seconds left.\n|inactive|Renyarb has 120 seconds left.\n|\n|t:|1697866742\n|switch|p2b: Quaquaval|Quaquaval, M|100\/100\n|switch|p1b: Rillaboom|Rillaboom, F|100\/100\n|switch|p2a: Maushold|Maushold-Four|100\/100\n|-fieldstart|move: Grassy Terrain|[from] ability: Grassy Surge|[of] p1b: Rillaboom\n|-enditem|p1b: Rillaboom|Grassy Seed\n|-boost|p1b: Rillaboom|def|1|[from] item: Grassy Seed\n|turn|3\n|inactive|sharkydee has 120 seconds left.\n|\n|t:|1697866758\n|switch|p2b: Lokix|Lokix, M|100\/100\n|move|p2a: Maushold|Tidy Up|p2a: Maushold\n|-boost|p2a: Maushold|atk|1\n|-boost|p2a: Maushold|spe|1\n|move|p1a: Ninetales|Blizzard|p2a: Maushold|[spread] p2a,p2b\n|-damage|p2a: Maushold|53\/100\n|-damage|p2b: Lokix|37\/100\n|move|p1b: Rillaboom|Acrobatics|p2b: Lokix\n|-supereffective|p2b: Lokix\n|-damage|p2b: Lokix|0 fnt\n|faint|p2b: Lokix\n|\n|-weather|Snow|[upkeep]\n|-heal|p2a: Maushold|60\/100|[from] Grassy Terrain\n|-heal|p1a: Ninetales|9\/100 brn|[from] Grassy Terrain\n|-heal|p1a: Ninetales|14\/100 brn|[from] item: Leftovers\n|-damage|p1a: Ninetales|9\/100 brn|[from] brn\n|upkeep\n|inactive|Renyarb has 120 seconds left.\n|\n|t:|1697866776\n|switch|p2b: Flamigo|Flamigo, M|100\/100\n|-copyboost|p2b: Flamigo|p2a: Maushold|[from] ability: Costar\n|turn|4\n|\n|t:|1697866787\n|move|p2a: Maushold|Population Bomb|p1a: Ninetales|[miss]\n|-miss|p2a: Maushold|p1a: Ninetales\n|move|p2b: Flamigo|Acrobatics|p1b: Rillaboom\n|-supereffective|p1b: Rillaboom\n|-damage|p1b: Rillaboom|55\/100\n|move|p1a: Ninetales|Blizzard|p2a: Maushold|[spread] p2a,p2b\n|-supereffective|p2b: Flamigo\n|-damage|p2a: Maushold|10\/100\n|-damage|p2b: Flamigo|0 fnt\n|faint|p2b: Flamigo\n|move|p1b: Rillaboom|Drain Punch|p2a: Maushold\n|-supereffective|p2a: Maushold\n|-damage|p2a: Maushold|0 fnt\n|-heal|p1b: Rillaboom|59\/100|[from] drain|[of] p2a: Maushold\n|faint|p2a: Maushold\n|\n|-weather|Snow|[upkeep]\n|-heal|p1a: Ninetales|14\/100 brn|[from] Grassy Terrain\n|-heal|p1a: Ninetales|20\/100 brn|[from] item: Leftovers\n|-heal|p1b: Rillaboom|65\/100|[from] Grassy Terrain\n|-damage|p1a: Ninetales|14\/100 brn|[from] brn\n|upkeep\n|-message|Renyarb forfeited.\n|\n|win|sharkydee\n|raw|sharkydee's rating: 1108 &rarr; <strong>1142<\/strong><br \/>(+34 for winning)\n|raw|Renyarb's rating: 1236 &rarr; <strong>1202<\/strong><br \/>(-34 for losing)\n|l|\u2606Renyarb\n","uploadtime":1697866830,"views":16,"p1id":"sharkydee","p2id":"renyarb","formatid":"gen9doublesou","rating":1142,"private":0,"password":""}