{"id":"gen9doublesou-1990916943","p1":"ljgoiewgjehafe","p2":"sdafopiuy","format":"[Gen 9] Doubles OU","log":"|j|\u2606ljgoiewgjehafe\n|j|\u2606sdafopiuy\n|t:|1700014869\n|gametype|doubles\n|player|p1|ljgoiewgjehafe|biker-gen4|1205\n|player|p2|sdafopiuy|101|1300\n|teamsize|p1|6\n|teamsize|p2|6\n|gen|9\n|tier|[Gen 9] Doubles OU\n|rated|\n|rule|Species Clause: Limit one of each Pok\u00e9mon\n|rule|OHKO Clause: OHKO moves are banned\n|rule|Evasion Moves Clause: Evasion moves are banned\n|rule|Gravity Sleep Clause: The combination of sleep-inducing moves with imperfect accuracy and Gravity or Gigantamax Orbeetle are banned\n|rule|Endless Battle Clause: Forcing endless battles is banned\n|rule|HP Percentage Mod: HP is shown in percentages\n|clearpoke\n|poke|p1|Hatterene, L99, F|\n|poke|p1|Sinistcha-Masterpiece|\n|poke|p1|Iron Hands, L99|\n|poke|p1|Armarouge, M|\n|poke|p1|Indeedee-F, F|\n|poke|p1|Scizor, F|\n|poke|p2|Golem-Alola, M|\n|poke|p2|Rabsca, M|\n|poke|p2|Farigiraf, F|\n|poke|p2|Iron Hands|\n|poke|p2|Sinistcha|\n|poke|p2|Palafin, M|\n|teampreview\n|\n|t:|1700014882\n|start\n|switch|p1a: Armarouge|Armarouge, M|100\/100\n|switch|p1b: Scizor|Scizor, F|100\/100\n|switch|p2a: Golem|Golem-Alola, M|100\/100\n|switch|p2b: Rabsca|Rabsca, M|100\/100\n|turn|1\n|\n|t:|1700014900\n|move|p2a: Golem|Protect|p2a: Golem\n|-singleturn|p2a: Golem|Protect\n|move|p1b: Scizor|Bullet Punch|p2a: Golem\n|-activate|p2a: Golem|move: Protect\n|move|p1a: Armarouge|Aura Sphere|p2a: Golem\n|-activate|p2a: Golem|move: Protect\n|move|p2b: Rabsca|Trick Room|p2b: Rabsca\n|-fieldstart|move: Trick Room|[of] p2b: Rabsca\n|\n|upkeep\n|turn|2\n|\n|t:|1700014911\n|switch|p1a: Sinistcha|Sinistcha-Masterpiece|100\/100\n|move|p1b: Scizor|Bullet Punch|p2a: Golem\n|-damage|p2a: Golem|67\/100\n|-damage|p1b: Scizor|91\/100|[from] item: Life Orb\n|move|p2a: Golem|Explosion|p1a: Sinistcha|[spread] p1a,p1b\n|-activate|p2b: Rabsca|ability: Telepathy\n|-resisted|p1a: Sinistcha\n|-damage|p1a: Sinistcha|59\/100\n|-damage|p1b: Scizor|0 fnt\n|faint|p2a: Golem\n|faint|p1b: Scizor\n|move|p2b: Rabsca|Revival Blessing|p2b: Rabsca\n|-enditem|p2b: Rabsca|Leppa Berry|[eat]\n|-activate|p2b: Rabsca|item: Leppa Berry|Revival Blessing|[consumed]\n|inactive|Battle timer is ON: inactive players will automatically lose when time's up. (requested by ljgoiewgjehafe)\n|\n|t:|1700014923\n|-heal|p2: Golem|50\/100|[from] move: Revival Blessing\n|\n|-heal|p1a: Sinistcha|66\/100|[from] item: Leftovers\n|upkeep\n|switch|p2a: Golem|Golem-Alola, M|50\/100\n|\n|t:|1700014934\n|switch|p1b: Armarouge|Armarouge, M|100\/100\n|turn|3\n|\n|t:|1700014954\n|move|p2a: Golem|Explosion|p1b: Armarouge|[spread] p1a,p1b\n|-activate|p2b: Rabsca|ability: Telepathy\n|-resisted|p1a: Sinistcha\n|-damage|p1a: Sinistcha|23\/100\n|-damage|p1b: Armarouge|0 fnt\n|faint|p2a: Golem\n|faint|p1b: Armarouge\n|move|p2b: Rabsca|Dazzling Gleam|p1a: Sinistcha\n|-damage|p1a: Sinistcha|0 fnt\n|faint|p1a: Sinistcha\n|\n|upkeep\n|-message|ljgoiewgjehafe forfeited.\n|\n|win|sdafopiuy\n|raw|ljgoiewgjehafe's rating: 1205 &rarr; <strong>1187<\/strong><br \/>(-18 for losing)\n|raw|sdafopiuy's rating: 1300 &rarr; <strong>1318<\/strong><br \/>(+18 for winning)\n|l|\u2606ljgoiewgjehafe\n","uploadtime":1700014969,"views":23,"p1id":"ljgoiewgjehafe","p2id":"sdafopiuy","formatid":"gen9doublesou","rating":1187,"private":0,"password":""}