{"id":"gen9doublesou-1982785075","p1":"Elnutriajp","p2":"dujdjdkdkd","format":"[Gen 9] Doubles OU","log":"|j|\u2606Elnutriajp\n|j|\u2606dujdjdkdkd\n|t:|1699044640\n|gametype|doubles\n|player|p1|Elnutriajp|lucas|1024\n|player|p2|dujdjdkdkd|170|1000\n|teamsize|p1|2\n|teamsize|p2|6\n|gen|9\n|tier|[Gen 9] Doubles OU\n|rated|\n|rule|Species Clause: Limit one of each Pok\u00e9mon\n|rule|OHKO Clause: OHKO moves are banned\n|rule|Evasion Moves Clause: Evasion moves are banned\n|rule|Gravity Sleep Clause: The combination of sleep-inducing moves with imperfect accuracy and Gravity or Gigantamax Orbeetle are banned\n|rule|Endless Battle Clause: Forcing endless battles is banned\n|rule|HP Percentage Mod: HP is shown in percentages\n|clearpoke\n|poke|p1|Tauros-Paldea-Blaze, M|\n|poke|p1|Meowscarada, F|\n|poke|p2|Heatran, M|\n|poke|p2|Azelf|\n|poke|p2|Murkrow, F|\n|poke|p2|Landorus-Therian, M|\n|poke|p2|Dragapult, M|\n|poke|p2|Mew|\n|teampreview\n|inactive|Battle timer is ON: inactive players will automatically lose when time's up. (requested by dujdjdkdkd)\n|\n|t:|1699044651\n|start\n|switch|p1a: Tauros|Tauros-Paldea-Blaze, M|100\/100\n|switch|p1b: Meowscarada|Meowscarada, F|100\/100\n|switch|p2a: Landorus|Landorus-Therian, M|100\/100\n|switch|p2b: Azelf|Azelf|100\/100\n|-ability|p2a: Landorus|Intimidate|boost\n|-unboost|p1a: Tauros|atk|1\n|-unboost|p1b: Meowscarada|atk|1\n|turn|1\n|\n|t:|1699044668\n|move|p1b: Meowscarada|Flower Trick|p1a: Tauros\n|-start|p1b: Meowscarada|typechange|Grass|[from] ability: Protean\n|-resisted|p1a: Tauros\n|-crit|p1a: Tauros\n|-damage|p1a: Tauros|74\/100\n|-setboost|p1a: Tauros|atk|6|[from] ability: Anger Point\n|move|p1a: Tauros|Rock Slide|p2b: Azelf|[spread] p2a,p2b\n|-crit|p2a: Landorus\n|-damage|p2a: Landorus|0 fnt\n|-enditem|p2b: Azelf|Focus Sash\n|-damage|p2b: Azelf|1\/100\n|faint|p2a: Landorus\n|move|p2b: Azelf|U-turn|p1b: Meowscarada\n|-supereffective|p1b: Meowscarada\n|-damage|p1b: Meowscarada|45\/100\n|\n|t:|1699044689\n|switch|p2b: Mew|Mew|100\/100|[from] U-turn\n|\n|upkeep\n|\n|t:|1699044694\n|switch|p2a: Dragapult|Dragapult, M|100\/100\n|turn|2\n|\n|t:|1699044705\n|-terastallize|p1a: Tauros|Rock\n|move|p1b: Meowscarada|Flower Trick|p2a: Dragapult\n|-resisted|p2a: Dragapult\n|-crit|p2a: Dragapult\n|-damage|p2a: Dragapult|66\/100\n|move|p1a: Tauros|Rock Slide|p2b: Mew|[spread] p2a,p2b\n|-damage|p2a: Dragapult|0 fnt\n|-damage|p2b: Mew|0 fnt\n|faint|p2a: Dragapult\n|faint|p2b: Mew\n|\n|upkeep\n|-message|dujdjdkdkd forfeited.\n|\n|win|Elnutriajp\n|raw|Elnutriajp's rating: 1024 &rarr; <strong>1058<\/strong><br \/>(+34 for winning)\n|raw|dujdjdkdkd's rating: 1000 &rarr; <strong>1000<\/strong><br \/>(+0 for losing)\n|l|\u2606dujdjdkdkd\n","uploadtime":1699044723,"views":14,"p1id":"elnutriajp","p2id":"dujdjdkdkd","formatid":"gen9doublesou","rating":1000,"private":0,"password":""}