{"id":"gen9doublesou-1971616842","p1":"drethenugget","p2":"Champion's Melody","format":"[Gen 9] Doubles OU","log":"|j|\u2606drethenugget\n|j|\u2606Champion's Melody\n|t:|1697753760\n|gametype|doubles\n|player|p1|drethenugget|pokemaniac|1144\n|player|p2|Champion's Melody|cynthia|1177\n|teamsize|p1|6\n|teamsize|p2|6\n|gen|9\n|tier|[Gen 9] Doubles OU\n|rated|\n|rule|Species Clause: Limit one of each Pok\u00e9mon\n|rule|OHKO Clause: OHKO moves are banned\n|rule|Evasion Moves Clause: Evasion moves are banned\n|rule|Gravity Sleep Clause: The combination of sleep-inducing moves with imperfect accuracy and Gravity or Gigantamax Orbeetle are banned\n|rule|Endless Battle Clause: Forcing endless battles is banned\n|rule|HP Percentage Mod: HP is shown in percentages\n|clearpoke\n|poke|p1|Ogerpon-Cornerstone, F|\n|poke|p1|Tyranitar, F|\n|poke|p1|Espathra, M|\n|poke|p1|Sinistcha-Masterpiece|\n|poke|p1|Glimmora, M|\n|poke|p1|Landorus-Therian, M|\n|poke|p2|Lurantis, F|\n|poke|p2|Clefable, F|\n|poke|p2|Oranguru, F|\n|poke|p2|Slaking, F|\n|poke|p2|Weezing-Galar, F|\n|poke|p2|Kommo-o, M|\n|teampreview\n|inactive|Battle timer is ON: inactive players will automatically lose when time's up. (requested by Champion's Melody)\n|inactive|Champion's Melody has 120 seconds left.\n|\n|t:|1697753797\n|start\n|switch|p1a: Ogerpon|Ogerpon-Cornerstone, F|100\/100\n|switch|p1b: Espathra|Espathra, M|100\/100\n|switch|p2a: Weezing|Weezing-Galar, F|100\/100\n|switch|p2b: Slaking|Slaking, F, shiny|100\/100\n|-ability|p2a: Weezing|Neutralizing Gas\n|turn|1\n|\n|t:|1697753816\n|move|p1b: Espathra|Skill Swap|p1a: Ogerpon\n|-activate|p1b: Espathra|move: Skill Swap|||[of] p1a: Ogerpon\n|move|p1a: Ogerpon|Focus Energy|p1a: Ogerpon\n|-start|p1a: Ogerpon|move: Focus Energy\n|move|p2b: Slaking|Bulk Up|p2b: Slaking\n|-boost|p2b: Slaking|atk|1\n|-boost|p2b: Slaking|def|1\n|move|p2a: Weezing|Gunk Shot|p1a: Ogerpon\n|-damage|p1a: Ogerpon|32\/100\n|\n|upkeep\n|turn|2\n|\n|t:|1697753839\n|move|p1b: Espathra|Reflect|p1b: Espathra\n|-sidestart|p1: drethenugget|Reflect\n|move|p1a: Ogerpon|Ivy Cudgel|p2b: Slaking\n|-crit|p2b: Slaking\n|-damage|p2b: Slaking|37\/100\n|move|p2b: Slaking|Body Slam|p1b: Espathra\n|-damage|p1b: Espathra|19\/100\n|-status|p1b: Espathra|par\n|move|p2a: Weezing|Gunk Shot|p1a: Ogerpon\n|-damage|p1a: Ogerpon|0 fnt\n|faint|p1a: Ogerpon\n|\n|upkeep\n|-message|drethenugget forfeited.\n|\n|win|Champion's Melody\n|raw|drethenugget's rating: 1144 &rarr; <strong>1121<\/strong><br \/>(-23 for losing)\n|raw|Champion&apos;s Melody's rating: 1177 &rarr; <strong>1200<\/strong><br \/>(+23 for winning)\n|l|\u2606drethenugget\n","uploadtime":1697753852,"views":14,"p1id":"drethenugget","p2id":"championsmelody","formatid":"gen9doublesou","rating":1121,"private":0,"password":""}