{"id":"gen9doublesou-1975069172","p1":"Evilc13","p2":"ChimeBliss","format":"[Gen 9] Doubles OU","log":"|j|\u2606Evilc13\n|j|\u2606ChimeBliss\n|t:|1698159487\n|gametype|doubles\n|player|p1|Evilc13|266|1241\n|player|p2|ChimeBliss|dawn-gen4pt|1425\n|teamsize|p1|6\n|teamsize|p2|6\n|gen|9\n|tier|[Gen 9] Doubles OU\n|rated|\n|rule|Species Clause: Limit one of each Pok\u00e9mon\n|rule|OHKO Clause: OHKO moves are banned\n|rule|Evasion Moves Clause: Evasion moves are banned\n|rule|Gravity Sleep Clause: The combination of sleep-inducing moves with imperfect accuracy and Gravity or Gigantamax Orbeetle are banned\n|rule|Endless Battle Clause: Forcing endless battles is banned\n|rule|HP Percentage Mod: HP is shown in percentages\n|clearpoke\n|poke|p1|Abomasnow, F|\n|poke|p1|Iron Bundle|\n|poke|p1|Kingambit, M|\n|poke|p1|Maushold-Four|\n|poke|p1|Dragonite, F|\n|poke|p1|Iron Hands|\n|poke|p2|Chien-Pao|\n|poke|p2|Tornadus, M|\n|poke|p2|Dragonite, M|\n|poke|p2|Chi-Yu|\n|poke|p2|Flutter Mane|\n|poke|p2|Landorus, M|\n|teampreview\n|inactive|Battle timer is ON: inactive players will automatically lose when time's up. (requested by ChimeBliss)\n|\n|t:|1698159506\n|start\n|switch|p1a: Go Go Gadget|Abomasnow, F|100\/100\n|switch|p1b: GOOOOOOOO!!|Iron Bundle|100\/100\n|switch|p2a: Tornadus|Tornadus, M|100\/100\n|switch|p2b: Chien-Pao|Chien-Pao|100\/100\n|-ability|p2b: Chien-Pao|Sword of Ruin\n|-weather|Snow|[from] ability: Snow Warning|[of] p1a: Go Go Gadget\n|-enditem|p1b: GOOOOOOOO!!|Booster Energy\n|-activate|p1b: GOOOOOOOO!!|ability: Quark Drive|[fromitem]\n|-start|p1b: GOOOOOOOO!!|quarkdrivespe\n|turn|1\n|\n|t:|1698159525\n|move|p1b: GOOOOOOOO!!|Blizzard|p2a: Tornadus|[spread] p2a,p2b\n|-supereffective|p2a: Tornadus\n|-resisted|p2b: Chien-Pao\n|-enditem|p2a: Tornadus|Focus Sash\n|-damage|p2a: Tornadus|1\/100\n|-damage|p2b: Chien-Pao|68\/100\n|-status|p2a: Tornadus|frz\n|move|p2b: Chien-Pao|Sacred Sword|p1a: Go Go Gadget\n|-supereffective|p1a: Go Go Gadget\n|-damage|p1a: Go Go Gadget|51\/100\n|cant|p2a: Tornadus|frz\n|move|p1a: Go Go Gadget|Aurora Veil|p1a: Go Go Gadget\n|-sidestart|p1: Evilc13|move: Aurora Veil\n|\n|-weather|Snow|[upkeep]\n|upkeep\n|turn|2\n|\n|t:|1698159544\n|cant|p2a: Tornadus|frz\n|move|p1b: GOOOOOOOO!!|Blizzard|p2a: Tornadus|[spread] p2a,p2b\n|-supereffective|p2a: Tornadus\n|-resisted|p2b: Chien-Pao\n|-damage|p2a: Tornadus|0 fnt\n|-damage|p2b: Chien-Pao|30\/100\n|faint|p2a: Tornadus\n|move|p2b: Chien-Pao|Sacred Sword|p1a: Go Go Gadget\n|-supereffective|p1a: Go Go Gadget\n|-damage|p1a: Go Go Gadget|15\/100\n|-enditem|p1a: Go Go Gadget|Aguav Berry|[eat]\n|-heal|p1a: Go Go Gadget|48\/100|[from] item: Aguav Berry\n|move|p1a: Go Go Gadget|Energy Ball|p2b: Chien-Pao\n|-damage|p2b: Chien-Pao|0 fnt\n|faint|p2b: Chien-Pao\n|\n|-weather|Snow|[upkeep]\n|upkeep\n|inactive|ChimeBliss has 120 seconds left.\n|\n|t:|1698159569\n|switch|p2b: Chi-Yu|Chi-Yu|100\/100\n|switch|p2a: Dragonite|Dragonite, M, shiny|100\/100\n|-ability|p2b: Chi-Yu|Beads of Ruin\n|turn|3\n|\n|t:|1698159585\n|move|p2a: Dragonite|Extreme Speed|p1b: GOOOOOOOO!!\n|-damage|p1b: GOOOOOOOO!!|75\/100\n|move|p1b: GOOOOOOOO!!|Hydro Pump|p2b: Chi-Yu\n|-supereffective|p2b: Chi-Yu\n|-damage|p2b: Chi-Yu|0 fnt\n|faint|p2b: Chi-Yu\n|move|p1a: Go Go Gadget|Leech Seed|p2a: Dragonite\n|-start|p2a: Dragonite|move: Leech Seed\n|\n|-weather|Snow|[upkeep]\n|-damage|p2a: Dragonite|88\/100|[from] Leech Seed|[of] p1a: Go Go Gadget\n|-heal|p1a: Go Go Gadget|61\/100|[silent]\n|upkeep\n|-message|ChimeBliss forfeited.\n|\n|win|Evilc13\n|raw|Evilc13's rating: 1241 &rarr; <strong>1278<\/strong><br \/>(+37 for winning)\n|raw|ChimeBliss's rating: 1425 &rarr; <strong>1395<\/strong><br \/>(-30 for losing)\n","uploadtime":1698159597,"views":16,"p1id":"evilc13","p2id":"chimebliss","formatid":"gen9doublesou","rating":1278,"private":0,"password":""}