{"id":"gen9doublesou-1979082290","p1":"pignitewaggy","p2":"lobonatoca","format":"[Gen 9] Doubles OU","log":"|j|\u2606pignitewaggy\n|j|\u2606lobonatoca\n|t:|1698629887\n|gametype|doubles\n|player|p1|pignitewaggy|bellelba|1165\n|player|p2|lobonatoca|169|1248\n|teamsize|p1|6\n|teamsize|p2|6\n|gen|9\n|tier|[Gen 9] Doubles OU\n|rated|\n|rule|Species Clause: Limit one of each Pok\u00e9mon\n|rule|OHKO Clause: OHKO moves are banned\n|rule|Evasion Moves Clause: Evasion moves are banned\n|rule|Gravity Sleep Clause: The combination of sleep-inducing moves with imperfect accuracy and Gravity or Gigantamax Orbeetle are banned\n|rule|Endless Battle Clause: Forcing endless battles is banned\n|rule|HP Percentage Mod: HP is shown in percentages\n|clearpoke\n|poke|p1|Ogerpon-Wellspring, F|\n|poke|p1|Thundurus-Therian, M|\n|poke|p1|Sinistcha|\n|poke|p1|Gyarados, M|\n|poke|p1|Raichu, F|\n|poke|p1|Clefairy, M|\n|poke|p2|Armarouge, F|\n|poke|p2|Farigiraf, F|\n|poke|p2|Ursaluna, M|\n|poke|p2|Pawmot, M|\n|poke|p2|Roaring Moon|\n|poke|p2|Maushold|\n|teampreview\n|inactive|Battle timer is ON: inactive players will automatically lose when time's up. (requested by lobonatoca)\n|\n|t:|1698629894\n|start\n|switch|p1a: Raichu|Raichu, F|100\/100\n|switch|p1b: Thundurus|Thundurus-Therian, M, shiny|100\/100\n|switch|p2a: Ursaluna|Ursaluna, M|100\/100\n|switch|p2b: Farigiraf|Farigiraf, F|100\/100\n|turn|1\n|\n|t:|1698629911\n|move|p2a: Ursaluna|Protect|p2a: Ursaluna\n|-singleturn|p2a: Ursaluna|Protect\n|move|p1b: Thundurus|Discharge|p2a: Ursaluna|[spread] p2b\n|-activate|p2a: Ursaluna|move: Protect\n|-ability|p1a: Raichu|Lightning Rod|boost\n|-boost|p1a: Raichu|spa|1\n|-damage|p2b: Farigiraf|71\/100\n|move|p1a: Raichu|Surf|p2b: Farigiraf|[spread] p1b,p2b\n|-activate|p2a: Ursaluna|move: Protect\n|-damage|p1b: Thundurus|65\/100\n|-damage|p2b: Farigiraf|48\/100\n|-enditem|p2b: Farigiraf|Sitrus Berry|[eat]\n|-heal|p2b: Farigiraf|73\/100|[from] item: Sitrus Berry\n|move|p2b: Farigiraf|Trick Room|p2b: Farigiraf\n|-fieldstart|move: Trick Room|[of] p2b: Farigiraf\n|\n|-status|p2a: Ursaluna|brn|[from] item: Flame Orb\n|upkeep\n|turn|2\n|\n|t:|1698629938\n|move|p2a: Ursaluna|Facade|p1a: Raichu\n|-damage|p1a: Raichu|0 fnt\n|faint|p1a: Raichu\n|move|p2b: Farigiraf|Hyper Voice|p1b: Thundurus\n|-damage|p1b: Thundurus|11\/100\n|move|p1b: Thundurus|Electric Terrain|p1b: Thundurus\n|-fieldstart|move: Electric Terrain\n|\n|-damage|p2a: Ursaluna|94\/100 brn|[from] brn\n|upkeep\n|-message|pignitewaggy forfeited.\n|\n|win|lobonatoca\n|raw|pignitewaggy's rating: 1165 &rarr; <strong>1146<\/strong><br \/>(-19 for losing)\n|raw|lobonatoca's rating: 1248 &rarr; <strong>1267<\/strong><br \/>(+19 for winning)\n|l|\u2606pignitewaggy\n","uploadtime":1698629951,"views":16,"p1id":"pignitewaggy","p2id":"lobonatoca","formatid":"gen9doublesou","rating":1146,"private":0,"password":""}