{"id":"gen9doublesou-1994539597","p1":"RLisanidiot","p2":"SunEnjoyerVGC","format":"[Gen 9] Doubles OU","log":"|j|\u2606RLisanidiot\n|j|\u2606SunEnjoyerVGC\n|t:|1700456622\n|gametype|doubles\n|player|p1|RLisanidiot|unknownf|1361\n|player|p2|SunEnjoyerVGC|marnie-masters|1390\n|teamsize|p1|6\n|teamsize|p2|6\n|gen|9\n|tier|[Gen 9] Doubles OU\n|rated|\n|rule|Species Clause: Limit one of each Pok\u00e9mon\n|rule|OHKO Clause: OHKO moves are banned\n|rule|Evasion Moves Clause: Evasion moves are banned\n|rule|Gravity Sleep Clause: The combination of sleep-inducing moves with imperfect accuracy and Gravity or Gigantamax Orbeetle are banned\n|rule|Endless Battle Clause: Forcing endless battles is banned\n|rule|HP Percentage Mod: HP is shown in percentages\n|clearpoke\n|poke|p1|Ninetales-Alola, F|\n|poke|p1|Chien-Pao|\n|poke|p1|Flutter Mane|\n|poke|p1|Tornadus, M|\n|poke|p1|Pachirisu, M|\n|poke|p1|Rillaboom, M|\n|poke|p2|Walking Wake|\n|poke|p2|Sinistcha-Masterpiece|\n|poke|p2|Iron Hands|\n|poke|p2|Ninetales, M|\n|poke|p2|Flutter Mane|\n|poke|p2|Roaring Moon|\n|teampreview\n|inactive|Battle timer is ON: inactive players will automatically lose when time's up. (requested by SunEnjoyerVGC)\n|inactive|RLisanidiot also wants the timer to be on.\n|\n|t:|1700456634\n|start\n|switch|p1a: Ninetales|Ninetales-Alola, F, shiny|100\/100\n|switch|p1b: Chien-Pao|Chien-Pao|100\/100\n|switch|p2a: Iron Hands|Iron Hands|100\/100\n|switch|p2b: Ninetales|Ninetales, M, shiny|100\/100\n|-weather|Snow|[from] ability: Snow Warning|[of] p1a: Ninetales\n|-ability|p1b: Chien-Pao|Sword of Ruin\n|-weather|SunnyDay|[from] ability: Drought|[of] p2b: Ninetales\n|turn|1\n|-message|RLisanidiot forfeited.\n|\n|win|SunEnjoyerVGC\n|raw|RLisanidiot's rating: 1361 &rarr; <strong>1343<\/strong><br \/>(-18 for losing)\n|raw|SunEnjoyerVGC's rating: 1390 &rarr; <strong>1408<\/strong><br \/>(+18 for winning)\n|l|\u2606RLisanidiot\n","uploadtime":1700456646,"views":17,"p1id":"rlisanidiot","p2id":"sunenjoyervgc","formatid":"gen9doublesou","rating":1343,"private":0,"password":""}