{"id":"gen9doublesou-1993004893","p1":"DIMU179","p2":"Zwellish","format":"[Gen 9] Doubles OU","log":"|j|\u2606DIMU179\n|j|\u2606Zwellish\n|inactive|Battle timer is ON: inactive players will automatically lose when time's up.\n|t:|1700254662\n|gametype|doubles\n|player|p1|DIMU179|benga|\n|player|p2|Zwellish|grimsley|\n|teamsize|p1|2\n|teamsize|p2|2\n|gen|9\n|tier|[Gen 9] Doubles OU\n|rated|Tournament battle\n|rule|Species Clause: Limit one of each Pok\u00e9mon\n|rule|OHKO Clause: OHKO moves are banned\n|rule|Evasion Moves Clause: Evasion moves are banned\n|rule|Gravity Sleep Clause: The combination of sleep-inducing moves with imperfect accuracy and Gravity or Gigantamax Orbeetle are banned\n|rule|Endless Battle Clause: Forcing endless battles is banned\n|rule|HP Percentage Mod: HP is shown in percentages\n|clearpoke\n|poke|p1|Typhlosion, F|\n|poke|p1|Toedscruel, M|\n|poke|p2|Inteleon, M|\n|poke|p2|Gardevoir, F|\n|teampreview\n|j|*Lady Monita \u2746\n|inactive|DIMU179 also wants the timer to be on.\n|inactive|Zwellish also wants the timer to be on.\n|\n|t:|1700254665\n|start\n|switch|p1a: Toedscruel|Toedscruel, M|100\/100\n|switch|p1b: Typhlosion|Typhlosion, F|100\/100\n|switch|p2a: Inteleon|Inteleon, M|100\/100\n|switch|p2b: Gardevoir|Gardevoir, F|100\/100\n|turn|1\n|c|\u2606Zwellish|glhf\n|c|\u2606DIMU179|u2\n|\n|t:|1700254689\n|-terastallize|p1a: Toedscruel|Dragon\n|move|p1a: Toedscruel|Rage Powder|p1a: Toedscruel\n|-singleturn|p1a: Toedscruel|move: Rage Powder\n|move|p2a: Inteleon|Surf|p1a: Toedscruel|[spread] p1a,p1b\n|-activate|p2b: Gardevoir|ability: Telepathy\n|-resisted|p1a: Toedscruel\n|-supereffective|p1b: Typhlosion\n|-damage|p1a: Toedscruel|80\/100\n|-damage|p1b: Typhlosion|0 fnt\n|faint|p1b: Typhlosion\n|move|p2b: Gardevoir|Dazzling Gleam|p1a: Toedscruel\n|-supereffective|p1a: Toedscruel\n|-damage|p1a: Toedscruel|21\/100\n|\n|upkeep\n|turn|2\n|c|\u2606DIMU179|gg\n|c|\u2606Zwellish|gg\n|\n|t:|1700254702\n|-terastallize|p2b: Gardevoir|Fairy\n|move|p2a: Inteleon|Surf|p1a: Toedscruel|[spread] p1a\n|-activate|p2b: Gardevoir|ability: Telepathy\n|-resisted|p1a: Toedscruel\n|-damage|p1a: Toedscruel|2\/100\n|move|p2b: Gardevoir|Dazzling Gleam|p1a: Toedscruel\n|-supereffective|p1a: Toedscruel\n|-damage|p1a: Toedscruel|0 fnt\n|faint|p1a: Toedscruel\n|\n|win|Zwellish\n|n|\u2606DIMU179|dimu179\n|n|\u2606Zwellish|zwellish\n|n|*Lady Monita \u2746|ladymonita\n","uploadtime":1700254704,"views":4,"p1id":"dimu179","p2id":"zwellish","formatid":"gen9doublesou","rating":0,"private":0,"password":""}