{"id":"gen9doublesou-1995261659","p1":"bokooblin","p2":"hysali30","format":"[Gen 9] Doubles OU","log":"|j|\u2606bokooblin\n|j|\u2606hysali30\n|t:|1700542995\n|gametype|doubles\n|player|p1|bokooblin|benga|1028\n|player|p2|hysali30|dancer|1064\n|teamsize|p1|6\n|teamsize|p2|6\n|gen|9\n|tier|[Gen 9] Doubles OU\n|rated|\n|rule|Species Clause: Limit one of each Pok\u00e9mon\n|rule|OHKO Clause: OHKO moves are banned\n|rule|Evasion Moves Clause: Evasion moves are banned\n|rule|Gravity Sleep Clause: The combination of sleep-inducing moves with imperfect accuracy and Gravity or Gigantamax Orbeetle are banned\n|rule|Endless Battle Clause: Forcing endless battles is banned\n|rule|HP Percentage Mod: HP is shown in percentages\n|clearpoke\n|poke|p1|Noivern, F|\n|poke|p1|Skeledirge, F|\n|poke|p1|Ursaluna-Bloodmoon, M|\n|poke|p1|Masquerain, F|\n|poke|p1|Ogerpon-Wellspring, F|\n|poke|p1|Kingambit, M|\n|poke|p2|Abomasnow, M|\n|poke|p2|Scizor, F|\n|poke|p2|Rotom-Wash|\n|poke|p2|Articuno|\n|poke|p2|Maushold-Four|\n|poke|p2|Dragapult, M|\n|teampreview\n|inactive|Battle timer is ON: inactive players will automatically lose when time's up. (requested by hysali30)\n|\n|t:|1700543011\n|start\n|switch|p1a: Masquerain|Masquerain, F|100\/100\n|switch|p1b: Ursaluna|Ursaluna-Bloodmoon, M|100\/100\n|switch|p2a: Articuno|Articuno|100\/100\n|switch|p2b: Abomasnow|Abomasnow, M|100\/100\n|-ability|p1a: Masquerain|Intimidate|boost\n|-unboost|p2a: Articuno|atk|1\n|-unboost|p2b: Abomasnow|atk|1\n|-weather|Snow|[from] ability: Snow Warning|[of] p2b: Abomasnow\n|-ability|p2a: Articuno|Pressure\n|turn|1\n|\n|t:|1700543022\n|move|p1a: Masquerain|Sticky Web|p2b: Abomasnow\n|-sidestart|p2: hysali30|move: Sticky Web\n|move|p2b: Abomasnow|Blizzard|p1b: Ursaluna|[spread] p1a,p1b\n|-supereffective|p1a: Masquerain\n|-supereffective|p1b: Ursaluna\n|-crit|p1b: Ursaluna\n|-enditem|p1a: Masquerain|Focus Sash\n|-damage|p1a: Masquerain|1\/100\n|-damage|p1b: Ursaluna|15\/100\n|-status|p1b: Ursaluna|frz\n|move|p2a: Articuno|Blizzard|p1b: Ursaluna|[spread] p1a,p1b\n|-supereffective|p1a: Masquerain\n|-supereffective|p1b: Ursaluna\n|-damage|p1a: Masquerain|0 fnt\n|-damage|p1b: Ursaluna|0 fnt\n|faint|p1a: Masquerain\n|faint|p1b: Ursaluna\n|\n|-weather|Snow|[upkeep]\n|upkeep\n|\n|t:|1700543041\n|switch|p1a: Skeledirge|Skeledirge, F|100\/100\n|switch|p1b: Noivern|Noivern, F|100\/100\n|-item|p2a: Articuno|Choice Specs|[from] ability: Frisk|[of] p1b: Noivern|[identify]\n|-item|p2b: Abomasnow|Leftovers|[from] ability: Frisk|[of] p1b: Noivern|[identify]\n|turn|2\n|\n|t:|1700543059\n|switch|p2b: Rotom|Rotom-Wash|100\/100\n|-terastallize|p1b: Noivern|Normal\n|move|p1b: Noivern|Boomburst|p2a: Articuno|[spread] p2a,p2b\n|-immune|p1a: Skeledirge\n|-damage|p2a: Articuno|59\/100\n|-damage|p2b: Rotom|60\/100\n|-enditem|p1b: Noivern|Throat Spray\n|-boost|p1b: Noivern|spa|1|[from] item: Throat Spray\n|move|p2a: Articuno|Blizzard|p1a: Skeledirge|[spread] p1a,p1b\n|-resisted|p1a: Skeledirge\n|-crit|p1a: Skeledirge\n|-damage|p1a: Skeledirge|56\/100\n|-damage|p1b: Noivern|33\/100\n|-status|p1b: Noivern|frz\n|move|p1a: Skeledirge|Heat Wave|p2b: Rotom|[spread] p2b\n|-miss|p1a: Skeledirge|p2a: Articuno\n|-resisted|p2b: Rotom\n|-damage|p2b: Rotom|44\/100\n|\n|-weather|Snow|[upkeep]\n|upkeep\n|turn|3\n|c|\u2606bokooblin|hm\n|\n|t:|1700543082\n|cant|p1b: Noivern|frz\n|move|p2b: Rotom|Hydro Pump|p1a: Skeledirge\n|-supereffective|p1a: Skeledirge\n|-damage|p1a: Skeledirge|0 fnt\n|faint|p1a: Skeledirge\n|move|p2a: Articuno|Blizzard|p1b: Noivern\n|-damage|p1b: Noivern|0 fnt\n|faint|p1b: Noivern\n|\n|-weather|Snow|[upkeep]\n|upkeep\n|-message|bokooblin forfeited.\n|\n|win|hysali30\n|raw|bokooblin's rating: 1028 &rarr; <strong>1015<\/strong><br \/>(-13 for losing)\n|raw|hysali30's rating: 1064 &rarr; <strong>1091<\/strong><br \/>(+27 for winning)\n|l|\u2606bokooblin\n","uploadtime":1700543093,"views":11,"p1id":"bokooblin","p2id":"hysali30","formatid":"gen9doublesou","rating":1015,"private":0,"password":""}