{"id":"gen9doublesou-1975993796","p1":"Bavier_ultimate","p2":"hysali30","format":"[Gen 9] Doubles OU","log":"|j|\u2606Bavier_ultimate\n|j|\u2606hysali30\n|t:|1698255009\n|gametype|doubles\n|player|p1|Bavier_ultimate|265|1273\n|player|p2|hysali30|dancer|1202\n|teamsize|p1|6\n|teamsize|p2|6\n|gen|9\n|tier|[Gen 9] Doubles OU\n|rated|\n|rule|Species Clause: Limit one of each Pok\u00e9mon\n|rule|OHKO Clause: OHKO moves are banned\n|rule|Evasion Moves Clause: Evasion moves are banned\n|rule|Gravity Sleep Clause: The combination of sleep-inducing moves with imperfect accuracy and Gravity or Gigantamax Orbeetle are banned\n|rule|Endless Battle Clause: Forcing endless battles is banned\n|rule|HP Percentage Mod: HP is shown in percentages\n|clearpoke\n|poke|p1|Tyranitar, M|\n|poke|p1|Tornadus, M|\n|poke|p1|Flutter Mane|\n|poke|p1|Arcanine-Hisui, F|\n|poke|p1|Iron Bundle|\n|poke|p1|Shiftry, M|\n|poke|p2|Tornadus, M|\n|poke|p2|Empoleon, F|\n|poke|p2|Scyther, M|\n|poke|p2|Ambipom, F|\n|poke|p2|Garchomp, M|\n|poke|p2|Heatran, M|\n|teampreview\n|inactive|Battle timer is ON: inactive players will automatically lose when time's up. (requested by hysali30)\n|\n|t:|1698255027\n|start\n|switch|p1a: Iron Bundle|Iron Bundle|100\/100\n|switch|p1b: Flutter Mane|Flutter Mane|100\/100\n|switch|p2a: Heatran|Heatran, M|100\/100\n|switch|p2b: Empoleon|Empoleon, F|100\/100\n|-enditem|p1a: Iron Bundle|Booster Energy\n|-activate|p1a: Iron Bundle|ability: Quark Drive|[fromitem]\n|-start|p1a: Iron Bundle|quarkdrivespe\n|-enditem|p1b: Flutter Mane|Booster Energy\n|-activate|p1b: Flutter Mane|ability: Protosynthesis|[fromitem]\n|-start|p1b: Flutter Mane|protosynthesisspe\n|turn|1\n|\n|t:|1698255046\n|move|p1a: Iron Bundle|Hydro Pump|p2a: Heatran\n|-supereffective|p2a: Heatran\n|-damage|p2a: Heatran|35\/100\n|move|p1b: Flutter Mane|Dazzling Gleam|p2a: Heatran|[spread] p2a,p2b\n|-resisted|p2a: Heatran\n|-resisted|p2b: Empoleon\n|-damage|p2a: Heatran|31\/100\n|-damage|p2b: Empoleon|86\/100\n|move|p2a: Heatran|Fire Blast|p1a: Iron Bundle\n|-damage|p1a: Iron Bundle|0 fnt\n|faint|p1a: Iron Bundle\n|-end|p1a: Iron Bundle|Quark Drive|[silent]\n|move|p2b: Empoleon|Flash Cannon|p1b: Flutter Mane\n|-supereffective|p1b: Flutter Mane\n|-damage|p1b: Flutter Mane|2\/100\n|\n|upkeep\n|\n|t:|1698255051\n|switch|p1a: Tornadus|Tornadus, M|100\/100\n|turn|2\n|\n|t:|1698255070\n|move|p1a: Tornadus|Tailwind|p1a: Tornadus\n|-sidestart|p1: Bavier_ultimate|move: Tailwind\n|move|p1b: Flutter Mane|Dazzling Gleam|p2b: Empoleon|[spread] p2a,p2b\n|-resisted|p2a: Heatran\n|-crit|p2a: Heatran\n|-resisted|p2b: Empoleon\n|-damage|p2a: Heatran|24\/100\n|-damage|p2b: Empoleon|71\/100\n|move|p2a: Heatran|Fire Blast|p1a: Tornadus\n|-damage|p1a: Tornadus|24\/100\n|move|p2b: Empoleon|Flash Cannon|p1b: Flutter Mane\n|-supereffective|p1b: Flutter Mane\n|-damage|p1b: Flutter Mane|0 fnt\n|faint|p1b: Flutter Mane\n|-end|p1b: Flutter Mane|Protosynthesis|[silent]\n|\n|-heal|p1a: Tornadus|30\/100|[from] item: Leftovers\n|upkeep\n|\n|t:|1698255073\n|switch|p1b: Shiftry|Shiftry, M|100\/100\n|-ability|p1b: Shiftry|Wind Rider|boost\n|-boost|p1b: Shiftry|atk|1\n|turn|3\n|\n|t:|1698255093\n|switch|p2a: Tornadus|Tornadus, M|100\/100\n|-terastallize|p1b: Shiftry|Water\n|-terastallize|p2b: Empoleon|Fighting\n|move|p1a: Tornadus|Icy Wind|p2b: Empoleon|[spread] p2a,p2b\n|-supereffective|p2a: Tornadus\n|-damage|p2a: Tornadus|67\/100\n|-damage|p2b: Empoleon|60\/100\n|-unboost|p2a: Tornadus|spe|1\n|-unboost|p2b: Empoleon|spe|1\n|-ability|p2b: Empoleon|Competitive|boost\n|-boost|p2b: Empoleon|spa|2\n|move|p1b: Shiftry|Leaf Blade|p2b: Empoleon\n|-damage|p2b: Empoleon|2\/100\n|move|p2b: Empoleon|Tera Blast|p1b: Shiftry|[anim] Tera Blast Fighting\n|-damage|p1b: Shiftry|0 fnt\n|faint|p1b: Shiftry\n|\n|-heal|p1a: Tornadus|36\/100|[from] item: Leftovers\n|-heal|p2a: Tornadus|73\/100|[from] item: Leftovers\n|upkeep\n|-message|Bavier_ultimate forfeited.\n|\n|win|hysali30\n|raw|Bavier_ultimate's rating: 1273 &rarr; <strong>1243<\/strong><br \/>(-30 for losing)\n|raw|hysali30's rating: 1202 &rarr; <strong>1232<\/strong><br \/>(+30 for winning)\n|l|\u2606Bavier_ultimate\n","uploadtime":1698255117,"views":13,"p1id":"bavierultimate","p2id":"hysali30","formatid":"gen9doublesou","rating":1232,"private":0,"password":""}