{"id":"gen9doublesou-1977822693","p1":"pignitewaggy","p2":"Lopezabn","format":"[Gen 9] Doubles OU","log":"|j|\u2606pignitewaggy\n|j|\u2606Lopezabn\n|t:|1698453907\n|gametype|doubles\n|player|p1|pignitewaggy|bellelba|1209\n|player|p2|Lopezabn|chuck|1181\n|teamsize|p1|6\n|teamsize|p2|6\n|gen|9\n|tier|[Gen 9] Doubles OU\n|rated|\n|rule|Species Clause: Limit one of each Pok\u00e9mon\n|rule|OHKO Clause: OHKO moves are banned\n|rule|Evasion Moves Clause: Evasion moves are banned\n|rule|Gravity Sleep Clause: The combination of sleep-inducing moves with imperfect accuracy and Gravity or Gigantamax Orbeetle are banned\n|rule|Endless Battle Clause: Forcing endless battles is banned\n|rule|HP Percentage Mod: HP is shown in percentages\n|clearpoke\n|poke|p1|Sinistcha|\n|poke|p1|Iron Hands|\n|poke|p1|Oranguru, M|\n|poke|p1|Gyarados, F|\n|poke|p1|Tornadus, M|\n|poke|p1|Amoonguss, F|\n|poke|p2|Walking Wake|\n|poke|p2|Iron Hands|\n|poke|p2|Flutter Mane|\n|poke|p2|Ninetales, F|\n|poke|p2|Victreebel, M|\n|poke|p2|Chien-Pao|\n|teampreview\n|\n|t:|1698453933\n|start\n|switch|p1a: Amoonguss|Amoonguss, F|100\/100\n|switch|p1b: Iron Hands|Iron Hands|100\/100\n|switch|p2a: Ninetales|Ninetales, F, shiny|100\/100\n|switch|p2b: Walking Wake|Walking Wake|100\/100\n|-weather|SunnyDay|[from] ability: Drought|[of] p2a: Ninetales\n|-activate|p2b: Walking Wake|ability: Protosynthesis\n|-start|p2b: Walking Wake|protosynthesisspa\n|turn|1\n|\n|t:|1698453961\n|-terastallize|p1a: Amoonguss|Water\n|move|p1a: Amoonguss|Rage Powder|p1a: Amoonguss\n|-singleturn|p1a: Amoonguss|move: Rage Powder\n|move|p2a: Ninetales|Overheat|p1a: Amoonguss\n|-resisted|p1a: Amoonguss\n|-damage|p1a: Amoonguss|75\/100\n|-unboost|p2a: Ninetales|spa|2\n|move|p2b: Walking Wake|Flamethrower|p1a: Amoonguss\n|-resisted|p1a: Amoonguss\n|-crit|p1a: Amoonguss\n|-damage|p1a: Amoonguss|12\/100\n|-enditem|p1a: Amoonguss|Sitrus Berry|[eat]\n|-heal|p1a: Amoonguss|37\/100|[from] item: Sitrus Berry\n|move|p1b: Iron Hands|Belly Drum|p1b: Iron Hands\n|-damage|p1b: Iron Hands|50\/100\n|-setboost|p1b: Iron Hands|atk|6|[from] move: Belly Drum\n|-enditem|p1b: Iron Hands|Sitrus Berry|[eat]\n|-heal|p1b: Iron Hands|75\/100|[from] item: Sitrus Berry\n|\n|-weather|SunnyDay|[upkeep]\n|upkeep\n|turn|2\n|\n|t:|1698453994\n|move|p1a: Amoonguss|Rage Powder|p1a: Amoonguss\n|-singleturn|p1a: Amoonguss|move: Rage Powder\n|move|p2a: Ninetales|Encore|p1a: Amoonguss\n|-start|p1a: Amoonguss|Encore\n|move|p2b: Walking Wake|Flamethrower|p1a: Amoonguss\n|-resisted|p1a: Amoonguss\n|-damage|p1a: Amoonguss|0 fnt\n|faint|p1a: Amoonguss\n|move|p1b: Iron Hands|Earthquake|p2b: Walking Wake|[spread] p2a,p2b\n|-supereffective|p2a: Ninetales\n|-damage|p2a: Ninetales|0 fnt\n|-damage|p2b: Walking Wake|0 fnt\n|faint|p2a: Ninetales\n|faint|p2b: Walking Wake\n|-end|p2b: Walking Wake|Protosynthesis|[silent]\n|\n|-weather|SunnyDay|[upkeep]\n|upkeep\n|\n|t:|1698454011\n|switch|p2a: Flutter Mane|Flutter Mane|100\/100\n|switch|p2b: Victreebel|Victreebel, M, shiny|100\/100\n|switch|p1a: Oranguru|Oranguru, M|100\/100\n|-activate|p2a: Flutter Mane|ability: Protosynthesis\n|-start|p2a: Flutter Mane|protosynthesisspe\n|turn|3\n|\n|t:|1698454027\n|move|p2a: Flutter Mane|Imprison|p2a: Flutter Mane\n|-start|p2a: Flutter Mane|move: Imprison\n|move|p2b: Victreebel|Sleep Powder|p1b: Iron Hands|[miss]\n|-miss|p2b: Victreebel|p1b: Iron Hands\n|move|p1b: Iron Hands|Earthquake|p2b: Victreebel|[spread] p2a,p2b\n|-activate|p1a: Oranguru|ability: Telepathy\n|-damage|p2a: Flutter Mane|0 fnt\n|-damage|p2b: Victreebel|0 fnt\n|faint|p2a: Flutter Mane\n|-end|p2a: Flutter Mane|Protosynthesis|[silent]\n|faint|p2b: Victreebel\n|move|p1a: Oranguru|Psychic|p2: Flutter Mane|[notarget]\n|-fail|p1a: Oranguru\n|\n|-weather|SunnyDay|[upkeep]\n|upkeep\n|-message|Lopezabn forfeited.\n|\n|win|pignitewaggy\n|raw|pignitewaggy's rating: 1209 &rarr; <strong>1232<\/strong><br \/>(+23 for winning)\n|raw|Lopezabn's rating: 1181 &rarr; <strong>1158<\/strong><br \/>(-23 for losing)\n|l|\u2606Lopezabn\n","uploadtime":1698454049,"views":16,"p1id":"pignitewaggy","p2id":"lopezabn","formatid":"gen9doublesou","rating":1158,"private":0,"password":""}