{"id":"gen9doublesou-1970749611","p1":"GrottyBean","p2":"wingminmon","format":"[Gen 9] Doubles OU","log":"|j|\u2606GrottyBean\n|j|\u2606wingminmon\n|t:|1697663581\n|gametype|doubles\n|player|p1|GrottyBean|170|1191\n|player|p2|wingminmon|preschooler|1040\n|teamsize|p1|6\n|teamsize|p2|6\n|gen|9\n|tier|[Gen 9] Doubles OU\n|rated|\n|rule|Species Clause: Limit one of each Pok\u00e9mon\n|rule|OHKO Clause: OHKO moves are banned\n|rule|Evasion Moves Clause: Evasion moves are banned\n|rule|Gravity Sleep Clause: The combination of sleep-inducing moves with imperfect accuracy and Gravity or Gigantamax Orbeetle are banned\n|rule|Endless Battle Clause: Forcing endless battles is banned\n|rule|HP Percentage Mod: HP is shown in percentages\n|clearpoke\n|poke|p1|Amoonguss, F|\n|poke|p1|Ogerpon-Hearthflame, F|\n|poke|p1|Palafin, F|\n|poke|p1|Tornadus, M|\n|poke|p1|Kingambit, M|\n|poke|p1|Flutter Mane|\n|poke|p2|Dragapult, F|\n|poke|p2|Heatran, M|\n|poke|p2|Ogerpon, F|\n|poke|p2|Cresselia, F|\n|poke|p2|Landorus-Therian, M|\n|poke|p2|Tornadus, M|\n|teampreview\n|inactive|Battle timer is ON: inactive players will automatically lose when time's up. (requested by GrottyBean)\n|\n|t:|1697663614\n|start\n|switch|p1a: Palafin|Palafin, F|100\/100\n|switch|p1b: Tornadus|Tornadus, M|100\/100\n|switch|p2a: Tornadus|Tornadus, M|100\/100\n|switch|p2b: Ogerpon|Ogerpon, F|100\/100\n|turn|1\n|\n|t:|1697663630\n|move|p2a: Tornadus|Taunt|p1b: Tornadus\n|-start|p1b: Tornadus|move: Taunt\n|cant|p1b: Tornadus|move: Taunt|Taunt\n|move|p2b: Ogerpon|Ivy Cudgel|p1a: Palafin\n|-supereffective|p1a: Palafin\n|-damage|p1a: Palafin|0 fnt\n|faint|p1a: Palafin\n|\n|upkeep\n|-message|GrottyBean forfeited.\n|\n|win|wingminmon\n|raw|GrottyBean's rating: 1191 &rarr; <strong>1156<\/strong><br \/>(-35 for losing)\n|raw|wingminmon's rating: 1040 &rarr; <strong>1088<\/strong><br \/>(+48 for winning)\n|l|\u2606GrottyBean\n","uploadtime":1697663668,"views":17,"p1id":"grottybean","p2id":"wingminmon","formatid":"gen9doublesou","rating":1088,"private":0,"password":""}