{"id":"gen9doublesou-1974024671","p1":"Jackmim","p2":"Sargenbob","format":"[Gen 9] Doubles OU","log":"|j|\u2606Jackmim\n|j|\u2606Sargenbob\n|t:|1698043862\n|gametype|doubles\n|player|p1|Jackmim|grusha|1124\n|player|p2|Sargenbob|red|1098\n|teamsize|p1|6\n|teamsize|p2|6\n|gen|9\n|tier|[Gen 9] Doubles OU\n|rated|\n|rule|Species Clause: Limit one of each Pok\u00e9mon\n|rule|OHKO Clause: OHKO moves are banned\n|rule|Evasion Moves Clause: Evasion moves are banned\n|rule|Gravity Sleep Clause: The combination of sleep-inducing moves with imperfect accuracy and Gravity or Gigantamax Orbeetle are banned\n|rule|Endless Battle Clause: Forcing endless battles is banned\n|rule|HP Percentage Mod: HP is shown in percentages\n|clearpoke\n|poke|p1|Ninetales, M|\n|poke|p1|Glaceon, F|\n|poke|p1|Weavile, F|\n|poke|p1|Mamoswine, F|\n|poke|p1|Vulpix-Alola, F|\n|poke|p1|Cloyster, F|\n|poke|p2|Oranguru, M|\n|poke|p2|Torkoal, F|\n|poke|p2|Amoonguss, M|\n|poke|p2|Garganacl, F|\n|poke|p2|Toxapex, M|\n|poke|p2|Gothitelle, F|\n|teampreview\n|inactive|Battle timer is ON: inactive players will automatically lose when time's up. (requested by Sargenbob)\n|\n|t:|1698043869\n|start\n|switch|p1a: Heliosienic|Mamoswine, F, shiny|100\/100\n|switch|p1b: Fanatic|Weavile, F, shiny|100\/100\n|switch|p2a: Donkey Kong|Oranguru, M, shiny|100\/100\n|switch|p2b: Rafael|Torkoal, F, shiny|100\/100\n|-weather|SunnyDay|[from] ability: Drought|[of] p2b: Rafael\n|turn|1\n|\n|t:|1698043884\n|move|p2b: Rafael|Protect|p2b: Rafael\n|-singleturn|p2b: Rafael|Protect\n|move|p1b: Fanatic|Fake Out|p2a: Donkey Kong\n|-damage|p2a: Donkey Kong|89\/100\n|move|p1a: Heliosienic|Stealth Rock|p2b: Rafael\n|-sidestart|p2: Sargenbob|move: Stealth Rock\n|cant|p2a: Donkey Kong|flinch\n|\n|-weather|SunnyDay|[upkeep]\n|upkeep\n|turn|2\n|\n|t:|1698043905\n|move|p2b: Rafael|Protect||[still]\n|-fail|p2b: Rafael\n|move|p1b: Fanatic|Fling|p2a: Donkey Kong\n|-supereffective|p2a: Donkey Kong\n|-damage|p2a: Donkey Kong|61\/100\n|-enditem|p1b: Fanatic|King's Rock|[from] move: Fling\n|move|p1a: Heliosienic|Rock Blast|p2b: Rafael\n|-supereffective|p2b: Rafael\n|-damage|p2b: Rafael|88\/100\n|-supereffective|p2b: Rafael\n|-damage|p2b: Rafael|75\/100\n|-supereffective|p2b: Rafael\n|-damage|p2b: Rafael|61\/100\n|-supereffective|p2b: Rafael\n|-damage|p2b: Rafael|47\/100\n|-hitcount|p2b: Rafael|4\n|cant|p2a: Donkey Kong|flinch\n|\n|-weather|SunnyDay|[upkeep]\n|upkeep\n|turn|3\n|-message|Sargenbob forfeited.\n|\n|win|Jackmim\n|raw|Jackmim's rating: 1124 &rarr; <strong>1147<\/strong><br \/>(+23 for winning)\n|raw|Sargenbob's rating: 1098 &rarr; <strong>1075<\/strong><br \/>(-23 for losing)\n|l|\u2606Sargenbob\n","uploadtime":1698043927,"views":27,"p1id":"jackmim","p2id":"sargenbob","formatid":"gen9doublesou","rating":1075,"private":0,"password":""}