{"id":"gen9doublesou-1971654749","p1":"Mega_Beedrill User","p2":"LetMeLiveImNew","format":"[Gen 9] Doubles OU","log":"|j|\u2606Mega_Beedrill User\n|j|\u2606LetMeLiveImNew\n|inactive|Battle timer is ON: inactive players will automatically lose when time's up.\n|t:|1697757695\n|gametype|doubles\n|player|p1|Mega_Beedrill User|alec-anime|\n|player|p2|LetMeLiveImNew|wulfric|\n|teamsize|p1|2\n|teamsize|p2|2\n|gen|9\n|tier|[Gen 9] Doubles OU\n|rated|Tournament battle\n|rule|Species Clause: Limit one of each Pok\u00e9mon\n|rule|OHKO Clause: OHKO moves are banned\n|rule|Evasion Moves Clause: Evasion moves are banned\n|rule|Gravity Sleep Clause: The combination of sleep-inducing moves with imperfect accuracy and Gravity or Gigantamax Orbeetle are banned\n|rule|Endless Battle Clause: Forcing endless battles is banned\n|rule|HP Percentage Mod: HP is shown in percentages\n|clearpoke\n|poke|p1|Nymble, F|\n|poke|p1|Diglett, F|\n|poke|p2|Geodude, M|\n|poke|p2|Grookey, M|\n|teampreview\n|j|*Lady Monita \u263d\n|inactive|Mega_Beedrill User also wants the timer to be on.\n|j| boristimus\n|c|\u2606LetMeLiveImNew|sup chief\n|c|\u2606LetMeLiveImNew|gl hf\n|c|\u2606Mega_Beedrill User|glhf\n|\n|t:|1697757709\n|start\n|switch|p1a: Nymble|Nymble, F, shiny|100\/100\n|switch|p1b: Diglett|Diglett, F|100\/100\n|switch|p2a: Fat Mike|Geodude, M, shiny|100\/100\n|switch|p2b: James Lilja|Grookey, M|100\/100\n|-fieldstart|move: Grassy Terrain|[from] ability: Grassy Surge|[of] p2b: James Lilja\n|turn|1\n|\n|t:|1697757734\n|-terastallize|p2a: Fat Mike|Grass\n|move|p2b: James Lilja|Fake Out|p1a: Nymble\n|-damage|p1a: Nymble|58\/100\n|-damage|p2b: James Lilja|91\/100|[from] item: Life Orb\n|cant|p1a: Nymble|flinch\n|move|p1b: Diglett|Final Gambit|p2a: Fat Mike\n|-damage|p2a: Fat Mike|44\/100\n|faint|p1b: Diglett\n|move|p2a: Fat Mike|Curse|p2a: Fat Mike\n|-unboost|p2a: Fat Mike|spe|1\n|-boost|p2a: Fat Mike|atk|1\n|-boost|p2a: Fat Mike|def|1\n|\n|-heal|p2b: James Lilja|97\/100|[from] Grassy Terrain\n|-heal|p1a: Nymble|64\/100|[from] Grassy Terrain\n|-heal|p2a: Fat Mike|50\/100|[from] Grassy Terrain\n|upkeep\n|turn|2\n|\n|t:|1697757754\n|move|p2b: James Lilja|Grassy Glide|p1a: Nymble\n|-resisted|p1a: Nymble\n|-damage|p1a: Nymble|9\/100\n|-damage|p2b: James Lilja|87\/100|[from] item: Life Orb\n|move|p1a: Nymble|Leech Life|p2a: Fat Mike\n|-supereffective|p2a: Fat Mike\n|-damage|p2a: Fat Mike|16\/100\n|-heal|p1a: Nymble|32\/100|[from] drain|[of] p2a: Fat Mike\n|-damage|p1a: Nymble|23\/100|[from] item: Life Orb\n|move|p2a: Fat Mike|Rock Slide|p1a: Nymble|[miss]\n|-miss|p2a: Fat Mike|p1a: Nymble\n|\n|-heal|p2b: James Lilja|93\/100|[from] Grassy Terrain\n|-heal|p1a: Nymble|29\/100|[from] Grassy Terrain\n|-heal|p2a: Fat Mike|22\/100|[from] Grassy Terrain\n|upkeep\n|turn|3\n|\n|t:|1697757764\n|-terastallize|p1a: Nymble|Flying\n|move|p2b: James Lilja|Grassy Glide|p1a: Nymble\n|-resisted|p1a: Nymble\n|-damage|p1a: Nymble|0 fnt\n|faint|p1a: Nymble\n|-damage|p2b: James Lilja|83\/100|[from] item: Life Orb\n|\n|win|LetMeLiveImNew\n|n|\u2606Mega_Beedrill User|megabeedrilluser\n|n|\u2606LetMeLiveImNew|letmeliveimnew\n|n|*Lady Monita \u263d|ladymonita\n|n| boristimus|boristimus\n","uploadtime":1697757765,"views":18,"p1id":"megabeedrilluser","p2id":"letmeliveimnew","formatid":"gen9doublesou","rating":0,"private":0,"password":""}