{"id":"gen9doublesou-1973509516","p1":"CoffeeDonkey","p2":"bananamana453895","format":"[Gen 9] Doubles OU","log":"|j|\u2606CoffeeDonkey\n|j|\u2606bananamana453895\n|inactive|Battle timer is ON: inactive players will automatically lose when time's up.\n|t:|1697985323\n|gametype|doubles\n|player|p1|CoffeeDonkey|drayden|\n|player|p2|bananamana453895|169|\n|teamsize|p1|2\n|teamsize|p2|2\n|gen|9\n|tier|[Gen 9] Doubles OU\n|rated|Tournament battle\n|rule|Species Clause: Limit one of each Pok\u00e9mon\n|rule|OHKO Clause: OHKO moves are banned\n|rule|Evasion Moves Clause: Evasion moves are banned\n|rule|Gravity Sleep Clause: The combination of sleep-inducing moves with imperfect accuracy and Gravity or Gigantamax Orbeetle are banned\n|rule|Endless Battle Clause: Forcing endless battles is banned\n|rule|HP Percentage Mod: HP is shown in percentages\n|clearpoke\n|poke|p1|Ursaluna-Bloodmoon, M|\n|poke|p1|Garchomp, F|\n|poke|p2|Crabominable, M|\n|poke|p2|Slowbro-Galar, F|\n|teampreview\n|j|*Lady Monita \u263d\n|c|\u2606bananamana453895|glhf\n|c|\u2606bananamana453895|bro wtf\n|c|\u2606CoffeeDonkey|u2\n|j| Commander2022\n|\n|t:|1697985330\n|start\n|switch|p1a: Wow a ground type!|Ursaluna-Bloodmoon, M|100\/100\n|switch|p1b: Wow another one!|Garchomp, F|100\/100\n|switch|p2a: Slowbro|Slowbro-Galar, F|100\/100\n|switch|p2b: Crabominable|Crabominable, M|100\/100\n|turn|1\n|c| Commander2022|gl\n|j| presidente007\n|c|\u2606bananamana453895|im dead\n|c| Commander2022|idk if ur technique will work\n|inactive|CoffeeDonkey has 120 seconds left.\n|inactive|bananamana453895 has 120 seconds left.\n|\n|t:|1697985376\n|-terastallize|p1b: Wow another one!|Steel\n|-terastallize|p2a: Slowbro|Fairy\n|move|p1b: Wow another one!|Iron Head|p2b: Crabominable\n|-supereffective|p2b: Crabominable\n|-damage|p2b: Crabominable|9\/100\n|-enditem|p2b: Crabominable|Sitrus Berry|[eat]\n|-heal|p2b: Crabominable|33\/100|[from] item: Sitrus Berry\n|move|p1a: Wow a ground type!|Blood Moon|p2b: Crabominable\n|-damage|p2b: Crabominable|0 fnt\n|faint|p2b: Crabominable\n|move|p2a: Slowbro|Trick Room|p2a: Slowbro\n|-fieldstart|move: Trick Room|[of] p2a: Slowbro\n|\n|upkeep\n|turn|2\n|inactive|CoffeeDonkey has 120 seconds left.\n|c|\u2606bananamana453895|...\n|inactive|bananamana453895 has 120 seconds left.\n|\n|t:|1697985397\n|move|p2a: Slowbro|Disable|p1b: Wow another one!\n|-start|p1b: Wow another one!|Disable|Iron Head\n|move|p1a: Wow a ground type!|Earth Power|p2a: Slowbro\n|-damage|p2a: Slowbro|37\/100\n|-unboost|p2a: Slowbro|spd|1\n|-enditem|p2a: Slowbro|Sitrus Berry|[eat]\n|-heal|p2a: Slowbro|62\/100|[from] item: Sitrus Berry\n|cant|p1b: Wow another one!|Disable|Iron Head\n|\n|upkeep\n|turn|3\n|c|\u2606CoffeeDonkey|so yeah...\n|\n|t:|1697985408\n|move|p2a: Slowbro|Gunk Shot|p1a: Wow a ground type!\n|-resisted|p1a: Wow a ground type!\n|-damage|p1a: Wow a ground type!|85\/100\n|move|p1a: Wow a ground type!|Blood Moon|p2a: Slowbro\n|-damage|p2a: Slowbro|0 fnt\n|faint|p2a: Slowbro\n|\n|win|CoffeeDonkey\n|n|\u2606CoffeeDonkey|coffeedonkey\n|n|\u2606bananamana453895|bananamana453895\n|n|*Lady Monita \u263d|ladymonita\n|n| Commander2022|commander2022\n|n| presidente007|presidente007\n","uploadtime":1697985409,"views":19,"p1id":"coffeedonkey","p2id":"bananamana453895","formatid":"gen9doublesou","rating":0,"private":0,"password":""}