{"id":"gen9doublesou-1979379430","p1":"DoubleBubble2","p2":"RT-Bubblez","format":"[Gen 9] Doubles OU","log":"|j|\u2606DoubleBubble2\n|j|\u2606RT-Bubblez\n|t:|1698678032\n|gametype|doubles\n|player|p1|DoubleBubble2|hooligans|1371\n|player|p2|RT-Bubblez|265|1374\n|teamsize|p1|6\n|teamsize|p2|6\n|gen|9\n|tier|[Gen 9] Doubles OU\n|rated|\n|rule|Species Clause: Limit one of each Pok\u00e9mon\n|rule|OHKO Clause: OHKO moves are banned\n|rule|Evasion Moves Clause: Evasion moves are banned\n|rule|Gravity Sleep Clause: The combination of sleep-inducing moves with imperfect accuracy and Gravity or Gigantamax Orbeetle are banned\n|rule|Endless Battle Clause: Forcing endless battles is banned\n|rule|HP Percentage Mod: HP is shown in percentages\n|clearpoke\n|poke|p1|Torkoal, F|\n|poke|p1|Oranguru, M|\n|poke|p1|Hatterene, F|\n|poke|p1|Glastrier|\n|poke|p1|Iron Hands|\n|poke|p1|Diancie|\n|poke|p2|Shiftry, F|\n|poke|p2|Enamorus, F|\n|poke|p2|Hoopa-Unbound|\n|poke|p2|Kingambit, M|\n|poke|p2|Chandelure, M|\n|poke|p2|Gholdengo|\n|teampreview\n|\n|t:|1698678051\n|start\n|switch|p1a: Hatterene|Hatterene, F|100\/100\n|switch|p1b: Torkoal|Torkoal, F, shiny|100\/100\n|switch|p2a: Shiftry|Shiftry, F|100\/100\n|switch|p2b: Kingambit|Kingambit, M|100\/100\n|-weather|SunnyDay|[from] ability: Drought|[of] p1b: Torkoal\n|turn|1\n|\n|t:|1698678064\n|-terastallize|p2b: Kingambit|Dark\n|move|p1b: Torkoal|Protect|p1b: Torkoal\n|-singleturn|p1b: Torkoal|Protect\n|move|p2b: Kingambit|Sucker Punch||[still]\n|-fail|p2b: Kingambit\n|move|p2a: Shiftry|Tailwind|p2a: Shiftry\n|-sidestart|p2: RT-Bubblez|move: Tailwind\n|-ability|p2a: Shiftry|Wind Rider|boost\n|-boost|p2a: Shiftry|atk|1\n|move|p1a: Hatterene|Trick Room|p1a: Hatterene\n|-fieldstart|move: Trick Room|[of] p1a: Hatterene\n|\n|-weather|SunnyDay|[upkeep]\n|upkeep\n|turn|2\n|c|\u2606DoubleBubble2|bouta get hit with a fakeout and suckpunch\n|\n|t:|1698678089\n|move|p2b: Kingambit|Sucker Punch|p1b: Torkoal\n|-damage|p1b: Torkoal|60\/100\n|move|p1b: Torkoal|Flamethrower|p2a: Shiftry\n|-supereffective|p2a: Shiftry\n|-enditem|p2a: Shiftry|Focus Sash\n|-damage|p2a: Shiftry|1\/100\n|move|p1a: Hatterene|Dazzling Gleam|p2a: Shiftry|[spread] p2a,p2b\n|-supereffective|p2a: Shiftry\n|-supereffective|p2b: Kingambit\n|-crit|p2b: Kingambit\n|-damage|p2a: Shiftry|0 fnt\n|-damage|p2b: Kingambit|0 fnt\n|faint|p2a: Shiftry\n|faint|p2b: Kingambit\n|-end|p2b: Kingambit|fallenundefined|[silent]\n|\n|-weather|SunnyDay|[upkeep]\n|upkeep\n|inactive|Battle timer is ON: inactive players will automatically lose when time's up. (requested by DoubleBubble2)\n|-message|RT-Bubblez forfeited.\n|\n|win|DoubleBubble2\n|raw|DoubleBubble2's rating: 1371 &rarr; <strong>1391<\/strong><br \/>(+20 for winning)\n|raw|RT-Bubblez's rating: 1374 &rarr; <strong>1354<\/strong><br \/>(-20 for losing)\n","uploadtime":1698678069,"views":15,"p1id":"doublebubble2","p2id":"rtbubblez","formatid":"gen9doublesou","rating":1354,"private":0,"password":""}