{"id":"gen9doublesou-1975318427","p1":"SXD2002","p2":"EldritchMoon","format":"[Gen 9] Doubles OU","log":"|j|\u2606SXD2002\n|j|\u2606EldritchMoon\n|t:|1698179342\n|gametype|doubles\n|player|p1|SXD2002|silver-masters|1050\n|player|p2|EldritchMoon|2|1055\n|teamsize|p1|6\n|teamsize|p2|5\n|gen|9\n|tier|[Gen 9] Doubles OU\n|rated|\n|rule|Species Clause: Limit one of each Pok\u00e9mon\n|rule|OHKO Clause: OHKO moves are banned\n|rule|Evasion Moves Clause: Evasion moves are banned\n|rule|Gravity Sleep Clause: The combination of sleep-inducing moves with imperfect accuracy and Gravity or Gigantamax Orbeetle are banned\n|rule|Endless Battle Clause: Forcing endless battles is banned\n|rule|HP Percentage Mod: HP is shown in percentages\n|clearpoke\n|poke|p1|Lurantis, F|\n|poke|p1|Murkrow, M|\n|poke|p1|Grimmsnarl, M|\n|poke|p1|Clefairy, M|\n|poke|p1|Talonflame, F|\n|poke|p1|Espeon, F|\n|poke|p2|Maushold-Four|\n|poke|p2|Dudunsparce-*, M|\n|poke|p2|Gliscor, F|\n|poke|p2|Mew|\n|poke|p2|Ninetales-Alola, M|\n|teampreview\n|inactive|Battle timer is ON: inactive players will automatically lose when time's up. (requested by SXD2002)\n|\n|t:|1698179349\n|start\n|switch|p1a: Talonflame|Talonflame, F|100\/100\n|switch|p1b: Lurantis|Lurantis, F|100\/100\n|switch|p2a: Maushold|Maushold-Four|100\/100\n|switch|p2b: Dudunsparce|Dudunsparce-Three-Segment, M|100\/100\n|turn|1\n|\n|t:|1698179361\n|-terastallize|p2b: Dudunsparce|Ghost\n|-terastallize|p1b: Lurantis|Steel\n|move|p1a: Talonflame|Defog|p1b: Lurantis\n|-boost|p1b: Lurantis|evasion|1\n|move|p2a: Maushold|Beat Up|p2b: Dudunsparce\n|-supereffective|p2b: Dudunsparce\n|-damage|p2b: Dudunsparce|98\/100\n|-ability|p2b: Dudunsparce|Rattled|boost\n|-boost|p2b: Dudunsparce|spe|1\n|-enditem|p2b: Dudunsparce|Weakness Policy\n|-boost|p2b: Dudunsparce|atk|2|[from] item: Weakness Policy\n|-boost|p2b: Dudunsparce|spa|2|[from] item: Weakness Policy\n|-supereffective|p2b: Dudunsparce\n|-damage|p2b: Dudunsparce|95\/100\n|-ability|p2b: Dudunsparce|Rattled|boost\n|-boost|p2b: Dudunsparce|spe|1\n|-supereffective|p2b: Dudunsparce\n|-damage|p2b: Dudunsparce|92\/100\n|-ability|p2b: Dudunsparce|Rattled|boost\n|-boost|p2b: Dudunsparce|spe|1\n|-supereffective|p2b: Dudunsparce\n|-crit|p2b: Dudunsparce\n|-damage|p2b: Dudunsparce|87\/100\n|-ability|p2b: Dudunsparce|Rattled|boost\n|-boost|p2b: Dudunsparce|spe|1\n|-supereffective|p2b: Dudunsparce\n|-damage|p2b: Dudunsparce|85\/100\n|-ability|p2b: Dudunsparce|Rattled|boost\n|-boost|p2b: Dudunsparce|spe|1\n|-hitcount|p2b: Dudunsparce|5\n|move|p2b: Dudunsparce|Coil|p2b: Dudunsparce\n|-boost|p2b: Dudunsparce|atk|1\n|-boost|p2b: Dudunsparce|def|1\n|-boost|p2b: Dudunsparce|accuracy|1\n|move|p1b: Lurantis|Superpower|p2b: Dudunsparce\n|-immune|p2b: Dudunsparce\n|\n|upkeep\n|turn|2\n|inactive|EldritchMoon has 120 seconds left.\n|\n|t:|1698179393\n|move|p2a: Maushold|Follow Me|p2a: Maushold\n|-singleturn|p2a: Maushold|move: Follow Me\n|move|p1a: Talonflame|Defog|p2a: Maushold\n|-unboost|p2a: Maushold|evasion|1\n|move|p2b: Dudunsparce|Coil|p2b: Dudunsparce\n|-boost|p2b: Dudunsparce|atk|1\n|-boost|p2b: Dudunsparce|def|1\n|-boost|p2b: Dudunsparce|accuracy|1\n|move|p1b: Lurantis|Leaf Storm|p2a: Maushold\n|-damage|p2a: Maushold|56\/100\n|-boost|p1b: Lurantis|spa|2\n|\n|upkeep\n|turn|3\n|\n|t:|1698179409\n|move|p2a: Maushold|Follow Me|p2a: Maushold\n|-singleturn|p2a: Maushold|move: Follow Me\n|move|p1a: Talonflame|Defog|p2a: Maushold\n|-unboost|p2a: Maushold|evasion|1\n|move|p2b: Dudunsparce|Baton Pass|p2b: Dudunsparce\n|inactive|EldritchMoon has 120 seconds left.\n|\n|t:|1698179427\n|switch|p2b: Ninetales|Ninetales-Alola, M|100\/100|[from] Baton Pass\n|-weather|Snow|[from] ability: Snow Warning|[of] p2b: Ninetales\n|move|p1b: Lurantis|Leaf Storm|p2a: Maushold\n|-damage|p2a: Maushold|0 fnt\n|-boost|p1b: Lurantis|spa|2\n|faint|p2a: Maushold\n|\n|-weather|Snow|[upkeep]\n|upkeep\n|inactive|EldritchMoon has 120 seconds left.\n|\n|t:|1698179438\n|switch|p2a: Gliscor|Gliscor, F|100\/100\n|turn|4\n|\n|t:|1698179450\n|move|p2b: Ninetales|Blizzard|p1a: Talonflame|[spread] p1a,p1b\n|-resisted|p1b: Lurantis\n|-damage|p1a: Talonflame|25\/100\n|-damage|p1b: Lurantis|75\/100\n|-status|p1a: Talonflame|frz\n|cant|p1a: Talonflame|frz\n|move|p2a: Gliscor|Taunt|p1a: Talonflame\n|-start|p1a: Talonflame|move: Taunt\n|move|p1b: Lurantis|Leaf Storm|p2b: Ninetales\n|-damage|p2b: Ninetales|0 fnt\n|-boost|p1b: Lurantis|spa|2\n|faint|p2b: Ninetales\n|\n|-weather|Snow|[upkeep]\n|-heal|p1b: Lurantis|81\/100|[from] item: Leftovers\n|-status|p2a: Gliscor|tox|[from] item: Toxic Orb\n|upkeep\n|-message|EldritchMoon forfeited.\n|\n|win|SXD2002\n|raw|SXD2002's rating: 1050 &rarr; <strong>1083<\/strong><br \/>(+33 for winning)\n|raw|EldritchMoon's rating: 1055 &rarr; <strong>1036<\/strong><br \/>(-19 for losing)\n|l|\u2606EldritchMoon\n","uploadtime":1698179469,"views":9,"p1id":"sxd2002","p2id":"eldritchmoon","formatid":"gen9doublesou","rating":1036,"private":0,"password":""}