{"id":"gen9doublesou-1975948674","p1":"yettet","p2":"Leblades123","format":"[Gen 9] Doubles OU","log":"|j|\u2606yettet\n|j|\u2606Leblades123\n|t:|1698251499\n|gametype|doubles\n|player|p1|yettet|169|1124\n|player|p2|Leblades123|hiker-gen4|1193\n|teamsize|p1|6\n|teamsize|p2|6\n|gen|9\n|tier|[Gen 9] Doubles OU\n|rated|\n|rule|Species Clause: Limit one of each Pok\u00e9mon\n|rule|OHKO Clause: OHKO moves are banned\n|rule|Evasion Moves Clause: Evasion moves are banned\n|rule|Gravity Sleep Clause: The combination of sleep-inducing moves with imperfect accuracy and Gravity or Gigantamax Orbeetle are banned\n|rule|Endless Battle Clause: Forcing endless battles is banned\n|rule|HP Percentage Mod: HP is shown in percentages\n|clearpoke\n|poke|p1|Charizard, M|\n|poke|p1|Flutter Mane|\n|poke|p1|Torkoal, F|\n|poke|p1|Tornadus, M|\n|poke|p1|Chi-Yu|\n|poke|p1|Heatran, M|\n|poke|p2|Empoleon, M|\n|poke|p2|Sinistcha|\n|poke|p2|Magcargo, F|\n|poke|p2|Dragonite, F|\n|poke|p2|Weezing-Galar, F|\n|poke|p2|Kleavor, M|\n|teampreview\n|\n|t:|1698251520\n|start\n|switch|p1a: Tornadus|Tornadus, M, shiny|100\/100\n|switch|p1b: Heatran|Heatran, M|100\/100\n|switch|p2a: Empoleon|Empoleon, M|100\/100\n|switch|p2b: Kleavor|Kleavor, M|100\/100\n|turn|1\n|inactive|Battle timer is ON: inactive players will automatically lose when time's up. (requested by Leblades123)\n|\n|t:|1698251560\n|switch|p1a: Torkoal|Torkoal, F|100\/100\n|-weather|SunnyDay|[from] ability: Drought|[of] p1a: Torkoal\n|move|p2b: Kleavor|Stone Axe|p1a: Torkoal|[miss]\n|-miss|p2b: Kleavor|p1a: Torkoal\n|move|p1b: Heatran|Flash Cannon|p2b: Kleavor\n|-supereffective|p2b: Kleavor\n|-damage|p2b: Kleavor|0 fnt\n|faint|p2b: Kleavor\n|move|p2a: Empoleon|Hydro Pump|p1b: Heatran\n|-supereffective|p1b: Heatran\n|-damage|p1b: Heatran|65\/100\n|\n|-weather|SunnyDay|[upkeep]\n|upkeep\n|\n|t:|1698251581\n|switch|p2b: Louise|Dragonite, F|100\/100\n|turn|2\n|\n|t:|1698251591\n|-terastallize|p2b: Louise|Normal\n|-terastallize|p1b: Heatran|Grass\n|move|p2b: Louise|Dragon Dance|p2b: Louise\n|-boost|p2b: Louise|atk|1\n|-boost|p2b: Louise|spe|1\n|move|p1b: Heatran|Tera Blast|p2a: Empoleon|[anim] Tera Blast Grass\n|-damage|p2a: Empoleon|74\/100\n|move|p2a: Empoleon|Hydro Pump|p1a: Torkoal\n|-supereffective|p1a: Torkoal\n|-damage|p1a: Torkoal|9\/100\n|move|p1a: Torkoal|Eruption|p2a: Empoleon|[spread] p2a,p2b\n|-damage|p2a: Empoleon|71\/100\n|-damage|p2b: Louise|98\/100\n|\n|-weather|SunnyDay|[upkeep]\n|upkeep\n|turn|3\n|\n|t:|1698251619\n|move|p2a: Empoleon|Vacuum Wave|p1a: Torkoal\n|-damage|p1a: Torkoal|0 fnt\n|faint|p1a: Torkoal\n|move|p2b: Louise|Scale Shot|p1b: Heatran\n|-damage|p1b: Heatran|46\/100\n|-damage|p1b: Heatran|27\/100\n|-damage|p1b: Heatran|7\/100\n|-damage|p1b: Heatran|0 fnt\n|faint|p1b: Heatran\n|-hitcount|p1: Heatran|4\n|-unboost|p2b: Louise|def|1\n|-boost|p2b: Louise|spe|1\n|\n|-weather|SunnyDay|[upkeep]\n|upkeep\n|inactive|yettet has 120 seconds left.\n|\n|t:|1698251637\n|switch|p1b: Flutter Mane|Flutter Mane, shiny|100\/100\n|switch|p1a: Tornadus|Tornadus, M, shiny|100\/100\n|-activate|p1b: Flutter Mane|ability: Protosynthesis\n|-start|p1b: Flutter Mane|protosynthesisspe\n|turn|4\n|l|\u2606Leblades123\n|inactive|Leblades123 disconnected and has a minute to reconnect!\n|player|p2|\n|j|\u2606Leblades123\n|inactive|Leblades123 reconnected and has 130 seconds left.\n|player|p2|Leblades123|hiker-gen4\n|inactive|Leblades123 has 120 seconds left.\n|inactive|Leblades123 has 90 seconds left.\n|inactive|Leblades123 has 60 seconds left.\n|\n|t:|1698251742\n|move|p1b: Flutter Mane|Protect|p1b: Flutter Mane\n|-singleturn|p1b: Flutter Mane|Protect\n|move|p2b: Louise|Scale Shot|p1a: Tornadus\n|-damage|p1a: Tornadus|71\/100\n|-damage|p1a: Tornadus|45\/100\n|-crit|p1a: Tornadus\n|-damage|p1a: Tornadus|0 fnt\n|faint|p1a: Tornadus\n|-hitcount|p1: Tornadus|3\n|-unboost|p2b: Louise|def|1\n|-boost|p2b: Louise|spe|1\n|move|p2a: Empoleon|Flash Cannon|p1b: Flutter Mane\n|-activate|p1b: Flutter Mane|move: Protect\n|\n|-weather|SunnyDay|[upkeep]\n|upkeep\n|inactive|yettet has 120 seconds left.\n|inactive|yettet has 90 seconds left.\n|l|\u2606yettet\n|inactive|yettet disconnected and has a minute to reconnect!\n|player|p1|\n|inactive|yettet has 30 seconds to reconnect!\n|inactive|yettet has 20 seconds to reconnect!\n|inactive|yettet has 15 seconds to reconnect!\n|inactive|yettet has 10 seconds to reconnect!\n|inactive|yettet has 5 seconds to reconnect!\n|-message|yettet lost due to inactivity.\n|\n|win|Leblades123\n|inactive|yettet has 10 seconds left this turn.\n|raw|yettet's rating: 1124 &rarr; <strong>1104<\/strong><br \/>(-20 for losing)\n|raw|Leblades123's rating: 1193 &rarr; <strong>1213<\/strong><br \/>(+20 for winning)\n","uploadtime":1698251918,"views":12,"p1id":"yettet","p2id":"leblades123","formatid":"gen9doublesou","rating":1104,"private":0,"password":""}