{"id":"gen9doublesou-1987436037","p1":"xueshen","p2":"Elite.4.Challenger","format":"[Gen 9] Doubles OU","log":"|j|\u2606xueshen\n|j|\u2606Elite.4.Challenger\n|t:|1699591241\n|gametype|doubles\n|player|p1|xueshen|170|1279\n|player|p2|Elite.4.Challenger|koga|1407\n|teamsize|p1|6\n|teamsize|p2|6\n|gen|9\n|tier|[Gen 9] Doubles OU\n|rated|\n|rule|Species Clause: Limit one of each Pok\u00e9mon\n|rule|OHKO Clause: OHKO moves are banned\n|rule|Evasion Moves Clause: Evasion moves are banned\n|rule|Gravity Sleep Clause: The combination of sleep-inducing moves with imperfect accuracy and Gravity or Gigantamax Orbeetle are banned\n|rule|Endless Battle Clause: Forcing endless battles is banned\n|rule|HP Percentage Mod: HP is shown in percentages\n|clearpoke\n|poke|p1|Ogerpon-Wellspring, F|\n|poke|p1|Flutter Mane|\n|poke|p1|Indeedee-F, F|\n|poke|p1|Armarouge, F|\n|poke|p1|Landorus-Therian, M|\n|poke|p1|Pelipper, F|\n|poke|p2|Zapdos|\n|poke|p2|Grimmsnarl, M|\n|poke|p2|Basculegion-F, F|\n|poke|p2|Goodra-Hisui, F|\n|poke|p2|Politoed, F|\n|poke|p2|Toxicroak, M|\n|teampreview\n|inactive|Battle timer is ON: inactive players will automatically lose when time's up. (requested by xueshen)\n|\n|t:|1699591265\n|start\n|switch|p1a: Indeedee|Indeedee-F, F|100\/100\n|switch|p1b: Armarouge|Armarouge, F|100\/100\n|switch|p2a: Politoed|Politoed, F|100\/100\n|switch|p2b: Basculegion|Basculegion-F, F|100\/100\n|-weather|RainDance|[from] ability: Drizzle|[of] p2a: Politoed\n|-fieldstart|move: Psychic Terrain|[from] ability: Psychic Surge|[of] p1a: Indeedee\n|turn|1\n|\n|t:|1699591292\n|move|p2a: Politoed|Helping Hand|p2b: Basculegion\n|-singleturn|p2b: Basculegion|Helping Hand|[of] p2a: Politoed\n|move|p1a: Indeedee|Follow Me|p1a: Indeedee\n|-singleturn|p1a: Indeedee|move: Follow Me\n|move|p2b: Basculegion|Surf|p1a: Indeedee|[spread] p2a,p1a,p1b\n|-resisted|p2a: Politoed\n|-supereffective|p1b: Armarouge\n|-damage|p2a: Politoed|66\/100\n|-damage|p1a: Indeedee|28\/100\n|-damage|p1b: Armarouge|0 fnt\n|faint|p1b: Armarouge\n|-enditem|p2a: Politoed|Eject Button\n|inactive|Elite.4.Challenger has 120 seconds left.\n|-message|xueshen forfeited.\n|\n|win|Elite.4.Challenger\n|raw|xueshen's rating: 1279 &rarr; <strong>1263<\/strong><br \/>(-16 for losing)\n|raw|Elite.4.Challenger's rating: 1407 &rarr; <strong>1420<\/strong><br \/>(+13 for winning)\n|l|\u2606xueshen\n","uploadtime":1699591504,"views":11,"p1id":"xueshen","p2id":"elite4challenger","formatid":"gen9doublesou","rating":1263,"private":0,"password":""}