{"id":"gen9doublesou-1978518212","p1":"Bobble3315","p2":"Akira and Gio","format":"[Gen 9] Doubles OU","log":"|j|\u2606Bobble3315\n|j|\u2606Akira and Gio\n|t:|1698549557\n|gametype|doubles\n|player|p1|Bobble3315|ingo|\n|player|p2|Akira and Gio|266|\n|teamsize|p1|6\n|teamsize|p2|4\n|gen|9\n|tier|[Gen 9] Doubles OU\n|rule|Species Clause: Limit one of each Pok\u00e9mon\n|rule|OHKO Clause: OHKO moves are banned\n|rule|Evasion Moves Clause: Evasion moves are banned\n|rule|Gravity Sleep Clause: The combination of sleep-inducing moves with imperfect accuracy and Gravity or Gigantamax Orbeetle are banned\n|rule|Endless Battle Clause: Forcing endless battles is banned\n|rule|HP Percentage Mod: HP is shown in percentages\n|clearpoke\n|poke|p1|Armarouge, M|\n|poke|p1|Indeedee-F, F|\n|poke|p1|Palafin, F|\n|poke|p1|Amoonguss, F|\n|poke|p1|Cresselia, F|\n|poke|p1|Kingambit, M|\n|poke|p2|Applin, M|\n|poke|p2|Appletun, F|\n|poke|p2|Flapple, M|\n|poke|p2|Dipplin, F|\n|teampreview\n|\n|t:|1698549567\n|start\n|switch|p1a: Armarouge|Armarouge, M|100\/100\n|switch|p1b: Palafin|Palafin, F|100\/100\n|switch|p2a: Apple|Applin, M|100\/100\n|switch|p2b: Goober|Flapple, M|100\/100\n|turn|1\n|\n|t:|1698549588\n|move|p1b: Palafin|Flip Turn|p1a: Armarouge\n|-supereffective|p1a: Armarouge\n|-damage|p1a: Armarouge|58\/100\n|-ability|p1a: Armarouge|Weak Armor|boost\n|-unboost|p1a: Armarouge|def|1\n|-boost|p1a: Armarouge|spe|2\n|-enditem|p1a: Armarouge|Weakness Policy\n|-boost|p1a: Armarouge|atk|2|[from] item: Weakness Policy\n|-boost|p1a: Armarouge|spa|2|[from] item: Weakness Policy\n|\n|t:|1698549596\n|detailschange|p1b: Palafin|Palafin-Hero, F\n|switch|p1b: Indeedee|Indeedee-F, F|100\/100|[from] Flip Turn\n|-fieldstart|move: Psychic Terrain|[from] ability: Psychic Surge|[of] p1b: Indeedee\n|move|p1a: Armarouge|Expanding Force|p2b: Goober|[spread] p2a,p2b\n|-damage|p2a: Apple|0 fnt\n|-enditem|p2b: Goober|Focus Sash\n|-damage|p2b: Goober|1\/100\n|faint|p2a: Apple\n|move|p2b: Goober|Trailblaze|p1b: Indeedee|[miss]\n|-miss|p2b: Goober|p1b: Indeedee\n|\n|upkeep\n|\n|t:|1698549617\n|switch|p2a: Pie|Appletun, F|100\/100\n|turn|2\n|\n|t:|1698549631\n|move|p2a: Pie|Protect|p2a: Pie\n|-singleturn|p2a: Pie|Protect\n|move|p1a: Armarouge|Expanding Force|p2b: Goober|[spread] p2b\n|-activate|p2a: Pie|move: Protect\n|-damage|p2b: Goober|0 fnt\n|faint|p2b: Goober\n|move|p1b: Indeedee|Dazzling Gleam|p2a: Pie\n|-activate|p2a: Pie|move: Protect\n|\n|upkeep\n|\n|t:|1698549641\n|switch|p2b: Caramel|Dipplin, F|100\/100\n|-ability|p2b: Caramel|Supersweet Syrup\n|-ability|p2b: Caramel|Supersweet Syrup|boost\n|-unboost|p1a: Armarouge|evasion|1\n|-unboost|p1b: Indeedee|evasion|1\n|turn|3\n|\n|t:|1698549659\n|move|p1a: Armarouge|Expanding Force|p2b: Caramel|[spread] p2a,p2b\n|-damage|p2a: Pie|0 fnt\n|-damage|p2b: Caramel|0 fnt\n|faint|p2a: Pie\n|faint|p2b: Caramel\n|\n|win|Bobble3315\n","uploadtime":1698549669,"views":15,"p1id":"bobble3315","p2id":"akiraandgio","formatid":"gen9doublesou","rating":0,"private":0,"password":""}