{"id":"gen9doublesou-1972810977","p1":"cotesmcgotes","p2":"harald453343","format":"[Gen 9] Doubles OU","log":"|j|\u2606cotesmcgotes\n|j|\u2606harald453343\n|t:|1697897951\n|gametype|doubles\n|player|p1|cotesmcgotes|flannery|1400\n|player|p2|harald453343|cynthia-gen4|1262\n|teamsize|p1|6\n|teamsize|p2|6\n|gen|9\n|tier|[Gen 9] Doubles OU\n|rated|\n|rule|Species Clause: Limit one of each Pok\u00e9mon\n|rule|OHKO Clause: OHKO moves are banned\n|rule|Evasion Moves Clause: Evasion moves are banned\n|rule|Gravity Sleep Clause: The combination of sleep-inducing moves with imperfect accuracy and Gravity or Gigantamax Orbeetle are banned\n|rule|Endless Battle Clause: Forcing endless battles is banned\n|rule|HP Percentage Mod: HP is shown in percentages\n|clearpoke\n|poke|p1|Manaphy|\n|poke|p1|Espathra, F|\n|poke|p1|Goodra-Hisui, M|\n|poke|p1|Ursaluna-Bloodmoon, M|\n|poke|p1|Ogerpon-Hearthflame, F|\n|poke|p1|Chien-Pao|\n|poke|p2|Chien-Pao|\n|poke|p2|Amoonguss, F|\n|poke|p2|Infernape, M|\n|poke|p2|Tornadus, M|\n|poke|p2|Chi-Yu|\n|poke|p2|Flutter Mane|\n|teampreview\n|inactive|Battle timer is ON: inactive players will automatically lose when time's up. (requested by cotesmcgotes)\n|\n|t:|1697897984\n|start\n|switch|p1a: Ogerpon|Ogerpon-Hearthflame, F|100\/100\n|switch|p1b: Espathra|Espathra, F|100\/100\n|switch|p2a: Chien-Pao|Chien-Pao|100\/100\n|switch|p2b: Infernape|Infernape, M|100\/100\n|-ability|p2a: Chien-Pao|Sword of Ruin\n|-ability|p1a: Ogerpon|Mold Breaker\n|turn|1\n|inactive|cotesmcgotes has 120 seconds left.\n|\n|t:|1697898019\n|move|p1a: Ogerpon|Spiky Shield|p1a: Ogerpon\n|-singleturn|p1a: Ogerpon|move: Protect\n|move|p1b: Espathra|Protect|p1b: Espathra\n|-singleturn|p1b: Espathra|Protect\n|move|p2b: Infernape|Fake Out|p1a: Ogerpon\n|-activate|p1a: Ogerpon|move: Protect\n|-damage|p2b: Infernape|88\/100|[from] Spiky Shield|[of] p1a: Ogerpon\n|move|p2a: Chien-Pao|Sucker Punch||[still]\n|-fail|p2a: Chien-Pao\n|\n|-ability|p1b: Espathra|Speed Boost|boost\n|-boost|p1b: Espathra|spe|1\n|upkeep\n|turn|2\n|inactive|cotesmcgotes has 120 seconds left.\n|\n|t:|1697898072\n|switch|p1a: Manaphy|Manaphy|100\/100\n|move|p2a: Chien-Pao|Sucker Punch||[still]\n|-fail|p2a: Chien-Pao\n|move|p1b: Espathra|Skill Swap|p1a: Manaphy\n|-activate|p1b: Espathra|move: Skill Swap|||[of] p1a: Manaphy\n|move|p2b: Infernape|Fire Punch|p1a: Manaphy\n|-resisted|p1a: Manaphy\n|-damage|p1a: Manaphy|72\/100\n|\n|upkeep\n|turn|3\n|\n|t:|1697898091\n|move|p1b: Espathra|Protect|p1b: Espathra\n|-singleturn|p1b: Espathra|Protect\n|move|p2a: Chien-Pao|Sucker Punch||[still]\n|-fail|p2a: Chien-Pao\n|move|p1a: Manaphy|Scald|p2b: Infernape\n|-supereffective|p2b: Infernape\n|-damage|p2b: Infernape|21\/100\n|move|p2b: Infernape|Drain Punch|p1a: Manaphy\n|-damage|p1a: Manaphy|23\/100\n|-heal|p2b: Infernape|50\/100|[from] drain|[of] p1a: Manaphy\n|-enditem|p1a: Manaphy|Sitrus Berry|[eat]\n|-heal|p1a: Manaphy|48\/100|[from] item: Sitrus Berry\n|\n|-ability|p1a: Manaphy|Speed Boost|boost\n|-boost|p1a: Manaphy|spe|1\n|upkeep\n|turn|4\n|inactive|cotesmcgotes has 120 seconds left.\n|inactive|cotesmcgotes has 90 seconds left.\n|\n|t:|1697898156\n|switch|p1b: Ogerpon|Ogerpon-Hearthflame, F|100\/100\n|-ability|p1b: Ogerpon|Mold Breaker\n|move|p2a: Chien-Pao|Sucker Punch||[still]\n|-fail|p2a: Chien-Pao\n|move|p1a: Manaphy|Scald|p2b: Infernape\n|-supereffective|p2b: Infernape\n|-damage|p2b: Infernape|0 fnt\n|faint|p2b: Infernape\n|\n|-ability|p1a: Manaphy|Speed Boost|boost\n|-boost|p1a: Manaphy|spe|1\n|upkeep\n|-message|harald453343 forfeited.\n|\n|win|cotesmcgotes\n|raw|cotesmcgotes's rating: 1400 &rarr; <strong>1412<\/strong><br \/>(+12 for winning)\n|raw|harald453343's rating: 1262 &rarr; <strong>1246<\/strong><br \/>(-16 for losing)\n|l|\u2606harald453343\n","uploadtime":1697898210,"views":15,"p1id":"cotesmcgotes","p2id":"harald453343","formatid":"gen9doublesou","rating":1246,"private":0,"password":""}