{"id":"gen9doublesou-1969169823","p1":"reposkull","p2":"smaldmcdsl","format":"[Gen 9] Doubles OU","log":"|j|\u2606reposkull\n|j|\u2606smaldmcdsl\n|t:|1697496569\n|gametype|doubles\n|player|p1|reposkull|n|1101\n|player|p2|smaldmcdsl|169|1000\n|teamsize|p1|6\n|teamsize|p2|6\n|gen|9\n|tier|[Gen 9] Doubles OU\n|rated|\n|rule|Species Clause: Limit one of each Pok\u00e9mon\n|rule|OHKO Clause: OHKO moves are banned\n|rule|Evasion Moves Clause: Evasion moves are banned\n|rule|Gravity Sleep Clause: The combination of sleep-inducing moves with imperfect accuracy and Gravity or Gigantamax Orbeetle are banned\n|rule|Endless Battle Clause: Forcing endless battles is banned\n|rule|HP Percentage Mod: HP is shown in percentages\n|clearpoke\n|poke|p1|Basculegion, M|\n|poke|p1|Quaquaval, F|\n|poke|p1|Pelipper, M|\n|poke|p1|Samurott-Hisui, F|\n|poke|p1|Kilowattrel, M|\n|poke|p1|Empoleon, F|\n|poke|p2|Chien-Pao|\n|poke|p2|Ogerpon, F|\n|poke|p2|Maushold|\n|poke|p2|Cresselia, F|\n|poke|p2|Heatran, M|\n|poke|p2|Kommo-o, M|\n|teampreview\n|\n|t:|1697496575\n|start\n|switch|p1a: Pelipper|Pelipper, M|100\/100\n|switch|p1b: Kilowattrel|Kilowattrel, M|100\/100\n|switch|p2a: Maushold|Maushold, shiny|100\/100\n|switch|p2b: Kommo-o|Kommo-o, M, shiny|100\/100\n|-weather|RainDance|[from] ability: Drizzle|[of] p1a: Pelipper\n|turn|1\n|inactive|Battle timer is ON: inactive players will automatically lose when time's up. (requested by smaldmcdsl)\n|\n|t:|1697496596\n|move|p2a: Maushold|Follow Me|p2a: Maushold\n|-singleturn|p2a: Maushold|move: Follow Me\n|move|p1b: Kilowattrel|Hurricane|p2a: Maushold\n|-damage|p2a: Maushold|33\/100\n|-start|p2a: Maushold|confusion\n|move|p2b: Kommo-o|Clangorous Soul|p2b: Kommo-o\n|-boost|p2b: Kommo-o|atk|1\n|-boost|p2b: Kommo-o|def|1\n|-boost|p2b: Kommo-o|spa|1\n|-boost|p2b: Kommo-o|spd|1\n|-boost|p2b: Kommo-o|spe|1\n|-damage|p2b: Kommo-o|68\/100\n|-enditem|p2b: Kommo-o|Throat Spray\n|-boost|p2b: Kommo-o|spa|1|[from] item: Throat Spray\n|move|p1a: Pelipper|Tailwind|p1a: Pelipper\n|-sidestart|p1: reposkull|move: Tailwind\n|\n|-weather|RainDance|[upkeep]\n|upkeep\n|turn|2\n|\n|t:|1697496618\n|-activate|p2a: Maushold|confusion\n|move|p2a: Maushold|Follow Me|p2a: Maushold\n|-singleturn|p2a: Maushold|move: Follow Me\n|move|p1b: Kilowattrel|Hurricane|p2a: Maushold\n|-damage|p2a: Maushold|0 fnt\n|faint|p2a: Maushold\n|move|p2b: Kommo-o|Boomburst|p1a: Pelipper|[spread] p1a,p1b\n|-crit|p1a: Pelipper\n|-damage|p1a: Pelipper|0 fnt\n|-enditem|p1b: Kilowattrel|Focus Sash\n|-damage|p1b: Kilowattrel|1\/100\n|faint|p1a: Pelipper\n|\n|-weather|RainDance|[upkeep]\n|upkeep\n|\n|t:|1697496636\n|switch|p2a: Chien-Pao|Chien-Pao|100\/100\n|switch|p1a: Quaquaval|Quaquaval, F|100\/100\n|-ability|p2a: Chien-Pao|Sword of Ruin\n|turn|3\n|\n|t:|1697496655\n|move|p2a: Chien-Pao|Sucker Punch|p1b: Kilowattrel\n|-damage|p1b: Kilowattrel|0 fnt\n|faint|p1b: Kilowattrel\n|move|p1a: Quaquaval|Aqua Step|p2b: Kommo-o\n|-resisted|p2b: Kommo-o\n|-damage|p2b: Kommo-o|31\/100\n|-boost|p1a: Quaquaval|spe|1\n|move|p2b: Kommo-o|Clanging Scales|p1a: Quaquaval\n|-damage|p1a: Quaquaval|0 fnt\n|faint|p1a: Quaquaval\n|-unboost|p2b: Kommo-o|def|1\n|\n|-weather|RainDance|[upkeep]\n|upkeep\n|\n|t:|1697496668\n|switch|p1b: Empoleon|Empoleon, F|100\/100\n|switch|p1a: Basculegion|Basculegion, M|100\/100\n|turn|4\n|\n|t:|1697496682\n|move|p2a: Chien-Pao|Sucker Punch|p1a: Basculegion\n|-supereffective|p1a: Basculegion\n|-damage|p1a: Basculegion|0 fnt\n|faint|p1a: Basculegion\n|move|p2b: Kommo-o|Drain Punch|p1b: Empoleon\n|-supereffective|p1b: Empoleon\n|-damage|p1b: Empoleon|6\/100\n|-heal|p2b: Kommo-o|86\/100|[from] drain|[of] p1b: Empoleon\n|move|p1b: Empoleon|Agility|p1b: Empoleon\n|-boost|p1b: Empoleon|spe|2\n|\n|-weather|RainDance|[upkeep]\n|-heal|p1b: Empoleon|13\/100|[from] item: Leftovers\n|-sideend|p1: reposkull|move: Tailwind\n|upkeep\n|-message|reposkull forfeited.\n|\n|win|smaldmcdsl\n|raw|reposkull's rating: 1101 &rarr; <strong>1069<\/strong><br \/>(-32 for losing)\n|raw|smaldmcdsl's rating: 1000 &rarr; <strong>1051<\/strong><br \/>(+51 for winning)\n|l|\u2606reposkull\n","uploadtime":1697496717,"views":18,"p1id":"reposkull","p2id":"smaldmcdsl","formatid":"gen9doublesou","rating":1051,"private":0,"password":""}