{"id":"gen9doublesou-1978202037","p1":"cotesmcgotes","p2":"murmurxxx","format":"[Gen 9] Doubles OU","log":"|j|\u2606cotesmcgotes\n|j|\u2606murmurxxx\n|t:|1698512062\n|gametype|doubles\n|player|p1|cotesmcgotes|flannery|1433\n|player|p2|murmurxxx|265|1340\n|teamsize|p1|6\n|teamsize|p2|6\n|gen|9\n|tier|[Gen 9] Doubles OU\n|rated|\n|rule|Species Clause: Limit one of each Pok\u00e9mon\n|rule|OHKO Clause: OHKO moves are banned\n|rule|Evasion Moves Clause: Evasion moves are banned\n|rule|Gravity Sleep Clause: The combination of sleep-inducing moves with imperfect accuracy and Gravity or Gigantamax Orbeetle are banned\n|rule|Endless Battle Clause: Forcing endless battles is banned\n|rule|HP Percentage Mod: HP is shown in percentages\n|clearpoke\n|poke|p1|Cresselia, F|\n|poke|p1|Enamorus-Therian, F|\n|poke|p1|Ogerpon-Hearthflame, F|\n|poke|p1|Roaring Moon|\n|poke|p1|Great Tusk|\n|poke|p1|Manaphy|\n|poke|p2|Oranguru, M|\n|poke|p2|Torkoal, F|\n|poke|p2|Walking Wake|\n|poke|p2|Goodra-Hisui, F|\n|poke|p2|Dugtrio, M|\n|poke|p2|Chien-Pao|\n|teampreview\n|inactive|Battle timer is ON: inactive players will automatically lose when time's up. (requested by cotesmcgotes)\n|\n|t:|1698512079\n|start\n|switch|p1a: Roaring Moon|Roaring Moon|100\/100\n|switch|p1b: Great Tusk|Great Tusk|100\/100\n|switch|p2a: Oranguru|Oranguru, M|100\/100\n|switch|p2b: Torkoal|Torkoal, F|100\/100\n|-weather|SunnyDay|[from] ability: Drought|[of] p2b: Torkoal\n|-activate|p1a: Roaring Moon|ability: Protosynthesis\n|-start|p1a: Roaring Moon|protosynthesisatk\n|-activate|p1b: Great Tusk|ability: Protosynthesis\n|-start|p1b: Great Tusk|protosynthesisatk\n|turn|1\n|\n|t:|1698512099\n|-terastallize|p2b: Torkoal|Fire\n|move|p1a: Roaring Moon|Crunch|p2a: Oranguru\n|-supereffective|p2a: Oranguru\n|-damage|p2a: Oranguru|0 fnt\n|faint|p2a: Oranguru\n|move|p1b: Great Tusk|Headlong Rush|p2b: Torkoal\n|-supereffective|p2b: Torkoal\n|-damage|p2b: Torkoal|0 fnt\n|-unboost|p1b: Great Tusk|def|1\n|-unboost|p1b: Great Tusk|spd|1\n|faint|p2b: Torkoal\n|\n|-weather|SunnyDay|[upkeep]\n|upkeep\n|-message|murmurxxx forfeited.\n|\n|win|cotesmcgotes\n|raw|cotesmcgotes's rating: 1433 &rarr; <strong>1448<\/strong><br \/>(+15 for winning)\n|raw|murmurxxx's rating: 1340 &rarr; <strong>1325<\/strong><br \/>(-15 for losing)\n|l|\u2606murmurxxx\n","uploadtime":1698512110,"views":16,"p1id":"cotesmcgotes","p2id":"murmurxxx","formatid":"gen9doublesou","rating":1325,"private":0,"password":""}