{"id":"gen9doublesou-1991470813","p1":"Vagos69420","p2":"bananaszn","format":"[Gen 9] Doubles OU","log":"|j|\u2606Vagos69420\n|j|\u2606bananaszn\n|t:|1700079961\n|gametype|doubles\n|player|p1|Vagos69420|fisherman-gen4|1089\n|player|p2|bananaszn|brycen|1220\n|teamsize|p1|6\n|teamsize|p2|6\n|gen|9\n|tier|[Gen 9] Doubles OU\n|rated|\n|rule|Species Clause: Limit one of each Pok\u00e9mon\n|rule|OHKO Clause: OHKO moves are banned\n|rule|Evasion Moves Clause: Evasion moves are banned\n|rule|Gravity Sleep Clause: The combination of sleep-inducing moves with imperfect accuracy and Gravity or Gigantamax Orbeetle are banned\n|rule|Endless Battle Clause: Forcing endless battles is banned\n|rule|HP Percentage Mod: HP is shown in percentages\n|clearpoke\n|poke|p1|Chandelure, M|\n|poke|p1|Tornadus, M|\n|poke|p1|Amoonguss, M|\n|poke|p1|Palafin, M|\n|poke|p1|Regieleki|\n|poke|p1|Garchomp, M|\n|poke|p2|Glimmora, F|\n|poke|p2|Tyranitar, M|\n|poke|p2|Amoonguss, F|\n|poke|p2|Heatran, M|\n|poke|p2|Landorus, M|\n|poke|p2|Cresselia, F|\n|teampreview\n|inactive|Battle timer is ON: inactive players will automatically lose when time's up. (requested by bananaszn)\n|\n|t:|1700079979\n|start\n|switch|p1a: Palafin|Palafin, M, shiny|100\/100\n|switch|p1b: Regieleki|Regieleki, shiny|100\/100\n|switch|p2a: Trippie Redd|Tyranitar, M|100\/100\n|switch|p2b: Oran Berry|Glimmora, F|100\/100\n|-weather|Sandstorm|[from] ability: Sand Stream|[of] p2a: Trippie Redd\n|turn|1\n|\n|t:|1700080003\n|move|p2a: Trippie Redd|Protect|p2a: Trippie Redd\n|-singleturn|p2a: Trippie Redd|Protect\n|move|p1b: Regieleki|Electroweb|p2b: Oran Berry|[spread] p2b\n|-activate|p2a: Trippie Redd|move: Protect\n|-damage|p2b: Oran Berry|81\/100\n|-unboost|p2b: Oran Berry|spe|1\n|move|p1a: Palafin|Flip Turn|p2a: Trippie Redd\n|-activate|p2a: Trippie Redd|move: Protect\n|move|p2b: Oran Berry|Mortal Spin|p1b: Regieleki|[spread] p1a,p1b\n|-damage|p1a: Palafin|94\/100\n|-damage|p1b: Regieleki|92\/100\n|-status|p1a: Palafin|psn\n|-status|p1b: Regieleki|psn\n|\n|-weather|Sandstorm|[upkeep]\n|-damage|p1b: Regieleki|86\/100 psn|[from] Sandstorm\n|-damage|p1a: Palafin|88\/100 psn|[from] Sandstorm\n|-damage|p1b: Regieleki|73\/100 psn|[from] psn\n|-damage|p1a: Palafin|76\/100 psn|[from] psn\n|upkeep\n|turn|2\n|\n|t:|1700080028\n|switch|p2a: Ball Guy|Amoonguss, F, shiny|100\/100\n|move|p2b: Oran Berry|Spiky Shield|p2b: Oran Berry\n|-singleturn|p2b: Oran Berry|move: Protect\n|move|p1b: Regieleki|Electroweb|p2a: Ball Guy|[spread] p2a\n|-activate|p2b: Oran Berry|move: Protect\n|-resisted|p2a: Ball Guy\n|-damage|p2a: Ball Guy|89\/100\n|-unboost|p2a: Ball Guy|spe|1\n|move|p1a: Palafin|Flip Turn|p2a: Ball Guy\n|-resisted|p2a: Ball Guy\n|-damage|p2a: Ball Guy|80\/100\n|\n|t:|1700080043\n|detailschange|p1a: Palafin|Palafin-Hero, M, shiny\n|switch|p1a: Garchomp|Garchomp, M|100\/100|[from] Flip Turn\n|\n|-weather|Sandstorm|[upkeep]\n|-damage|p1b: Regieleki|67\/100 psn|[from] Sandstorm\n|-damage|p2a: Ball Guy|74\/100|[from] Sandstorm\n|-damage|p1b: Regieleki|55\/100 psn|[from] psn\n|upkeep\n|turn|3\n|\n|t:|1700080068\n|switch|p2b: ROOT BEER|Landorus, M|100\/100\n|move|p1b: Regieleki|Explosion|p2a: Ball Guy|[spread] p1a,p2a,p2b\n|-damage|p1a: Garchomp|60\/100\n|-damage|p2a: Ball Guy|43\/100\n|-damage|p2b: ROOT BEER|52\/100\n|-enditem|p2a: Ball Guy|Sitrus Berry|[eat]\n|-heal|p2a: Ball Guy|68\/100|[from] item: Sitrus Berry\n|faint|p1b: Regieleki\n|move|p1a: Garchomp|Earthquake|p2b: ROOT BEER|[spread] p2a\n|-immune|p2b: ROOT BEER\n|-damage|p2a: Ball Guy|37\/100\n|move|p2a: Ball Guy|Spore|p1a: Garchomp\n|-status|p1a: Garchomp|slp|[from] move: Spore\n|\n|-weather|Sandstorm|[upkeep]\n|-damage|p2a: Ball Guy|31\/100|[from] Sandstorm\n|-heal|p2b: ROOT BEER|58\/100|[from] item: Leftovers\n|upkeep\n|\n|t:|1700080087\n|switch|p1b: Chandelure|Chandelure, M|100\/100\n|turn|4\n|\n|t:|1700080102\n|switch|p2a: Gobba Goo|Heatran, M, shiny|100\/100\n|cant|p1a: Garchomp|slp\n|move|p2b: ROOT BEER|Earth Power|p1b: Chandelure\n|-supereffective|p1b: Chandelure\n|-damage|p1b: Chandelure|0 fnt\n|faint|p1b: Chandelure\n|\n|-weather|Sandstorm|[upkeep]\n|-heal|p2b: ROOT BEER|64\/100|[from] item: Leftovers\n|upkeep\n|-message|Vagos69420 forfeited.\n|\n|win|bananaszn\n|raw|Vagos69420's rating: 1089 &rarr; <strong>1074<\/strong><br \/>(-15 for losing)\n|raw|bananaszn's rating: 1220 &rarr; <strong>1236<\/strong><br \/>(+16 for winning)\n|l|\u2606Vagos69420\n","uploadtime":1700080115,"views":18,"p1id":"vagos69420","p2id":"bananaszn","formatid":"gen9doublesou","rating":1074,"private":0,"password":""}