{"id":"gen9doublesou-1979755248","p1":"skinnydoucheda","p2":"pignitewaggy","format":"[Gen 9] Doubles OU","log":"|j|\u2606skinnydoucheda\n|j|\u2606pignitewaggy\n|t:|1698709878\n|gametype|doubles\n|player|p1|skinnydoucheda|2|1038\n|player|p2|pignitewaggy|bellelba|1116\n|teamsize|p1|6\n|teamsize|p2|6\n|gen|9\n|tier|[Gen 9] Doubles OU\n|rated|\n|rule|Species Clause: Limit one of each Pok\u00e9mon\n|rule|OHKO Clause: OHKO moves are banned\n|rule|Evasion Moves Clause: Evasion moves are banned\n|rule|Gravity Sleep Clause: The combination of sleep-inducing moves with imperfect accuracy and Gravity or Gigantamax Orbeetle are banned\n|rule|Endless Battle Clause: Forcing endless battles is banned\n|rule|HP Percentage Mod: HP is shown in percentages\n|clearpoke\n|poke|p1|Glimmora, F|\n|poke|p1|Politoed, F|\n|poke|p1|Sneasler, M|\n|poke|p1|Froslass, F|\n|poke|p1|Tinkaton, F|\n|poke|p1|Greninja-*, M|\n|poke|p2|Ogerpon-Wellspring, F|\n|poke|p2|Thundurus-Therian, M|\n|poke|p2|Sinistcha|\n|poke|p2|Raichu, F|\n|poke|p2|Pincurchin, F|\n|poke|p2|Golem-Alola, M|\n|teampreview\n|\n|t:|1698709889\n|start\n|switch|p1a: Glimmora|Glimmora, F|100\/100\n|switch|p1b: Froslass|Froslass, F|100\/100\n|switch|p2a: Golem|Golem-Alola, M|100\/100\n|switch|p2b: Raichu|Raichu, F|100\/100\n|turn|1\n|\n|t:|1698709917\n|move|p1b: Froslass|Spikes|p2a: Golem\n|-sidestart|p2: pignitewaggy|Spikes\n|move|p2b: Raichu|Discharge|p1b: Froslass|[spread] p2a,p1a,p1b\n|-resisted|p2a: Golem\n|-damage|p2a: Golem|84\/100\n|-damage|p1a: Glimmora|59\/100\n|-damage|p1b: Froslass|54\/100\n|-status|p1a: Glimmora|par\n|move|p1a: Glimmora|Stealth Rock|p2a: Golem\n|-sidestart|p2: pignitewaggy|move: Stealth Rock\n|move|p2a: Golem|Explosion|p1a: Glimmora|[spread] p1a,p1b\n|-ability|p2b: Raichu|Lightning Rod|boost\n|-boost|p2b: Raichu|spa|1\n|-damage|p1a: Glimmora|0 fnt\n|-damage|p1b: Froslass|0 fnt\n|-activate|p1a: Glimmora|ability: Toxic Debris\n|-sidestart|p2: pignitewaggy|move: Toxic Spikes\n|faint|p2a: Golem\n|faint|p1a: Glimmora\n|faint|p1b: Froslass\n|\n|upkeep\n|\n|t:|1698709945\n|switch|p1b: Sneasler|Sneasler, M|100\/100\n|switch|p1a: Tinkaton|Tinkaton, F|100\/100\n|switch|p2a: Pincurchin|Pincurchin, F|100\/100\n|-ability|p1a: Tinkaton|Mold Breaker\n|-damage|p2a: Pincurchin|88\/100|[from] Spikes\n|-damage|p2a: Pincurchin|76\/100|[from] Stealth Rock\n|-status|p2a: Pincurchin|psn\n|turn|2\n|\n|t:|1698709967\n|move|p1a: Tinkaton|Fake Out|p2b: Raichu\n|-damage|p2b: Raichu|79\/100\n|move|p1b: Sneasler|Fling|p2a: Pincurchin\n|-damage|p2a: Pincurchin|14\/100 psn\n|-enditem|p1b: Sneasler|Big Nugget|[from] move: Fling\n|cant|p2b: Raichu|flinch\n|move|p2a: Pincurchin|Discharge|p1a: Tinkaton|[spread] p1a,p1b\n|-ability|p2b: Raichu|Lightning Rod|boost\n|-boost|p2b: Raichu|spa|1\n|-crit|p1b: Sneasler\n|-damage|p1a: Tinkaton|79\/100\n|-damage|p1b: Sneasler|29\/100\n|-status|p1a: Tinkaton|par\n|-damage|p2a: Pincurchin|4\/100 psn|[from] item: Life Orb\n|\n|-damage|p2a: Pincurchin|0 fnt|[from] psn\n|faint|p2a: Pincurchin\n|upkeep\n|\n|t:|1698709987\n|switch|p2a: Ogerpon|Ogerpon-Wellspring, F|100\/100\n|-damage|p2a: Ogerpon|88\/100|[from] Spikes\n|-damage|p2a: Ogerpon|76\/100|[from] Stealth Rock\n|-status|p2a: Ogerpon|psn\n|turn|3\n|\n|t:|1698709998\n|move|p1b: Sneasler|Dire Claw|p2a: Ogerpon\n|-supereffective|p2a: Ogerpon\n|-damage|p2a: Ogerpon|0 fnt\n|faint|p2a: Ogerpon\n|move|p2b: Raichu|Surf|p1b: Sneasler|[spread] p1a,p1b\n|-damage|p1a: Tinkaton|59\/100 par\n|-damage|p1b: Sneasler|0 fnt\n|faint|p1b: Sneasler\n|cant|p1a: Tinkaton|par\n|\n|upkeep\n|inactive|Battle timer is ON: inactive players will automatically lose when time's up. (requested by skinnydoucheda)\n|\n|t:|1698710012\n|switch|p2a: Thundurus|Thundurus-Therian, M, shiny|100\/100\n|switch|p1b: Politoed|Politoed, F|100\/100\n|-damage|p2a: Thundurus|76\/100|[from] Stealth Rock\n|-weather|RainDance|[from] ability: Drizzle|[of] p1b: Politoed\n|turn|4\n|\n|t:|1698710025\n|move|p2a: Thundurus|Discharge|p1b: Politoed|[spread] p1a,p1b\n|-ability|p2b: Raichu|Lightning Rod|boost\n|-boost|p2b: Raichu|spa|1\n|-supereffective|p1b: Politoed\n|-damage|p1a: Tinkaton|38\/100 par\n|-damage|p1b: Politoed|36\/100\n|-status|p1b: Politoed|par\n|-enditem|p1b: Politoed|Eject Button\n|\n|t:|1698710032\n|switch|p1b: Greninja|Greninja, M|100\/100\n|move|p2b: Raichu|Discharge|p1a: Tinkaton|[spread] p1a,p1b\n|-heal|p2a: Thundurus|100\/100|[from] ability: Volt Absorb|[of] p2b: Raichu\n|-supereffective|p1b: Greninja\n|-damage|p1a: Tinkaton|0 fnt\n|-damage|p1b: Greninja|0 fnt\n|faint|p1a: Tinkaton\n|faint|p1b: Greninja\n|\n|-weather|RainDance|[upkeep]\n|upkeep\n|-message|skinnydoucheda forfeited.\n|\n|win|pignitewaggy\n|raw|skinnydoucheda's rating: 1038 &rarr; <strong>1026<\/strong><br \/>(-12 for losing)\n|raw|pignitewaggy's rating: 1116 &rarr; <strong>1135<\/strong><br \/>(+19 for winning)\n|l|\u2606skinnydoucheda\n","uploadtime":1698710051,"views":14,"p1id":"skinnydoucheda","p2id":"pignitewaggy","formatid":"gen9doublesou","rating":1026,"private":0,"password":""}