{"id":"gen9doublesou-1991928076","p1":"cotesmcgotes","p2":"KingFred00","format":"[Gen 9] Doubles OU","log":"|j|\u2606cotesmcgotes\n|j|\u2606KingFred00\n|t:|1700139221\n|gametype|doubles\n|player|p1|cotesmcgotes|flannery|1245\n|player|p2|KingFred00|101|1160\n|teamsize|p1|6\n|teamsize|p2|6\n|gen|9\n|tier|[Gen 9] Doubles OU\n|rated|\n|rule|Species Clause: Limit one of each Pok\u00e9mon\n|rule|OHKO Clause: OHKO moves are banned\n|rule|Evasion Moves Clause: Evasion moves are banned\n|rule|Gravity Sleep Clause: The combination of sleep-inducing moves with imperfect accuracy and Gravity or Gigantamax Orbeetle are banned\n|rule|Endless Battle Clause: Forcing endless battles is banned\n|rule|HP Percentage Mod: HP is shown in percentages\n|clearpoke\n|poke|p1|Cresselia, F|\n|poke|p1|Pelipper, F|\n|poke|p1|Overqwil, M|\n|poke|p1|Glimmora, F|\n|poke|p1|Iron Hands|\n|poke|p1|Baxcalibur, M|\n|poke|p2|Oranguru, M|\n|poke|p2|Sinistcha|\n|poke|p2|Farigiraf, F|\n|poke|p2|Grimmsnarl, M|\n|poke|p2|Vikavolt, F|\n|poke|p2|Dusclops, F|\n|teampreview\n|\n|t:|1700139235\n|start\n|switch|p1a: Iron Hands|Iron Hands|100\/100\n|switch|p1b: Overqwil|Overqwil, M|100\/100\n|switch|p2a: Oranguru|Oranguru, M|100\/100\n|switch|p2b: Farigiraf|Farigiraf, F|100\/100\n|turn|1\n|inactive|Battle timer is ON: inactive players will automatically lose when time's up. (requested by cotesmcgotes)\n|\n|t:|1700139254\n|move|p1b: Overqwil|Crunch|p2b: Farigiraf\n|-supereffective|p2b: Farigiraf\n|-damage|p2b: Farigiraf|14\/100\n|move|p1a: Iron Hands|Iron Head|p2a: Oranguru\n|-damage|p2a: Oranguru|75\/100\n|move|p2b: Farigiraf|Calm Mind|p2b: Farigiraf\n|-boost|p2b: Farigiraf|spa|1\n|-boost|p2b: Farigiraf|spd|1\n|move|p2a: Oranguru|Trick Room|p2a: Oranguru\n|-fieldstart|move: Trick Room|[of] p2a: Oranguru\n|\n|-heal|p2a: Oranguru|81\/100|[from] item: Leftovers\n|upkeep\n|turn|2\n|-message|KingFred00 forfeited.\n|\n|win|cotesmcgotes\n|raw|cotesmcgotes's rating: 1245 &rarr; <strong>1264<\/strong><br \/>(+19 for winning)\n|raw|KingFred00's rating: 1160 &rarr; <strong>1141<\/strong><br \/>(-19 for losing)\n|l|\u2606KingFred00\n","uploadtime":1700139268,"views":5,"p1id":"cotesmcgotes","p2id":"kingfred00","formatid":"gen9doublesou","rating":1141,"private":0,"password":""}