{"id":"gen9doublesou-1968681942","p1":"imbluedabaseel","p2":"cgtuh.ocgoj\u201dfyxtg9","format":"[Gen 9] Doubles OU","log":"|j|\u2606imbluedabaseel\n|j|\u2606cgtuh.ocgoj\u201dfyxtg9\n|t:|1697452837\n|gametype|doubles\n|player|p1|imbluedabaseel|red|1027\n|player|p2|cgtuh.ocgoj\u201dfyxtg9|101|1093\n|teamsize|p1|6\n|teamsize|p2|6\n|gen|9\n|tier|[Gen 9] Doubles OU\n|rated|\n|rule|Species Clause: Limit one of each Pok\u00e9mon\n|rule|OHKO Clause: OHKO moves are banned\n|rule|Evasion Moves Clause: Evasion moves are banned\n|rule|Gravity Sleep Clause: The combination of sleep-inducing moves with imperfect accuracy and Gravity or Gigantamax Orbeetle are banned\n|rule|Endless Battle Clause: Forcing endless battles is banned\n|rule|HP Percentage Mod: HP is shown in percentages\n|clearpoke\n|poke|p1|Baxcalibur, M|\n|poke|p1|Inteleon, F|\n|poke|p1|Okidogi, M|\n|poke|p1|Kilowattrel, F|\n|poke|p1|Thundurus, M|\n|poke|p1|Sinistcha|\n|poke|p2|Talonflame, F|\n|poke|p2|Meowscarada, M|\n|poke|p2|Shiftry, F|\n|poke|p2|Dragonite, F|\n|poke|p2|Ribombee, M|\n|poke|p2|Brambleghast, F|\n|teampreview\n|inactive|Battle timer is ON: inactive players will automatically lose when time's up. (requested by imbluedabaseel)\n|\n|t:|1697452847\n|start\n|switch|p1a: Kilowattrel|Kilowattrel, F, shiny|100\/100\n|switch|p1b: Sinistcha|Sinistcha|100\/100\n|switch|p2a: Talonflame|Talonflame, F|100\/100\n|switch|p2b: Shiftry|Shiftry, F|100\/100\n|turn|1\n|\n|t:|1697452861\n|move|p2a: Talonflame|Tailwind|p2a: Talonflame\n|-sidestart|p2: cgtuh.ocgoj\u201dfyxtg9|move: Tailwind\n|-ability|p2b: Shiftry|Wind Rider|boost\n|-boost|p2b: Shiftry|atk|1\n|move|p2b: Shiftry|Rock Slide|p1a: Kilowattrel|[spread] p1b\n|-miss|p2b: Shiftry|p1a: Kilowattrel\n|-damage|p1b: Sinistcha|77\/100\n|move|p1a: Kilowattrel|Tailwind|p1a: Kilowattrel\n|-sidestart|p1: imbluedabaseel|move: Tailwind\n|cant|p1b: Sinistcha|flinch\n|\n|-heal|p1b: Sinistcha|83\/100|[from] item: Leftovers\n|upkeep\n|turn|2\n|\n|t:|1697452884\n|move|p2a: Talonflame|Air Slash|p1b: Sinistcha\n|-supereffective|p1b: Sinistcha\n|-damage|p1b: Sinistcha|37\/100\n|move|p1a: Kilowattrel|Hurricane|p2b: Shiftry\n|-ability|p2b: Shiftry|Wind Rider|boost\n|-boost|p2b: Shiftry|atk|1\n|move|p2b: Shiftry|Rock Slide|p1b: Sinistcha|[spread] p1a,p1b\n|-supereffective|p1a: Kilowattrel\n|-damage|p1a: Kilowattrel|0 fnt\n|-damage|p1b: Sinistcha|7\/100\n|faint|p1a: Kilowattrel\n|cant|p1b: Sinistcha|flinch\n|\n|-heal|p1b: Sinistcha|14\/100|[from] item: Leftovers\n|upkeep\n|-message|imbluedabaseel forfeited.\n|\n|win|cgtuh.ocgoj\u201dfyxtg9\n|raw|imbluedabaseel's rating: 1027 &rarr; <strong>1016<\/strong><br \/>(-11 for losing)\n|raw|cgtuh.ocgoj\u201dfyxtg9's rating: 1093 &rarr; <strong>1114<\/strong><br \/>(+21 for winning)\n|l|\u2606imbluedabaseel\n|c|\u2606cgtuh.ocgoj\u201dfyxtg9|thank you!\n","uploadtime":1697452904,"views":14,"p1id":"imbluedabaseel","p2id":"cgtuhocgojfyxtg9","formatid":"gen9doublesou","rating":1016,"private":0,"password":""}