{"id":"gen9doublesou-1968442112","p1":"Haneoka_Meimi","p2":"bigm55","format":"[Gen 9] Doubles OU","log":"|j|\u2606Haneoka_Meimi\n|j|\u2606bigm55\n|t:|1697418985\n|gametype|doubles\n|player|p1|Haneoka_Meimi|102|1073\n|player|p2|bigm55|1|1000\n|teamsize|p1|6\n|teamsize|p2|6\n|gen|9\n|tier|[Gen 9] Doubles OU\n|rated|\n|rule|Species Clause: Limit one of each Pok\u00e9mon\n|rule|OHKO Clause: OHKO moves are banned\n|rule|Evasion Moves Clause: Evasion moves are banned\n|rule|Gravity Sleep Clause: The combination of sleep-inducing moves with imperfect accuracy and Gravity or Gigantamax Orbeetle are banned\n|rule|Endless Battle Clause: Forcing endless battles is banned\n|rule|HP Percentage Mod: HP is shown in percentages\n|clearpoke\n|poke|p1|Ogerpon-Wellspring, F|\n|poke|p1|Ursaluna-Bloodmoon, M|\n|poke|p1|Armarouge, M|\n|poke|p1|Tornadus, M|\n|poke|p1|Iron Hands|\n|poke|p1|Iron Bundle|\n|poke|p2|Sableye, M|\n|poke|p2|Ting-Lu|\n|poke|p2|Kingambit, M|\n|poke|p2|Hydreigon, M|\n|poke|p2|Meowscarada, F|\n|poke|p2|Chien-Pao|\n|teampreview\n|inactive|Battle timer is ON: inactive players will automatically lose when time's up. (requested by bigm55)\n|\n|t:|1697419004\n|start\n|switch|p1a: Ogerpon|Ogerpon-Wellspring, F|100\/100\n|switch|p1b: Ursaluna|Ursaluna-Bloodmoon, M|100\/100\n|switch|p2a: Ting-Lu|Ting-Lu|100\/100\n|switch|p2b: Chien-Pao|Chien-Pao|100\/100\n|-ability|p2b: Chien-Pao|Sword of Ruin\n|-ability|p2a: Ting-Lu|Vessel of Ruin\n|turn|1\n|l|\u2606Haneoka_Meimi\n|inactive|Haneoka_Meimi disconnected and has a minute to reconnect!\n|player|p1|\n|inactive|bigm55 has 120 seconds left.\n|j|\u2606Haneoka_Meimi\n|inactive|Haneoka_Meimi reconnected and has 115 seconds left.\n|player|p1|Haneoka_Meimi|102\n|\n|t:|1697419054\n|-terastallize|p1b: Ursaluna|Normal\n|move|p2b: Chien-Pao|Swords Dance|p2b: Chien-Pao\n|-boost|p2b: Chien-Pao|atk|2\n|move|p1a: Ogerpon|Horn Leech|p2a: Ting-Lu\n|-supereffective|p2a: Ting-Lu\n|-damage|p2a: Ting-Lu|35\/100\n|move|p1b: Ursaluna|Hyper Voice|p2b: Chien-Pao|[spread] p2a,p2b\n|-damage|p2a: Ting-Lu|0 fnt\n|-damage|p2b: Chien-Pao|11\/100\n|faint|p2a: Ting-Lu\n|\n|upkeep\n|\n|t:|1697419068\n|switch|p2a: Sableye|Sableye, M|100\/100\n|turn|2\n|inactive|bigm55 has 120 seconds left.\n|\n|t:|1697419088\n|move|p1a: Ogerpon|Follow Me|p1a: Ogerpon\n|-singleturn|p1a: Ogerpon|move: Follow Me\n|move|p2b: Chien-Pao|Icicle Crash|p1a: Ogerpon|[miss]\n|-miss|p2b: Chien-Pao|p1a: Ogerpon\n|move|p1b: Ursaluna|Hyper Voice|p2a: Sableye|[spread] p2a,p2b\n|-damage|p2a: Sableye|0 fnt\n|-damage|p2b: Chien-Pao|0 fnt\n|faint|p2a: Sableye\n|faint|p2b: Chien-Pao\n|\n|upkeep\n|inactive|bigm55 has 120 seconds left.\n|-message|bigm55 forfeited.\n|\n|win|Haneoka_Meimi\n|raw|Haneoka_Meimi's rating: 1073 &rarr; <strong>1096<\/strong><br \/>(+23 for winning)\n|raw|bigm55's rating: 1000 &rarr; <strong>1000<\/strong><br \/>(+0 for losing)\n","uploadtime":1697419107,"views":10,"p1id":"haneokameimi","p2id":"bigm55","formatid":"gen9doublesou","rating":1000,"private":0,"password":""}