{"id":"gen9doublesou-1998786199","p1":"randomness3535","p2":"Abubakrcl7","format":"[Gen 9] Doubles OU","log":"|j|\u2606randomness3535\n|j|\u2606Abubakrcl7\n|inactive|Battle timer is ON: inactive players will automatically lose when time's up.\n|t:|1700990582\n|gametype|doubles\n|player|p1|randomness3535|hilbert|\n|player|p2|Abubakrcl7|red|\n|teamsize|p1|2\n|teamsize|p2|2\n|gen|9\n|tier|[Gen 9] Doubles OU\n|rated|Tournament battle\n|rule|Species Clause: Limit one of each Pok\u00e9mon\n|rule|OHKO Clause: OHKO moves are banned\n|rule|Evasion Moves Clause: Evasion moves are banned\n|rule|Gravity Sleep Clause: The combination of sleep-inducing moves with imperfect accuracy and Gravity or Gigantamax Orbeetle are banned\n|rule|Endless Battle Clause: Forcing endless battles is banned\n|rule|HP Percentage Mod: HP is shown in percentages\n|clearpoke\n|poke|p1|Foongus, M|\n|poke|p1|Gimmighoul-Roaming|\n|poke|p2|Staravia, M|\n|poke|p2|Growlithe, M|\n|teampreview\n|j|*Lady Monita \u2746\n|c|\u2606Abubakrcl7|glhf\n|\n|t:|1700990587\n|start\n|switch|p1a: Foongus|Foongus, M|100\/100\n|switch|p1b: Gimmighoul|Gimmighoul-Roaming|100\/100\n|switch|p2a: Staravia|Staravia, M, shiny|100\/100\n|switch|p2b: Growlithe|Growlithe, M, shiny|100\/100\n|-ability|p2a: Staravia|Intimidate|boost\n|-unboost|p1a: Foongus|atk|1\n|-unboost|p1b: Gimmighoul|atk|1\n|-ability|p2b: Growlithe|Intimidate|boost\n|-unboost|p1a: Foongus|atk|1\n|-unboost|p1b: Gimmighoul|atk|1\n|turn|1\n|c|\u2606randomness3535|glhf\n|c|\u2606randomness3535|double intim sheesh\n|j| CrusaderOfCalamity\n|inactive|randomness3535 has 120 seconds left.\n|inactive|Abubakrcl7 has 120 seconds left.\n|c|\u2606Abubakrcl7|physical attackers worst nightmare\n|j| ladymonitaishere\n|\n|t:|1700990643\n|move|p2b: Growlithe|Helping Hand|p2a: Staravia\n|-singleturn|p2a: Staravia|Helping Hand|[of] p2b: Growlithe\n|move|p1b: Gimmighoul|Protect|p1b: Gimmighoul\n|-singleturn|p1b: Gimmighoul|Protect\n|move|p2a: Staravia|Brave Bird|p1b: Gimmighoul\n|-activate|p1b: Gimmighoul|move: Protect\n|move|p1a: Foongus|Spore|p2a: Staravia\n|-status|p2a: Staravia|slp|[from] move: Spore\n|\n|upkeep\n|turn|2\n|inactive|Abubakrcl7 has 120 seconds left.\n|\n|t:|1700990665\n|cant|p2a: Staravia|slp\n|move|p1b: Gimmighoul|Power Gem|p2a: Staravia\n|-supereffective|p2a: Staravia\n|-damage|p2a: Staravia|4\/100 slp\n|-damage|p1b: Gimmighoul|91\/100|[from] item: Life Orb\n|move|p2b: Growlithe|Flare Blitz|p1a: Foongus\n|-supereffective|p1a: Foongus\n|-damage|p1a: Foongus|43\/100\n|-status|p2b: Growlithe|par|[from] ability: Effect Spore|[of] p1a: Foongus\n|-damage|p2b: Growlithe|77\/100 par|[from] Recoil\n|move|p1a: Foongus|Spore||[still]\n|-fail|p1a: Foongus\n|\n|upkeep\n|turn|3\n|inactive|randomness3535 has 120 seconds left.\n|inactive|Abubakrcl7 has 120 seconds left.\n|\n|t:|1700990684\n|move|p2b: Growlithe|Helping Hand|p2a: Staravia\n|-singleturn|p2a: Staravia|Helping Hand|[of] p2b: Growlithe\n|move|p1a: Foongus|Rage Powder|p1a: Foongus\n|-singleturn|p1a: Foongus|move: Rage Powder\n|cant|p2a: Staravia|slp\n|move|p1b: Gimmighoul|Power Gem|p2b: Growlithe\n|-supereffective|p2b: Growlithe\n|-damage|p2b: Growlithe|15\/100 par\n|-damage|p1b: Gimmighoul|81\/100|[from] item: Life Orb\n|\n|upkeep\n|turn|4\n|c|\u2606Abubakrcl7|gg\n|\n|t:|1700990700\n|move|p1a: Foongus|Rage Powder|p1a: Foongus\n|-singleturn|p1a: Foongus|move: Rage Powder\n|cant|p2a: Staravia|slp\n|move|p1b: Gimmighoul|Power Gem|p2a: Staravia\n|-supereffective|p2a: Staravia\n|-damage|p2a: Staravia|0 fnt\n|faint|p2a: Staravia\n|-damage|p1b: Gimmighoul|71\/100|[from] item: Life Orb\n|move|p2b: Growlithe|Flare Blitz|p1a: Foongus\n|-supereffective|p1a: Foongus\n|-damage|p1a: Foongus|0 fnt\n|faint|p1a: Foongus\n|-damage|p2b: Growlithe|0 fnt|[from] Recoil\n|faint|p2b: Growlithe\n|\n|win|randomness3535\n|n|\u2606randomness3535|randomness3535\n|n|\u2606Abubakrcl7|abubakrcl7\n|n|*Lady Monita \u2746|ladymonita\n|n| CrusaderOfCalamity|crusaderofcalamity\n|n| ladymonitaishere|ladymonitaishere\n","uploadtime":1700990701,"views":5,"p1id":"randomness3535","p2id":"abubakrcl7","formatid":"gen9doublesou","rating":0,"private":0,"password":""}