{"id":"gen9doublesou-1992949629","p1":"MatheusHetero","p2":"Sugreco31","format":"[Gen 9] Doubles OU","log":"|j|\u2606MatheusHetero\n|j|\u2606Sugreco31\n|t:|1700249523\n|gametype|doubles\n|player|p1|MatheusHetero|sage|1120\n|player|p2|Sugreco31|iris-gen5bw2|1116\n|teamsize|p1|6\n|teamsize|p2|6\n|gen|9\n|tier|[Gen 9] Doubles OU\n|rated|\n|rule|Species Clause: Limit one of each Pok\u00e9mon\n|rule|OHKO Clause: OHKO moves are banned\n|rule|Evasion Moves Clause: Evasion moves are banned\n|rule|Gravity Sleep Clause: The combination of sleep-inducing moves with imperfect accuracy and Gravity or Gigantamax Orbeetle are banned\n|rule|Endless Battle Clause: Forcing endless battles is banned\n|rule|HP Percentage Mod: HP is shown in percentages\n|clearpoke\n|poke|p1|Glimmora, F|\n|poke|p1|Ribombee, F|\n|poke|p1|Espathra, F|\n|poke|p1|Kingambit, F|\n|poke|p1|Palafin, M|\n|poke|p1|Meowscarada, F|\n|poke|p2|Raichu, F|\n|poke|p2|Jolteon, M|\n|poke|p2|Thundurus-Therian, M|\n|poke|p2|Oricorio-Sensu, M|\n|poke|p2|Volcarona, F|\n|poke|p2|Pikachu-Original, M|\n|teampreview\n|inactive|Battle timer is ON: inactive players will automatically lose when time's up. (requested by MatheusHetero)\n|\n|t:|1700249536\n|start\n|switch|p1a: Meowscarada|Meowscarada, F, shiny|100\/100\n|switch|p1b: Glimmora|Glimmora, F, shiny|100\/100\n|switch|p2a: Pikachu|Pikachu-Original, M|100\/100\n|switch|p2b: Raichu|Raichu, F|100\/100\n|turn|1\n|\n|t:|1700249551\n|move|p1a: Meowscarada|Skill Swap|p2b: Raichu\n|-activate|p1a: Meowscarada|move: Skill Swap|Lightning Rod|Overgrow|[of] p2b: Raichu\n|move|p2b: Raichu|Discharge|p1a: Meowscarada|[spread] p1b\n|-ability|p2a: Pikachu|Lightning Rod|boost\n|-boost|p2a: Pikachu|spa|1\n|-ability|p1a: Meowscarada|Lightning Rod|boost\n|-boost|p1a: Meowscarada|spa|1\n|-damage|p1b: Glimmora|63\/100\n|move|p1b: Glimmora|Stealth Rock|p2b: Raichu\n|-sidestart|p2: Sugreco31|move: Stealth Rock\n|move|p2a: Pikachu|Discharge|p1b: Glimmora|[spread] p2b,p1b\n|-ability|p1a: Meowscarada|Lightning Rod|boost\n|-boost|p1a: Meowscarada|spa|1\n|-resisted|p2b: Raichu\n|-damage|p2b: Raichu|63\/100\n|-damage|p1b: Glimmora|0 fnt\n|faint|p1b: Glimmora\n|\n|upkeep\n|\n|t:|1700249570\n|switch|p1b: Ribombee|Ribombee, F, shiny|100\/100\n|turn|2\n|inactive|Sugreco31 has 120 seconds left.\n|\n|t:|1700249616\n|move|p1a: Meowscarada|Flower Trick|p2a: Pikachu\n|-crit|p2a: Pikachu\n|-damage|p2a: Pikachu|0 fnt\n|faint|p2a: Pikachu\n|move|p1b: Ribombee|Sticky Web|p2b: Raichu\n|-sidestart|p2: Sugreco31|move: Sticky Web\n|move|p2b: Raichu|Discharge|p1b: Ribombee|[spread] p1b\n|-ability|p1a: Meowscarada|Lightning Rod|boost\n|-boost|p1a: Meowscarada|spa|1\n|-damage|p1b: Ribombee|60\/100\n|\n|upkeep\n|-message|Sugreco31 forfeited.\n|\n|win|MatheusHetero\n|raw|MatheusHetero's rating: 1120 &rarr; <strong>1145<\/strong><br \/>(+25 for winning)\n|raw|Sugreco31's rating: 1116 &rarr; <strong>1091<\/strong><br \/>(-25 for losing)\n|l|\u2606Sugreco31\n","uploadtime":1700249637,"views":9,"p1id":"matheushetero","p2id":"sugreco31","formatid":"gen9doublesou","rating":1091,"private":0,"password":""}