{"id":"gen9doublesou-1976220145","p1":"PrinceOberon","p2":"TangousKhan","format":"[Gen 9] Doubles OU","log":"|j|\u2606PrinceOberon\n|j|\u2606TangousKhan\n|t:|1698275177\n|gametype|doubles\n|player|p1|PrinceOberon|swimmer-gen4jp|1167\n|player|p2|TangousKhan|cilan|1178\n|teamsize|p1|6\n|teamsize|p2|6\n|gen|9\n|tier|[Gen 9] Doubles OU\n|rated|\n|rule|Species Clause: Limit one of each Pok\u00e9mon\n|rule|OHKO Clause: OHKO moves are banned\n|rule|Evasion Moves Clause: Evasion moves are banned\n|rule|Gravity Sleep Clause: The combination of sleep-inducing moves with imperfect accuracy and Gravity or Gigantamax Orbeetle are banned\n|rule|Endless Battle Clause: Forcing endless battles is banned\n|rule|HP Percentage Mod: HP is shown in percentages\n|clearpoke\n|poke|p1|Sableye, M|\n|poke|p1|Landorus-Therian, M|\n|poke|p1|Amoonguss, F|\n|poke|p1|Iron Hands|\n|poke|p1|Orthworm, F|\n|poke|p1|Electrode-Hisui|\n|poke|p2|Gliscor, M|\n|poke|p2|Snorlax, F|\n|poke|p2|Dusclops, M|\n|poke|p2|Ursaluna-Bloodmoon, M|\n|poke|p2|Dragonite, M|\n|poke|p2|Mimikyu, F|\n|teampreview\n|inactive|Battle timer is ON: inactive players will automatically lose when time's up. (requested by TangousKhan)\n|\n|t:|1698275204\n|start\n|switch|p1a: Iron Hands|Iron Hands|100\/100\n|switch|p1b: Electrode|Electrode-Hisui|100\/100\n|switch|p2a: Gliscor|Gliscor, M, shiny|100\/100\n|switch|p2b: Mimikyu|Mimikyu, F, shiny|100\/100\n|-enditem|p1a: Iron Hands|Booster Energy\n|-activate|p1a: Iron Hands|ability: Quark Drive|[fromitem]\n|-start|p1a: Iron Hands|quarkdriveatk\n|turn|1\n|\n|t:|1698275219\n|move|p1a: Iron Hands|Fake Out|p2a: Gliscor\n|-damage|p2a: Gliscor|84\/100\n|move|p1b: Electrode|Worry Seed|p2a: Gliscor\n|-endability|p2a: Gliscor|Poison Heal|[from] move: Worry Seed\n|-ability|p2a: Gliscor|Insomnia|[from] move: Worry Seed\n|move|p2b: Mimikyu|Hone Claws|p2b: Mimikyu\n|-boost|p2b: Mimikyu|atk|1\n|-boost|p2b: Mimikyu|accuracy|1\n|cant|p2a: Gliscor|flinch\n|\n|-status|p2a: Gliscor|tox|[from] item: Toxic Orb\n|upkeep\n|turn|2\n|inactive|TangousKhan has 120 seconds left.\n|inactive|PrinceOberon has 120 seconds left.\n|\n|t:|1698275261\n|move|p1b: Electrode|Volt Switch|p2b: Mimikyu\n|-activate|p2b: Mimikyu|ability: Disguise\n|-damage|p2b: Mimikyu|100\/100\n|detailschange|p2b: Mimikyu|Mimikyu-Busted, F, shiny\n|-damage|p2b: Mimikyu|88\/100|[from] pokemon: Mimikyu-Busted\n|\n|t:|1698275265\n|switch|p1b: Landorus|Landorus-Therian, M|100\/100|[from] Volt Switch\n|-ability|p1b: Landorus|Intimidate|boost\n|-unboost|p2a: Gliscor|atk|1\n|-unboost|p2b: Mimikyu|atk|1\n|move|p2b: Mimikyu|Leech Life|p1b: Landorus\n|-resisted|p1b: Landorus\n|-damage|p1b: Landorus|84\/100\n|-heal|p2b: Mimikyu|99\/100|[from] drain|[of] p1b: Landorus\n|-damage|p2b: Mimikyu|89\/100|[from] item: Life Orb\n|move|p2a: Gliscor|Earthquake|p1b: Landorus|[spread] p2b,p1a\n|-immune|p1b: Landorus\n|-supereffective|p1a: Iron Hands\n|-damage|p2b: Mimikyu|61\/100\n|-damage|p1a: Iron Hands|78\/100\n|move|p1a: Iron Hands|Wild Charge|p2b: Mimikyu\n|-damage|p2b: Mimikyu|0 fnt\n|faint|p2b: Mimikyu\n|-damage|p1a: Iron Hands|71\/100|[from] Recoil\n|\n|-damage|p2a: Gliscor|78\/100 tox|[from] psn\n|upkeep\n|inactive|TangousKhan has 90 seconds left.\n|\n|t:|1698275297\n|switch|p2b: Dragonite|Dragonite, M|100\/100\n|turn|3\n|\n|t:|1698275308\n|move|p1b: Landorus|Rock Slide|p2b: Dragonite|[spread] p2a,p2b\n|-supereffective|p2b: Dragonite\n|-damage|p2a: Gliscor|61\/100 tox\n|-damage|p2b: Dragonite|75\/100\n|-enditem|p2b: Dragonite|Weakness Policy\n|-boost|p2b: Dragonite|atk|2|[from] item: Weakness Policy\n|-boost|p2b: Dragonite|spa|2|[from] item: Weakness Policy\n|move|p2a: Gliscor|Knock Off|p1b: Landorus\n|-damage|p1b: Landorus|67\/100\n|-enditem|p1b: Landorus|Expert Belt|[from] move: Knock Off|[of] p2a: Gliscor\n|move|p2b: Dragonite|Dragon Dance|p2b: Dragonite\n|-boost|p2b: Dragonite|atk|1\n|-boost|p2b: Dragonite|spe|1\n|move|p1a: Iron Hands|Play Rough|p2b: Dragonite\n|-supereffective|p2b: Dragonite\n|-damage|p2b: Dragonite|0 fnt\n|faint|p2b: Dragonite\n|\n|-damage|p2a: Gliscor|49\/100 tox|[from] psn\n|upkeep\n|-message|TangousKhan forfeited.\n|\n|win|PrinceOberon\n|raw|PrinceOberon's rating: 1167 &rarr; <strong>1193<\/strong><br \/>(+26 for winning)\n|raw|TangousKhan's rating: 1178 &rarr; <strong>1152<\/strong><br \/>(-26 for losing)\n|l|\u2606TangousKhan\n","uploadtime":1698275331,"views":21,"p1id":"princeoberon","p2id":"tangouskhan","formatid":"gen9doublesou","rating":1152,"private":0,"password":""}