{"id":"gen9doublesou-1968175869","p1":"Justus1212","p2":"GatosLover","format":"[Gen 9] Doubles OU","log":"|html|<div class=\"broadcast-blue\"><strong>[Gen 9] Doubles OU is currently suspecting Basculegion & Flutter Mane! For information on how to participate check out the <a href=\"https:\/\/www.smogon.com\/forums\/threads\/np-sv-dou-stage-8-double-trouble.3729153\/\">suspect thread<\/a>.<\/strong><\/div>\n|j|\u2606Justus1212\n|j|\u2606GatosLover\n|t:|1697391816\n|gametype|doubles\n|player|p1|Justus1212|265|1093\n|player|p2|GatosLover|marnie|1197\n|teamsize|p1|6\n|teamsize|p2|6\n|gen|9\n|tier|[Gen 9] Doubles OU\n|rated|\n|rule|Species Clause: Limit one of each Pok\u00e9mon\n|rule|OHKO Clause: OHKO moves are banned\n|rule|Evasion Moves Clause: Evasion moves are banned\n|rule|Gravity Sleep Clause: The combination of sleep-inducing moves with imperfect accuracy and Gravity or Gigantamax Orbeetle are banned\n|rule|Endless Battle Clause: Forcing endless battles is banned\n|rule|HP Percentage Mod: HP is shown in percentages\n|clearpoke\n|poke|p1|Magcargo, F|\n|poke|p1|Skeledirge, F|\n|poke|p1|Talonflame, M|\n|poke|p1|Ninetales, F|\n|poke|p1|Tauros-Paldea-Blaze, M|\n|poke|p1|Honchkrow, M|\n|poke|p2|Charjabug, M|\n|poke|p2|Indeedee-F, F|\n|poke|p2|Sylveon, F|\n|poke|p2|Clefairy, F|\n|poke|p2|Walking Wake|\n|poke|p2|Armarouge, M|\n|teampreview\n|\n|t:|1697391831\n|start\n|switch|p1a: Magcargo|Magcargo, F|100\/100\n|switch|p1b: Honchkrow|Honchkrow, M|100\/100\n|switch|p2a: Croasu \ud83e\udd50|Indeedee-F, F|100\/100\n|switch|p2b: LAST WORD ;-;|Armarouge, M, shiny|100\/100\n|-fieldstart|move: Psychic Terrain|[from] ability: Psychic Surge|[of] p2a: Croasu \ud83e\udd50\n|turn|1\n|inactive|Battle timer is ON: inactive players will automatically lose when time's up. (requested by Justus1212)\n|\n|t:|1697391858\n|move|p2a: Croasu \ud83e\udd50|Helping Hand|p2b: LAST WORD ;-;\n|-singleturn|p2b: LAST WORD ;-;|Helping Hand|[of] p2a: Croasu \ud83e\udd50\n|move|p1b: Honchkrow|Night Slash|p2b: LAST WORD ;-;\n|-supereffective|p2b: LAST WORD ;-;\n|-crit|p2b: LAST WORD ;-;\n|-damage|p2b: LAST WORD ;-;|6\/100\n|-ability|p2b: LAST WORD ;-;|Weak Armor|boost\n|-unboost|p2b: LAST WORD ;-;|def|1\n|-boost|p2b: LAST WORD ;-;|spe|2\n|-enditem|p2b: LAST WORD ;-;|Weakness Policy\n|-boost|p2b: LAST WORD ;-;|atk|2|[from] item: Weakness Policy\n|-boost|p2b: LAST WORD ;-;|spa|2|[from] item: Weakness Policy\n|move|p2b: LAST WORD ;-;|Aura Sphere|p1b: Honchkrow\n|-damage|p1b: Honchkrow|0 fnt\n|faint|p1b: Honchkrow\n|move|p1a: Magcargo|Will-O-Wisp|p2a: Croasu \ud83e\udd50\n|-status|p2a: Croasu \ud83e\udd50|brn\n|\n|-damage|p2a: Croasu \ud83e\udd50|94\/100 brn|[from] brn\n|upkeep\n|\n|t:|1697391888\n|switch|p1b: Ninetales|Ninetales, F|100\/100\n|-weather|SunnyDay|[from] ability: Drought|[of] p1b: Ninetales\n|turn|2\n|\n|t:|1697391910\n|move|p2b: LAST WORD ;-;|Expanding Force|p1b: Ninetales|[spread] p1a,p1b\n|-damage|p1a: Magcargo|0 fnt\n|-damage|p1b: Ninetales|0 fnt\n|faint|p1a: Magcargo\n|faint|p1b: Ninetales\n|move|p2a: Croasu \ud83e\udd50|Heal Pulse|p2b: LAST WORD ;-;\n|-heal|p2b: LAST WORD ;-;|56\/100\n|\n|-weather|SunnyDay|[upkeep]\n|-damage|p2a: Croasu \ud83e\udd50|88\/100 brn|[from] brn\n|upkeep\n|\n|t:|1697391921\n|switch|p1b: Tauros|Tauros-Paldea-Blaze, M, shiny|100\/100\n|switch|p1a: Skeledirge|Skeledirge, F|100\/100\n|turn|3\n|\n|t:|1697391946\n|-terastallize|p1b: Tauros|Steel\n|move|p2a: Croasu \ud83e\udd50|Helping Hand|p2b: LAST WORD ;-;\n|-singleturn|p2b: LAST WORD ;-;|Helping Hand|[of] p2a: Croasu \ud83e\udd50\n|move|p2b: LAST WORD ;-;|Expanding Force|p1b: Tauros|[spread] p1a,p1b\n|-resisted|p1b: Tauros\n|-damage|p1a: Skeledirge|0 fnt\n|-damage|p1b: Tauros|0 fnt\n|faint|p1a: Skeledirge\n|faint|p1b: Tauros\n|\n|-weather|SunnyDay|[upkeep]\n|-damage|p2a: Croasu \ud83e\udd50|82\/100 brn|[from] brn\n|upkeep\n|-message|Justus1212 forfeited.\n|\n|win|GatosLover\n|raw|Justus1212's rating: 1093 &rarr; <strong>1076<\/strong><br \/>(-17 for losing)\n|raw|GatosLover's rating: 1197 &rarr; <strong>1215<\/strong><br \/>(+18 for winning)\n|l|\u2606Justus1212\n","uploadtime":1697392063,"views":19,"p1id":"justus1212","p2id":"gatoslover","formatid":"gen9doublesou","rating":1076,"private":0,"password":""}