{"id":"gen9doublesou-1968292381","p1":"FabioRMC4264","p2":"Sushi Bum","format":"[Gen 9] Doubles OU","log":"|html|<div class=\"broadcast-blue\"><strong>[Gen 9] Doubles OU is currently suspecting Basculegion & Flutter Mane! For information on how to participate check out the <a href=\"https:\/\/www.smogon.com\/forums\/threads\/np-sv-dou-stage-8-double-trouble.3729153\/\">suspect thread<\/a>.<\/strong><\/div>\n|j|\u2606FabioRMC4264\n|j|\u203dSushi Bum\n|t:|1697403057\n|gametype|doubles\n|player|p1|FabioRMC4264|blue|1409\n|player|p2|Sushi Bum|hexmaniac-gen6|1481\n|teamsize|p1|6\n|teamsize|p2|6\n|gen|9\n|tier|[Gen 9] Doubles OU\n|rated|\n|rule|Species Clause: Limit one of each Pok\u00e9mon\n|rule|OHKO Clause: OHKO moves are banned\n|rule|Evasion Moves Clause: Evasion moves are banned\n|rule|Gravity Sleep Clause: The combination of sleep-inducing moves with imperfect accuracy and Gravity or Gigantamax Orbeetle are banned\n|rule|Endless Battle Clause: Forcing endless battles is banned\n|rule|HP Percentage Mod: HP is shown in percentages\n|clearpoke\n|poke|p1|Flutter Mane|\n|poke|p1|Tornadus, M|\n|poke|p1|Amoonguss, F|\n|poke|p1|Chien-Pao|\n|poke|p1|Rillaboom, F|\n|poke|p1|Arcanine-Hisui, M|\n|poke|p2|Tropius, F|\n|poke|p2|Indeedee, M|\n|poke|p2|Dragapult, M|\n|poke|p2|Ogerpon-Hearthflame, F|\n|poke|p2|Iron Valiant|\n|poke|p2|Chien-Pao|\n|teampreview\n|\n|t:|1697403104\n|start\n|switch|p1a: Tornadus|Tornadus, M|100\/100\n|switch|p1b: Rillaboom|Rillaboom, F|100\/100\n|switch|p2a: Iron Valiant|Iron Valiant|100\/100\n|switch|p2b: Chien-Pao|Chien-Pao|100\/100\n|-ability|p2b: Chien-Pao|Sword of Ruin\n|-fieldstart|move: Grassy Terrain|[from] ability: Grassy Surge|[of] p1b: Rillaboom\n|-enditem|p2a: Iron Valiant|Booster Energy\n|-activate|p2a: Iron Valiant|ability: Quark Drive|[fromitem]\n|-start|p2a: Iron Valiant|quarkdrivespe\n|turn|1\n|\n|t:|1697403134\n|switch|p2b: Indeedee|Indeedee, M|100\/100\n|-fieldstart|move: Psychic Terrain|[from] ability: Psychic Surge|[of] p2b: Indeedee\n|move|p1a: Tornadus|Tailwind|p1a: Tornadus\n|-sidestart|p1: FabioRMC4264|move: Tailwind\n|move|p1b: Rillaboom|Wood Hammer|p2a: Iron Valiant\n|-damage|p2a: Iron Valiant|0 fnt\n|faint|p2a: Iron Valiant\n|-end|p2a: Iron Valiant|Quark Drive|[silent]\n|-damage|p1b: Rillaboom|72\/100|[from] Recoil\n|\n|upkeep\n|inactive|Battle timer is ON: inactive players will automatically lose when time's up. (requested by FabioRMC4264)\n|j| Vixen 4 Life\n|l| Vixen 4 Life\n|inactive|Sushi Bum has 120 seconds left.\n|inactive|Sushi Bum has 90 seconds left.\n|inactive|Sushi Bum has 60 seconds left.\n|inactive|Sushi Bum has 30 seconds left.\n|inactive|Sushi Bum has 20 seconds left.\n|inactive|Sushi Bum has 15 seconds left.\n|inactive|Sushi Bum has 10 seconds left.\n|inactive|Sushi Bum has 5 seconds left.\n|-message|Sushi Bum lost due to inactivity.\n|\n|win|FabioRMC4264\n|raw|FabioRMC4264's rating: 1409 &rarr; <strong>1429<\/strong><br \/>(+20 for winning)\n|raw|Sushi Bum's rating: 1415 &rarr; <strong>1395<\/strong><br \/>(-20 for losing)\n","uploadtime":1697403362,"views":9,"p1id":"fabiormc4264","p2id":"sushibum","formatid":"gen9doublesou","rating":1395,"private":0,"password":""}