{"id":"gen9doublesou-1968306922","p1":"DOUFB Love Live!","p2":"Lumpbag","format":"[Gen 9] Doubles OU","log":"|html|<div class=\"broadcast-blue\"><strong>[Gen 9] Doubles OU is currently suspecting Basculegion & Flutter Mane! For information on how to participate check out the <a href=\"https:\/\/www.smogon.com\/forums\/threads\/np-sv-dou-stage-8-double-trouble.3729153\/\">suspect thread<\/a>.<\/strong><\/div>\n|j|\u2606DOUFB Love Live!\n|j|\u2606Lumpbag\n|t:|1697404468\n|gametype|doubles\n|player|p1|DOUFB Love Live!|twins-gen4|1480\n|player|p2|Lumpbag|skyla|1377\n|teamsize|p1|6\n|teamsize|p2|6\n|gen|9\n|tier|[Gen 9] Doubles OU\n|rated|\n|rule|Species Clause: Limit one of each Pok\u00e9mon\n|rule|OHKO Clause: OHKO moves are banned\n|rule|Evasion Moves Clause: Evasion moves are banned\n|rule|Gravity Sleep Clause: The combination of sleep-inducing moves with imperfect accuracy and Gravity or Gigantamax Orbeetle are banned\n|rule|Endless Battle Clause: Forcing endless battles is banned\n|rule|HP Percentage Mod: HP is shown in percentages\n|clearpoke\n|poke|p1|Flutter Mane|\n|poke|p1|Basculegion, M|\n|poke|p1|Ogerpon-Hearthflame, F|\n|poke|p1|Rillaboom, M|\n|poke|p1|Dragonite, F|\n|poke|p1|Chien-Pao|\n|poke|p2|Weezing-Galar, F|\n|poke|p2|Roaring Moon|\n|poke|p2|Regieleki|\n|poke|p2|Heatran, M|\n|poke|p2|Ogerpon-Wellspring, F|\n|poke|p2|Landorus-Therian, M|\n|teampreview\n|inactive|Battle timer is ON: inactive players will automatically lose when time's up. (requested by Lumpbag)\n|inactive|DOUFB Love Live! also wants the timer to be on.\n|inactive|Lumpbag has 120 seconds left.\n|inactive|Lumpbag has 90 seconds left.\n|\n|t:|1697404536\n|start\n|switch|p1a: Flutter Mane|Flutter Mane|100\/100\n|switch|p1b: Rillaboom|Rillaboom, M|100\/100\n|switch|p2a: Weezing|Weezing-Galar, F|100\/100\n|switch|p2b: Roaring Moon|Roaring Moon|100\/100\n|-ability|p2a: Weezing|Neutralizing Gas\n|-enditem|p2b: Roaring Moon|Booster Energy\n|-activate|p2b: Roaring Moon|ability: Protosynthesis|[fromitem]\n|-start|p2b: Roaring Moon|protosynthesisatk\n|turn|1\n|\n|t:|1697404556\n|move|p2b: Roaring Moon|Protect|p2b: Roaring Moon\n|-singleturn|p2b: Roaring Moon|Protect\n|move|p1b: Rillaboom|Fake Out|p2a: Weezing\n|-damage|p2a: Weezing|86\/100\n|move|p1a: Flutter Mane|Shadow Ball|p2a: Weezing\n|-damage|p2a: Weezing|0 fnt\n|faint|p2a: Weezing\n|-end|p2a: Weezing|ability: Neutralizing Gas\n|-fieldstart|move: Grassy Terrain|[from] ability: Grassy Surge|[of] p1b: Rillaboom\n|\n|upkeep\n|\n|t:|1697404569\n|switch|p2a: Ogerpon|Ogerpon-Wellspring, F|100\/100\n|turn|2\n|\n|t:|1697404597\n|-end|p1a: Flutter Mane|Protosynthesis|[silent]\n|switch|p1a: Dragonite|Dragonite, F|100\/100\n|-terastallize|p2b: Roaring Moon|Flying\n|move|p2a: Ogerpon|Horn Leech|p1a: Dragonite\n|-resisted|p1a: Dragonite\n|-damage|p1a: Dragonite|88\/100\n|move|p2b: Roaring Moon|Acrobatics|p1b: Rillaboom\n|-supereffective|p1b: Rillaboom\n|-damage|p1b: Rillaboom|0 fnt\n|faint|p1b: Rillaboom\n|\n|upkeep\n|inactive|DOUFB Love Live! has 120 seconds left.\n|\n|t:|1697404611\n|switch|p1b: Chien-Pao|Chien-Pao|100\/100\n|-ability|p1b: Chien-Pao|Sword of Ruin\n|turn|3\n|\n|t:|1697404621\n|-terastallize|p1a: Dragonite|Normal\n|move|p2a: Ogerpon|Follow Me|p2a: Ogerpon\n|-singleturn|p2a: Ogerpon|move: Follow Me\n|move|p1a: Dragonite|Extreme Speed|p2a: Ogerpon\n|-damage|p2a: Ogerpon|0 fnt\n|faint|p2a: Ogerpon\n|move|p1b: Chien-Pao|Icicle Crash|p2b: Roaring Moon\n|-supereffective|p2b: Roaring Moon\n|-damage|p2b: Roaring Moon|0 fnt\n|faint|p2b: Roaring Moon\n|-end|p2b: Roaring Moon|Protosynthesis|[silent]\n|\n|-heal|p1a: Dragonite|94\/100|[from] Grassy Terrain\n|upkeep\n|-message|Lumpbag forfeited.\n|\n|win|DOUFB Love Live!\n|raw|DOUFB Love Live!'s rating: 1480 &rarr; <strong>1494<\/strong><br \/>(+14 for winning)\n|raw|Lumpbag's rating: 1377 &rarr; <strong>1363<\/strong><br \/>(-14 for losing)\n|l|\u2606Lumpbag\n","uploadtime":1697404638,"views":12,"p1id":"doufblovelive","p2id":"lumpbag","formatid":"gen9doublesou","rating":1363,"private":0,"password":""}