{"id":"gen9doublesou-1987901885","p1":"Elite.4.Challenger","p2":"GonzaJ","format":"[Gen 9] Doubles OU","log":"|j|\u2606Elite.4.Challenger\n|j|\u2606GonzaJ\n|t:|1699647451\n|gametype|doubles\n|player|p1|Elite.4.Challenger|koga|1336\n|player|p2|GonzaJ|psychic-gen4|1606\n|teamsize|p1|6\n|teamsize|p2|6\n|gen|9\n|tier|[Gen 9] Doubles OU\n|rated|\n|rule|Species Clause: Limit one of each Pok\u00e9mon\n|rule|OHKO Clause: OHKO moves are banned\n|rule|Evasion Moves Clause: Evasion moves are banned\n|rule|Gravity Sleep Clause: The combination of sleep-inducing moves with imperfect accuracy and Gravity or Gigantamax Orbeetle are banned\n|rule|Endless Battle Clause: Forcing endless battles is banned\n|rule|HP Percentage Mod: HP is shown in percentages\n|clearpoke\n|poke|p1|Zapdos|\n|poke|p1|Grimmsnarl, M|\n|poke|p1|Basculegion-F, F|\n|poke|p1|Goodra-Hisui, F|\n|poke|p1|Politoed, F|\n|poke|p1|Toxicroak, F|\n|poke|p2|Glimmora, M|\n|poke|p2|Wo-Chien|\n|poke|p2|Ting-Lu|\n|poke|p2|Chansey, F|\n|poke|p2|Gliscor, M|\n|poke|p2|Arcanine, M|\n|teampreview\n|\n|t:|1699647474\n|start\n|switch|p1a: Kermit the Frog|Politoed, F|100\/100\n|switch|p1b: Michael Phelps|Basculegion-F, F|100\/100\n|switch|p2a: Arcanine|Arcanine, M|100\/100\n|switch|p2b: Chansey|Chansey, F|100\/100\n|-ability|p2a: Arcanine|Intimidate|boost\n|-unboost|p1a: Kermit the Frog|atk|1\n|-unboost|p1b: Michael Phelps|atk|1\n|-weather|RainDance|[from] ability: Drizzle|[of] p1a: Kermit the Frog\n|turn|1\n|\n|t:|1699647489\n|move|p1a: Kermit the Frog|Helping Hand|p1b: Michael Phelps\n|-singleturn|p1b: Michael Phelps|Helping Hand|[of] p1a: Kermit the Frog\n|move|p2a: Arcanine|Protect|p2a: Arcanine\n|-singleturn|p2a: Arcanine|Protect\n|move|p1b: Michael Phelps|Surf|p2b: Chansey|[spread] p1a,p2b\n|-activate|p2a: Arcanine|move: Protect\n|-resisted|p1a: Kermit the Frog\n|-damage|p1a: Kermit the Frog|62\/100\n|-damage|p2b: Chansey|66\/100\n|-enditem|p1a: Kermit the Frog|Eject Button\n|\n|t:|1699647499\n|switch|p1a: Kermit the Dawg|Toxicroak, F|100\/100\n|move|p2b: Chansey|Stealth Rock|p1b: Michael Phelps\n|-sidestart|p1: Elite.4.Challenger|move: Stealth Rock\n|\n|-weather|RainDance|[upkeep]\n|upkeep\n|turn|2\n|\n|t:|1699647508\n|switch|p2a: Wo-Chien|Wo-Chien|100\/100\n|-ability|p2a: Wo-Chien|Tablets of Ruin\n|move|p1b: Michael Phelps|Surf|p2b: Chansey|[spread] p2a,p2b\n|-immune|p1a: Kermit the Dawg|[from] ability: Dry Skin\n|-resisted|p2a: Wo-Chien\n|-damage|p2a: Wo-Chien|80\/100\n|-damage|p2b: Chansey|42\/100\n|move|p1a: Kermit the Dawg|Close Combat|p2b: Chansey\n|-supereffective|p2b: Chansey\n|-damage|p2b: Chansey|0 fnt\n|-unboost|p1a: Kermit the Dawg|def|1\n|-unboost|p1a: Kermit the Dawg|spd|1\n|faint|p2b: Chansey\n|-damage|p1a: Kermit the Dawg|91\/100|[from] item: Life Orb\n|\n|-weather|RainDance|[upkeep]\n|-heal|p1a: Kermit the Dawg|100\/100|[from] ability: Dry Skin\n|-heal|p2a: Wo-Chien|86\/100|[from] item: Leftovers\n|upkeep\n|\n|t:|1699647515\n|switch|p2b: Arcanine|Arcanine, M|100\/100\n|-ability|p2b: Arcanine|Intimidate|boost\n|-unboost|p1a: Kermit the Dawg|atk|1\n|-unboost|p1b: Michael Phelps|atk|1\n|turn|3\n|\n|t:|1699647532\n|move|p2b: Arcanine|Protect|p2b: Arcanine\n|-singleturn|p2b: Arcanine|Protect\n|move|p1b: Michael Phelps|Surf|p2a: Wo-Chien|[spread] p2a\n|-activate|p2b: Arcanine|move: Protect\n|-immune|p1a: Kermit the Dawg|[from] ability: Dry Skin\n|-resisted|p2a: Wo-Chien\n|-damage|p2a: Wo-Chien|65\/100\n|move|p1a: Kermit the Dawg|Close Combat|p2a: Wo-Chien\n|-supereffective|p2a: Wo-Chien\n|-damage|p2a: Wo-Chien|0 fnt\n|-unboost|p1a: Kermit the Dawg|def|1\n|-unboost|p1a: Kermit the Dawg|spd|1\n|faint|p2a: Wo-Chien\n|-damage|p1a: Kermit the Dawg|91\/100|[from] item: Life Orb\n|\n|-weather|RainDance|[upkeep]\n|-heal|p1a: Kermit the Dawg|100\/100|[from] ability: Dry Skin\n|upkeep\n|c|\u2606GonzaJ|oh\n|\n|t:|1699647543\n|switch|p2a: Gliscor|Gliscor, M|100\/100\n|turn|4\n|\n|t:|1699647556\n|-terastallize|p2a: Gliscor|Grass\n|move|p1b: Michael Phelps|Surf|p2b: Arcanine|[spread] p2a,p2b\n|-immune|p1a: Kermit the Dawg|[from] ability: Dry Skin\n|-resisted|p2a: Gliscor\n|-supereffective|p2b: Arcanine\n|-damage|p2a: Gliscor|66\/100\n|-damage|p2b: Arcanine|0 fnt\n|faint|p2b: Arcanine\n|move|p1a: Kermit the Dawg|Close Combat|p2a: Gliscor\n|-damage|p2a: Gliscor|28\/100\n|-unboost|p1a: Kermit the Dawg|def|1\n|-unboost|p1a: Kermit the Dawg|spd|1\n|-damage|p1a: Kermit the Dawg|91\/100|[from] item: Life Orb\n|move|p2a: Gliscor|Toxic|p1b: Michael Phelps\n|-status|p1b: Michael Phelps|tox\n|\n|-weather|RainDance|[upkeep]\n|-heal|p1a: Kermit the Dawg|100\/100|[from] ability: Dry Skin\n|-damage|p1b: Michael Phelps|94\/100 tox|[from] psn\n|-status|p2a: Gliscor|tox|[from] item: Toxic Orb\n|upkeep\n|-message|GonzaJ forfeited.\n|\n|win|Elite.4.Challenger\n|raw|Elite.4.Challenger's rating: 1336 &rarr; <strong>1369<\/strong><br \/>(+33 for winning)\n|raw|GonzaJ's rating: 1606 &rarr; <strong>1573<\/strong><br \/>(-33 for losing)\n|l|\u2606GonzaJ\n","uploadtime":1699647670,"views":13,"p1id":"elite4challenger","p2id":"gonzaj","formatid":"gen9doublesou","rating":1369,"private":0,"password":""}