{"id":"gen9doublesou-1977898566","p1":"BeyondTrash","p2":"SXD2002","format":"[Gen 9] Doubles OU","log":"|j|\u2606BeyondTrash\n|j|\u2606SXD2002\n|t:|1698463481\n|gametype|doubles\n|player|p1|BeyondTrash|hiker|1082\n|player|p2|SXD2002|silver-masters|1111\n|teamsize|p1|6\n|teamsize|p2|6\n|gen|9\n|tier|[Gen 9] Doubles OU\n|rated|\n|rule|Species Clause: Limit one of each Pok\u00e9mon\n|rule|OHKO Clause: OHKO moves are banned\n|rule|Evasion Moves Clause: Evasion moves are banned\n|rule|Gravity Sleep Clause: The combination of sleep-inducing moves with imperfect accuracy and Gravity or Gigantamax Orbeetle are banned\n|rule|Endless Battle Clause: Forcing endless battles is banned\n|rule|HP Percentage Mod: HP is shown in percentages\n|clearpoke\n|poke|p1|Medicham, F|\n|poke|p1|Torterra, F|\n|poke|p1|Indeedee-F, F|\n|poke|p1|Ninetales-Alola, M|\n|poke|p1|Tornadus, M|\n|poke|p1|Drednaw, F|\n|poke|p2|Lurantis, F|\n|poke|p2|Murkrow, F|\n|poke|p2|Grimmsnarl, M|\n|poke|p2|Clefairy, M|\n|poke|p2|Talonflame, M|\n|poke|p2|Espeon, M|\n|teampreview\n|inactive|Battle timer is ON: inactive players will automatically lose when time's up. (requested by SXD2002)\n|\n|t:|1698463486\n|start\n|switch|p1a: Medicham|Medicham, F|100\/100\n|switch|p1b: Torterra|Torterra, F|100\/100\n|switch|p2a: Murkrow|Murkrow, F|100\/100\n|switch|p2b: Lurantis|Lurantis, F|100\/100\n|turn|1\n|j| theyeeter4\n|\n|t:|1698463495\n|move|p2b: Lurantis|Protect|p2b: Lurantis\n|-singleturn|p2b: Lurantis|Protect\n|move|p2a: Murkrow|Thunder Wave|p1a: Medicham\n|-status|p1a: Medicham|par\n|move|p1a: Medicham|Skill Swap|p1b: Torterra\n|-activate|p1a: Medicham|move: Skill Swap|||[of] p1b: Torterra\n|move|p1b: Torterra|Shell Smash|p1b: Torterra\n|-unboost|p1b: Torterra|def|1\n|-unboost|p1b: Torterra|spd|1\n|-boost|p1b: Torterra|atk|2\n|-boost|p1b: Torterra|spa|2\n|-boost|p1b: Torterra|spe|2\n|\n|upkeep\n|turn|2\n|j| JBUG0617\n|inactive|BeyondTrash has 120 seconds left.\n|\n|t:|1698463544\n|switch|p1a: Indeedee|Indeedee-F, F|100\/100\n|-fieldstart|move: Psychic Terrain|[from] ability: Psychic Surge|[of] p1a: Indeedee\n|-enditem|p1a: Indeedee|Psychic Seed\n|-boost|p1a: Indeedee|spd|1|[from] item: Psychic Seed\n|-terastallize|p2b: Lurantis|Steel\n|move|p2a: Murkrow|Feather Dance|p1b: Torterra\n|-activate|p1b: Torterra|move: Psychic Terrain\n|move|p1b: Torterra|Iron Head|p2a: Murkrow\n|-crit|p2a: Murkrow\n|-damage|p2a: Murkrow|0 fnt\n|faint|p2a: Murkrow\n|move|p2b: Lurantis|Leaf Storm|p1b: Torterra|[miss]\n|-miss|p2b: Lurantis|p1b: Torterra\n|\n|upkeep\n|c|\u2606SXD2002|smart\n|inactive|SXD2002 has 120 seconds left.\n|\n|t:|1698463561\n|switch|p2a: Talonflame|Talonflame, M|100\/100\n|turn|3\n|c|\u2606BeyondTrash|thank you\n|\n|t:|1698463572\n|move|p1a: Indeedee|Fake Out|p2a: Talonflame\n|-hint|Psychic Terrain doesn't affect Pok\u00e9mon immune to Ground.\n|-damage|p2a: Talonflame|89\/100\n|move|p1b: Torterra|Earthquake|p2a: Talonflame|[spread] p1a,p2b\n|-immune|p2a: Talonflame\n|-supereffective|p2b: Lurantis\n|-damage|p1a: Indeedee|0 fnt\n|-damage|p2b: Lurantis|0 fnt\n|faint|p1a: Indeedee\n|faint|p2b: Lurantis\n|cant|p2a: Talonflame|flinch\n|\n|upkeep\n|c|\u2606SXD2002|gg\n|-message|SXD2002 forfeited.\n|\n|win|BeyondTrash\n|raw|BeyondTrash's rating: 1082 &rarr; <strong>1112<\/strong><br \/>(+30 for winning)\n|raw|SXD2002's rating: 1111 &rarr; <strong>1084<\/strong><br \/>(-27 for losing)\n|l|\u2606SXD2002\n","uploadtime":1698463587,"views":19,"p1id":"beyondtrash","p2id":"sxd2002","formatid":"gen9doublesou","rating":1084,"private":0,"password":""}