{"id":"gen9doublesou-1973213091","p1":"Rocket Exec. Raiza","p2":"hicknick2","format":"[Gen 9] Doubles OU","log":"|j|\u2606Rocket Exec. Raiza\n|j|\u2606hicknick2\n|t:|1697940131\n|gametype|doubles\n|player|p1|Rocket Exec. Raiza|koga|1136\n|player|p2|hicknick2|giovanni-gen1rb|1147\n|teamsize|p1|6\n|teamsize|p2|6\n|gen|9\n|tier|[Gen 9] Doubles OU\n|rated|\n|rule|Species Clause: Limit one of each Pok\u00e9mon\n|rule|OHKO Clause: OHKO moves are banned\n|rule|Evasion Moves Clause: Evasion moves are banned\n|rule|Gravity Sleep Clause: The combination of sleep-inducing moves with imperfect accuracy and Gravity or Gigantamax Orbeetle are banned\n|rule|Endless Battle Clause: Forcing endless battles is banned\n|rule|HP Percentage Mod: HP is shown in percentages\n|clearpoke\n|poke|p1|Overqwil, F|\n|poke|p1|Qwilfish, F|\n|poke|p1|Heracross, M|\n|poke|p1|Quilava, M|\n|poke|p1|Cloyster, M|\n|poke|p1|Pelipper, F|\n|poke|p2|Sableye, M|\n|poke|p2|Floatzel, F|\n|poke|p2|Walking Wake|\n|poke|p2|Zapdos|\n|poke|p2|Scizor, M|\n|poke|p2|Beartic, F|\n|teampreview\n|\n|t:|1697940141\n|start\n|switch|p1a: Qwilipper|Pelipper, F|100\/100\n|switch|p1b: Overqwil|Overqwil, F, shiny|100\/100\n|switch|p2a: Sableye|Sableye, M|100\/100\n|switch|p2b: Floatzel|Floatzel, F|100\/100\n|-weather|RainDance|[from] ability: Drizzle|[of] p1a: Qwilipper\n|turn|1\n|\n|t:|1697940172\n|move|p2a: Sableye|Will-O-Wisp|p1a: Qwilipper\n|-status|p1a: Qwilipper|brn\n|move|p2b: Floatzel|Wave Crash|p1b: Overqwil\n|-damage|p1b: Overqwil|0 fnt\n|faint|p1b: Overqwil\n|-damage|p2b: Floatzel|65\/100|[from] Recoil\n|move|p1a: Qwilipper|Hurricane|p2b: Floatzel\n|-damage|p2b: Floatzel|0 fnt\n|faint|p2b: Floatzel\n|\n|-weather|RainDance|[upkeep]\n|-damage|p1a: Qwilipper|94\/100 brn|[from] brn\n|upkeep\n|\n|t:|1697940186\n|switch|p2b: Zapdos|Zapdos|100\/100\n|switch|p1b: Qwilava|Quilava, M|100\/100\n|turn|2\n|\n|t:|1697940220\n|move|p1b: Qwilava|Protect|p1b: Qwilava\n|-singleturn|p1b: Qwilava|Protect\n|move|p2b: Zapdos|Thunder|p1a: Qwilipper\n|-supereffective|p1a: Qwilipper\n|-damage|p1a: Qwilipper|0 fnt\n|faint|p1a: Qwilipper\n|-damage|p2b: Zapdos|91\/100|[from] item: Life Orb\n|move|p2a: Sableye|Foul Play|p1b: Qwilava\n|-activate|p1b: Qwilava|move: Protect\n|\n|-weather|RainDance|[upkeep]\n|upkeep\n|\n|t:|1697940236\n|switch|p1a: Qwilfish|Qwilfish, F|100\/100\n|-ability|p1a: Qwilfish|Intimidate|boost\n|-unboost|p2a: Sableye|atk|1\n|-unboost|p2b: Zapdos|atk|1\n|turn|3\n|\n|t:|1697940244\n|move|p1a: Qwilfish|Aqua Jet|p2b: Zapdos\n|-damage|p2b: Zapdos|60\/100\n|move|p2b: Zapdos|Thunder|p1a: Qwilfish\n|-supereffective|p1a: Qwilfish\n|-damage|p1a: Qwilfish|0 fnt\n|faint|p1a: Qwilfish\n|-damage|p2b: Zapdos|50\/100|[from] item: Life Orb\n|move|p1b: Qwilava|Fire Spin|p2b: Zapdos\n|-damage|p2b: Zapdos|44\/100\n|-activate|p2b: Zapdos|move: Fire Spin|[of] p1b: Qwilava\n|move|p2a: Sableye|Foul Play|p1b: Qwilava\n|-damage|p1b: Qwilava|83\/100\n|\n|-weather|RainDance|[upkeep]\n|-damage|p2b: Zapdos|32\/100|[from] move: Fire Spin|[partiallytrapped]\n|upkeep\n|-message|Rocket Exec. Raiza forfeited.\n|\n|win|hicknick2\n|raw|Rocket Exec. Raiza's rating: 1136 &rarr; <strong>1112<\/strong><br \/>(-24 for losing)\n|raw|hicknick2's rating: 1147 &rarr; <strong>1171<\/strong><br \/>(+24 for winning)\n|l|\u2606Rocket Exec. Raiza\n","uploadtime":1697940264,"views":19,"p1id":"rocketexecraiza","p2id":"hicknick2","formatid":"gen9doublesou","rating":1112,"private":0,"password":""}