{"id":"gen9doublesou-1976634827","p1":"undu12345","p2":"puthywillow420","format":"[Gen 9] Doubles OU","log":"|j|\u2606undu12345\n|j|\u2606puthywillow420\n|t:|1698329171\n|gametype|doubles\n|player|p1|undu12345|lucas|1068\n|player|p2|puthywillow420|caitlin|1108\n|teamsize|p1|6\n|teamsize|p2|6\n|gen|9\n|tier|[Gen 9] Doubles OU\n|rated|\n|rule|Species Clause: Limit one of each Pok\u00e9mon\n|rule|OHKO Clause: OHKO moves are banned\n|rule|Evasion Moves Clause: Evasion moves are banned\n|rule|Gravity Sleep Clause: The combination of sleep-inducing moves with imperfect accuracy and Gravity or Gigantamax Orbeetle are banned\n|rule|Endless Battle Clause: Forcing endless battles is banned\n|rule|HP Percentage Mod: HP is shown in percentages\n|clearpoke\n|poke|p1|Slaking, F|\n|poke|p1|Meowscarada, F|\n|poke|p1|Iron Valiant|\n|poke|p1|Ogerpon-Hearthflame, F|\n|poke|p1|Mew|\n|poke|p1|Krookodile, M|\n|poke|p2|Toxtricity-Low-Key, F|\n|poke|p2|Indeedee-F, F|\n|poke|p2|Ceruledge, F|\n|poke|p2|Palossand, F|\n|poke|p2|Slowking, M|\n|poke|p2|Sylveon, F|\n|teampreview\n|inactive|Battle timer is ON: inactive players will automatically lose when time's up. (requested by puthywillow420)\n|inactive|puthywillow420 has 120 seconds left.\n|\n|t:|1698329207\n|start\n|switch|p1a: Krookodile|Krookodile, M|100\/100\n|switch|p1b: Meowscarada|Meowscarada, F|100\/100\n|switch|p2a: Toxtricity|Toxtricity-Low-Key, F|100\/100\n|switch|p2b: Sylveon|Sylveon, F|100\/100\n|turn|1\n|\n|t:|1698329216\n|move|p1b: Meowscarada|Flower Trick|p1a: Krookodile\n|-supereffective|p1a: Krookodile\n|-crit|p1a: Krookodile\n|-damage|p1a: Krookodile|15\/100\n|-setboost|p1a: Krookodile|atk|6|[from] ability: Anger Point\n|-enditem|p1a: Krookodile|Salac Berry|[eat]\n|-boost|p1a: Krookodile|spe|1|[from] item: Salac Berry\n|move|p1a: Krookodile|Earthquake|p2a: Toxtricity|[spread] p1b,p2a,p2b\n|-resisted|p1b: Meowscarada\n|-supereffective|p2a: Toxtricity\n|-damage|p1b: Meowscarada|4\/100\n|-damage|p2a: Toxtricity|0 fnt\n|-damage|p2b: Sylveon|0 fnt\n|faint|p2a: Toxtricity\n|faint|p2b: Sylveon\n|\n|-heal|p1b: Meowscarada|10\/100|[from] item: Leftovers\n|upkeep\n|\n|t:|1698329233\n|switch|p2a: Ceruledge|Ceruledge, F|100\/100\n|switch|p2b: Palossand|Palossand, F|100\/100\n|turn|2\n|\n|t:|1698329256\n|move|p2a: Ceruledge|Shadow Sneak|p1a: Krookodile\n|-resisted|p1a: Krookodile\n|-damage|p1a: Krookodile|7\/100\n|move|p1a: Krookodile|Earthquake|p2a: Ceruledge|[spread] p1b,p2a,p2b\n|-resisted|p1b: Meowscarada\n|-supereffective|p2a: Ceruledge\n|-crit|p2b: Palossand\n|-damage|p1b: Meowscarada|0 fnt\n|-damage|p2a: Ceruledge|0 fnt\n|-damage|p2b: Palossand|0 fnt\n|faint|p1b: Meowscarada\n|faint|p2a: Ceruledge\n|faint|p2b: Palossand\n|\n|upkeep\n|\n|t:|1698329267\n|switch|p1b: Iron Valiant|Iron Valiant|100\/100\n|switch|p2a: Slowking|Slowking, M|100\/100\n|switch|p2b: Indeedee|Indeedee-F, F|100\/100\n|-fieldstart|move: Psychic Terrain|[from] ability: Psychic Surge|[of] p2b: Indeedee\n|-enditem|p2b: Indeedee|Psychic Seed\n|-boost|p2b: Indeedee|spd|1|[from] item: Psychic Seed\n|-enditem|p1b: Iron Valiant|Booster Energy\n|-activate|p1b: Iron Valiant|ability: Quark Drive|[fromitem]\n|-start|p1b: Iron Valiant|quarkdriveatk\n|turn|3\n|\n|t:|1698329280\n|move|p1a: Krookodile|Earthquake|p2a: Slowking|[spread] p1b,p2a,p2b\n|-damage|p1b: Iron Valiant|0 fnt\n|-damage|p2a: Slowking|0 fnt\n|-damage|p2b: Indeedee|0 fnt\n|faint|p1b: Iron Valiant\n|-end|p1b: Iron Valiant|Quark Drive|[silent]\n|faint|p2a: Slowking\n|faint|p2b: Indeedee\n|\n|win|undu12345\n|raw|undu12345's rating: 1068 &rarr; <strong>1101<\/strong><br \/>(+33 for winning)\n|raw|puthywillow420's rating: 1108 &rarr; <strong>1080<\/strong><br \/>(-28 for losing)\n|l|\u2606puthywillow420\n","uploadtime":1698329343,"views":21,"p1id":"undu12345","p2id":"puthywillow420","formatid":"gen9doublesou","rating":1080,"private":0,"password":""}