{"id":"gen9doublesou-1976900634","p1":"harald453343","p2":"EdgyBoiTTV","format":"[Gen 9] Doubles OU","log":"|j|\u2606harald453343\n|j|\u2606EdgyBoiTTV\n|t:|1698350746\n|gametype|doubles\n|player|p1|harald453343|cynthia-gen4|1255\n|player|p2|EdgyBoiTTV|unknown|1099\n|teamsize|p1|6\n|teamsize|p2|6\n|gen|9\n|tier|[Gen 9] Doubles OU\n|rated|\n|rule|Species Clause: Limit one of each Pok\u00e9mon\n|rule|OHKO Clause: OHKO moves are banned\n|rule|Evasion Moves Clause: Evasion moves are banned\n|rule|Gravity Sleep Clause: The combination of sleep-inducing moves with imperfect accuracy and Gravity or Gigantamax Orbeetle are banned\n|rule|Endless Battle Clause: Forcing endless battles is banned\n|rule|HP Percentage Mod: HP is shown in percentages\n|clearpoke\n|poke|p1|Chien-Pao|\n|poke|p1|Amoonguss, M|\n|poke|p1|Infernape, M|\n|poke|p1|Tornadus, M|\n|poke|p1|Chi-Yu|\n|poke|p1|Flutter Mane|\n|poke|p2|Farigiraf, M|\n|poke|p2|Weezing-Galar, F|\n|poke|p2|Sinistcha-Masterpiece|\n|poke|p2|Gyarados, M|\n|poke|p2|Garganacl, M|\n|poke|p2|Hatterene, F|\n|teampreview\n|inactive|Battle timer is ON: inactive players will automatically lose when time's up. (requested by EdgyBoiTTV)\n|\n|t:|1698350761\n|start\n|switch|p1a: Chi-Yu|Chi-Yu|100\/100\n|switch|p1b: Flutter Mane|Flutter Mane|100\/100\n|switch|p2a: Farigiraf|Farigiraf, M, shiny|100\/100\n|switch|p2b: Weezing|Weezing-Galar, F, shiny|100\/100\n|-ability|p1a: Chi-Yu|Beads of Ruin\n|-fieldstart|move: Misty Terrain|[from] ability: Misty Surge|[of] p2b: Weezing\n|-enditem|p2a: Farigiraf|Misty Seed\n|-boost|p2a: Farigiraf|spd|1|[from] item: Misty Seed\n|turn|1\n|-message|harald453343 forfeited.\n|\n|win|EdgyBoiTTV\n|raw|harald453343's rating: 1255 &rarr; <strong>1219<\/strong><br \/>(-36 for losing)\n|raw|EdgyBoiTTV's rating: 1099 &rarr; <strong>1135<\/strong><br \/>(+36 for winning)\n|l|\u2606harald453343\n","uploadtime":1698350774,"views":16,"p1id":"harald453343","p2id":"edgyboittv","formatid":"gen9doublesou","rating":1135,"private":0,"password":""}