{"id":"gen9doublesou-1997927843","p1":"Powpow1","p2":"excarmine","format":"[Gen 9] Doubles OU","log":"|j|\u2606Powpow1\n|j|\u2606excarmine\n|t:|1700868459\n|gametype|doubles\n|player|p1|Powpow1|bellelba|1039\n|player|p2|excarmine|1|1000\n|teamsize|p1|6\n|teamsize|p2|6\n|gen|9\n|tier|[Gen 9] Doubles OU\n|rated|\n|rule|Species Clause: Limit one of each Pok\u00e9mon\n|rule|OHKO Clause: OHKO moves are banned\n|rule|Evasion Moves Clause: Evasion moves are banned\n|rule|Gravity Sleep Clause: The combination of sleep-inducing moves with imperfect accuracy and Gravity or Gigantamax Orbeetle are banned\n|rule|Endless Battle Clause: Forcing endless battles is banned\n|rule|HP Percentage Mod: HP is shown in percentages\n|clearpoke\n|poke|p1|Wyrdeer, F|\n|poke|p1|Articuno-Galar|\n|poke|p1|Iron Valiant|\n|poke|p1|Sinistcha-Masterpiece|\n|poke|p1|Kleavor, F|\n|poke|p1|Toedscruel, M|\n|poke|p2|Eelektross, F|\n|poke|p2|Volcarona, M|\n|poke|p2|Kingambit, M|\n|poke|p2|Moltres-Galar|\n|poke|p2|Conkeldurr, F|\n|poke|p2|Oricorio-Pom-Pom, M|\n|teampreview\n|inactive|Battle timer is ON: inactive players will automatically lose when time's up. (requested by Powpow1)\n|\n|t:|1700868463\n|start\n|switch|p1a: Rudolf!|Wyrdeer, F|100\/100\n|switch|p1b: Underrated|Articuno-Galar|100\/100\n|switch|p2a: Volcarona|Volcarona, M|100\/100\n|switch|p2b: Oricorio|Oricorio-Pom-Pom, M|100\/100\n|-ability|p1a: Rudolf!|Intimidate|boost\n|-unboost|p2a: Volcarona|atk|1\n|-unboost|p2b: Oricorio|atk|1\n|turn|1\n|\n|t:|1700868487\n|-terastallize|p2b: Oricorio|Ice\n|move|p1b: Underrated|Protect|p1b: Underrated\n|-singleturn|p1b: Underrated|Protect\n|move|p2a: Volcarona|Quiver Dance|p2a: Volcarona\n|-boost|p2a: Volcarona|spa|1\n|-boost|p2a: Volcarona|spd|1\n|-boost|p2a: Volcarona|spe|1\n|-activate|p2b: Oricorio|ability: Dancer\n|move|p2b: Oricorio|Quiver Dance|p2b: Oricorio|[from]ability: Dancer\n|-boost|p2b: Oricorio|spa|1\n|-boost|p2b: Oricorio|spd|1\n|-boost|p2b: Oricorio|spe|1\n|move|p2b: Oricorio|Revelation Dance|p1a: Rudolf!\n|-damage|p1a: Rudolf!|29\/100\n|move|p1a: Rudolf!|Skill Swap|p2b: Oricorio\n|-activate|p1a: Rudolf!|move: Skill Swap|Dancer|Intimidate|[of] p2b: Oricorio\n|-ability|p2b: Oricorio|Intimidate|boost\n|-unboost|p1a: Rudolf!|atk|1\n|-enditem|p1a: Rudolf!|Eject Pack\n|-unboost|p1b: Underrated|atk|1\n|-ability|p1b: Underrated|Competitive|boost\n|-boost|p1b: Underrated|spa|2\n|-enditem|p1b: Underrated|Adrenaline Orb\n|-boost|p1b: Underrated|spe|1|[from] item: Adrenaline Orb\n|\n|t:|1700868510\n|switch|p1a: Sus|Toedscruel, M|100\/100\n|\n|upkeep\n|turn|2\n|\n|t:|1700868519\n|-terastallize|p1b: Underrated|Steel\n|move|p2a: Volcarona|Fiery Dance|p1b: Underrated\n|-supereffective|p1b: Underrated\n|-damage|p1b: Underrated|0 fnt\n|faint|p1b: Underrated\n|move|p2b: Oricorio|Tera Blast|p1a: Sus|[anim] Tera Blast Ice\n|-supereffective|p1a: Sus\n|-enditem|p1a: Sus|Focus Sash\n|-damage|p1a: Sus|1\/100\n|move|p1a: Sus|Acupressure|p1: Underrated|[notarget]\n|-fail|p1a: Sus\n|\n|upkeep\n|-message|Powpow1 forfeited.\n|\n|win|excarmine\n|raw|Powpow1's rating: 1039 &rarr; <strong>1021<\/strong><br \/>(-18 for losing)\n|raw|excarmine's rating: 1000 &rarr; <strong>1044<\/strong><br \/>(+44 for winning)\n|l|\u2606Powpow1\n","uploadtime":1700868554,"views":6,"p1id":"powpow1","p2id":"excarmine","formatid":"gen9doublesou","rating":1021,"private":0,"password":""}