{"id":"gen9doublesou-1979795509","p1":"knonb ol","p2":"Jourvicious","format":"[Gen 9] Doubles OU","log":"|j|\u2606knonb ol\n|j|\u2606Jourvicious\n|t:|1698714056\n|gametype|doubles\n|player|p1|knonb ol|266|1240\n|player|p2|Jourvicious|guitarist|1327\n|teamsize|p1|6\n|teamsize|p2|6\n|gen|9\n|tier|[Gen 9] Doubles OU\n|rated|\n|rule|Species Clause: Limit one of each Pok\u00e9mon\n|rule|OHKO Clause: OHKO moves are banned\n|rule|Evasion Moves Clause: Evasion moves are banned\n|rule|Gravity Sleep Clause: The combination of sleep-inducing moves with imperfect accuracy and Gravity or Gigantamax Orbeetle are banned\n|rule|Endless Battle Clause: Forcing endless battles is banned\n|rule|HP Percentage Mod: HP is shown in percentages\n|clearpoke\n|poke|p1|Landorus-Therian, M|\n|poke|p1|Arcanine-Hisui, F|\n|poke|p1|Ting-Lu|\n|poke|p1|Salamence, F|\n|poke|p1|Wyrdeer, F|\n|poke|p1|Overqwil, M|\n|poke|p2|Kommo-o, F|\n|poke|p2|Shiftry, F|\n|poke|p2|Tornadus, M|\n|poke|p2|Arcanine-Hisui, F|\n|poke|p2|Sinistcha-Masterpiece|\n|poke|p2|Ninetales-Alola, M|\n|teampreview\n|inactive|Battle timer is ON: inactive players will automatically lose when time's up. (requested by Jourvicious)\n|\n|t:|1698714081\n|start\n|switch|p1a: Arcanine|Arcanine-Hisui, F|100\/100\n|switch|p1b: Landorus|Landorus-Therian, M|100\/100\n|switch|p2a: Tornadus|Tornadus, M|100\/100\n|switch|p2b: Arcanine|Arcanine-Hisui, F|100\/100\n|-ability|p1b: Landorus|Intimidate|boost\n|-unboost|p2a: Tornadus|atk|1\n|-unboost|p2b: Arcanine|atk|1\n|-ability|p1a: Arcanine|Intimidate|boost\n|-unboost|p2a: Tornadus|atk|1\n|-unboost|p2b: Arcanine|atk|1\n|-ability|p2b: Arcanine|Intimidate|boost\n|-unboost|p1a: Arcanine|atk|1\n|-unboost|p1b: Landorus|atk|1\n|turn|1\n|\n|t:|1698714095\n|switch|p1b: Wyrdeer|Wyrdeer, F|100\/100\n|-ability|p1b: Wyrdeer|Intimidate|boost\n|-unboost|p2a: Tornadus|atk|1\n|-unboost|p2b: Arcanine|atk|1\n|switch|p1a: Salamence|Salamence, F|100\/100\n|-ability|p1a: Salamence|Intimidate|boost\n|-unboost|p2a: Tornadus|atk|1\n|-unboost|p2b: Arcanine|atk|1\n|move|p2a: Tornadus|Tailwind|p2a: Tornadus\n|-sidestart|p2: Jourvicious|move: Tailwind\n|move|p2b: Arcanine|Rock Slide|p1b: Wyrdeer|[spread] p1a\n|-miss|p2b: Arcanine|p1b: Wyrdeer\n|-supereffective|p1a: Salamence\n|-damage|p1a: Salamence|66\/100\n|\n|upkeep\n|turn|2\n|c|\u2606Jourvicious|holy intimidate\n|\n|t:|1698714123\n|switch|p2b: Ninetales|Ninetales-Alola, M|100\/100\n|-weather|Snow|[from] ability: Snow Warning|[of] p2b: Ninetales\n|move|p2a: Tornadus|Bleakwind Storm|p1b: Wyrdeer|[spread] p1b\n|-miss|p2a: Tornadus|p1a: Salamence\n|-damage|p1b: Wyrdeer|67\/100\n|-unboost|p1b: Wyrdeer|spe|1\n|move|p1a: Salamence|Dragon Dance|p1a: Salamence\n|-boost|p1a: Salamence|atk|1\n|-boost|p1a: Salamence|spe|1\n|move|p1b: Wyrdeer|Earth Power|p2b: Ninetales\n|-damage|p2b: Ninetales|65\/100\n|\n|-weather|Snow|[upkeep]\n|-heal|p1b: Wyrdeer|73\/100|[from] item: Leftovers\n|upkeep\n|turn|3\n|\n|t:|1698714142\n|move|p2b: Ninetales|Blizzard|p1a: Salamence|[spread] p1a,p1b\n|-supereffective|p1a: Salamence\n|-damage|p1a: Salamence|0 fnt\n|-damage|p1b: Wyrdeer|42\/100\n|-status|p1b: Wyrdeer|frz\n|faint|p1a: Salamence\n|move|p2a: Tornadus|Bleakwind Storm|p1b: Wyrdeer\n|-damage|p1b: Wyrdeer|0 fnt\n|faint|p1b: Wyrdeer\n|\n|-weather|Snow|[upkeep]\n|upkeep\n|-message|knonb ol forfeited.\n|\n|win|Jourvicious\n|raw|knonb ol's rating: 1240 &rarr; <strong>1221<\/strong><br \/>(-19 for losing)\n|raw|Jourvicious's rating: 1327 &rarr; <strong>1342<\/strong><br \/>(+15 for winning)\n|l|\u2606knonb ol\n","uploadtime":1698714154,"views":20,"p1id":"knonbol","p2id":"jourvicious","formatid":"gen9doublesou","rating":1221,"private":0,"password":""}