{"id":"gen9doublesou-1984206965","p1":"gahdhtdaahfdha","p2":"agafdhfdahfda","format":"[Gen 9] Doubles OU","log":"|j|\u2606gahdhtdaahfdha\n|j|\u2606agafdhfdahfda\n|t:|1699230165\n|gametype|doubles\n|player|p1|gahdhtdaahfdha|169|\n|player|p2|agafdhfdahfda|265|\n|teamsize|p1|3\n|teamsize|p2|3\n|gen|9\n|tier|[Gen 9] Doubles OU\n|rule|Species Clause: Limit one of each Pok\u00e9mon\n|rule|OHKO Clause: OHKO moves are banned\n|rule|Evasion Moves Clause: Evasion moves are banned\n|rule|Gravity Sleep Clause: The combination of sleep-inducing moves with imperfect accuracy and Gravity or Gigantamax Orbeetle are banned\n|rule|Endless Battle Clause: Forcing endless battles is banned\n|rule|HP Percentage Mod: HP is shown in percentages\n|clearpoke\n|poke|p1|Weezing-Galar, M|\n|poke|p1|Greninja-*, M|\n|poke|p1|Numel, M|\n|poke|p2|Weezing-Galar, M|\n|poke|p2|Greninja-*, M|\n|poke|p2|Numel, M|\n|teampreview\n|\n|t:|1699230170\n|start\n|switch|p1a: Weezing|Weezing-Galar, M|100\/100\n|switch|p1b: Numel|Numel, M|100\/100\n|switch|p2a: Weezing|Weezing-Galar, M|100\/100\n|switch|p2b: Greninja|Greninja, M|100\/100\n|-ability|p2a: Weezing|Neutralizing Gas\n|-ability|p1a: Weezing|Neutralizing Gas\n|turn|1\n|\n|t:|1699230187\n|move|p2b: Greninja|Water Shuriken|p1b: Numel\n|-supereffective|p1b: Numel\n|-damage|p1b: Numel|0 fnt\n|faint|p1b: Numel\n|-ability|p2b: Greninja|Battle Bond|boost\n|-boost|p2b: Greninja|atk|1\n|-boost|p2b: Greninja|spa|1\n|-boost|p2b: Greninja|spe|1\n|-activate|p2b: Greninja|ability: Battle Bond\n|-hitcount|p1: Numel|1\n|move|p2a: Weezing|Curse|p2a: Weezing\n|-unboost|p2a: Weezing|spe|1\n|-boost|p2a: Weezing|atk|1\n|-boost|p2a: Weezing|def|1\n|move|p1a: Weezing|Curse|p1a: Weezing\n|-unboost|p1a: Weezing|spe|1\n|-boost|p1a: Weezing|atk|1\n|-boost|p1a: Weezing|def|1\n|\n|upkeep\n|-message|agafdhfdahfda forfeited.\n|\n|win|gahdhtdaahfdha\n|l|\u2606agafdhfdahfda\n","uploadtime":1699230208,"views":13,"p1id":"gahdhtdaahfdha","p2id":"agafdhfdahfda","formatid":"gen9doublesou","rating":0,"private":0,"password":""}