{"id":"gen9doublesou-1986133852","p1":"Hokusaid","p2":"sdmiiu","format":"[Gen 9] Doubles OU","log":"|j|\u2606Hokusaid\n|j|\u2606sdmiiu\n|t:|1699453448\n|gametype|doubles\n|player|p1|Hokusaid|bruno|1102\n|player|p2|sdmiiu|red|1097\n|teamsize|p1|6\n|teamsize|p2|6\n|gen|9\n|tier|[Gen 9] Doubles OU\n|rated|\n|rule|Species Clause: Limit one of each Pok\u00e9mon\n|rule|OHKO Clause: OHKO moves are banned\n|rule|Evasion Moves Clause: Evasion moves are banned\n|rule|Gravity Sleep Clause: The combination of sleep-inducing moves with imperfect accuracy and Gravity or Gigantamax Orbeetle are banned\n|rule|Endless Battle Clause: Forcing endless battles is banned\n|rule|HP Percentage Mod: HP is shown in percentages\n|clearpoke\n|poke|p1|Mudsdale, F|\n|poke|p1|Tornadus, M|\n|poke|p1|Lilligant-Hisui, F|\n|poke|p1|Torkoal, F|\n|poke|p1|Roaring Moon|\n|poke|p1|Froslass, F|\n|poke|p2|Braviary-Hisui, M|\n|poke|p2|Cyclizar, M|\n|poke|p2|Clefable, M|\n|poke|p2|Gengar, F|\n|poke|p2|Lucario, F|\n|poke|p2|Weavile, F|\n|teampreview\n|inactive|Battle timer is ON: inactive players will automatically lose when time's up. (requested by sdmiiu)\n|\n|t:|1699453471\n|start\n|switch|p1a: Lilligant|Lilligant-Hisui, F|100\/100\n|switch|p1b: Torkoal|Torkoal, F|100\/100\n|switch|p2a: Lucario|Lucario, F|100\/100\n|switch|p2b: Weavile|Weavile, F|100\/100\n|-ability|p2b: Weavile|Pressure\n|-weather|SunnyDay|[from] ability: Drought|[of] p1b: Torkoal\n|turn|1\n|\n|t:|1699453491\n|move|p1a: Lilligant|After You|p1b: Torkoal\n|-activate|p1b: Torkoal|move: After You\n|move|p1b: Torkoal|Eruption|p2a: Lucario|[spread] p2a,p2b\n|-supereffective|p2a: Lucario\n|-supereffective|p2b: Weavile\n|-damage|p2a: Lucario|0 fnt\n|-damage|p2b: Weavile|0 fnt\n|faint|p2a: Lucario\n|faint|p2b: Weavile\n|\n|-weather|SunnyDay|[upkeep]\n|upkeep\n|\n|t:|1699453509\n|switch|p2b: Braviary|Braviary-Hisui, M|100\/100\n|switch|p2a: Cyclizar|Cyclizar, M|100\/100\n|turn|2\n|\n|t:|1699453526\n|-terastallize|p1b: Torkoal|Fire\n|move|p1a: Lilligant|After You|p1b: Torkoal\n|-activate|p1b: Torkoal|move: After You\n|move|p1b: Torkoal|Eruption|p2b: Braviary|[spread] p2a,p2b\n|-resisted|p2a: Cyclizar\n|-damage|p2a: Cyclizar|0 fnt\n|-damage|p2b: Braviary|0 fnt\n|faint|p2a: Cyclizar\n|faint|p2b: Braviary\n|\n|-weather|SunnyDay|[upkeep]\n|upkeep\n|\n|t:|1699453535\n|switch|p2a: Clefable|Clefable, M|100\/100\n|switch|p2b: Gengar|Gengar, F|100\/100\n|turn|3\n|\n|t:|1699453562\n|move|p2a: Clefable|Follow Me|p2a: Clefable\n|-singleturn|p2a: Clefable|move: Follow Me\n|move|p1a: Lilligant|After You||[still]\n|-fail|p1a: Lilligant\n|move|p2b: Gengar|Sludge Bomb|p1a: Lilligant\n|-supereffective|p1a: Lilligant\n|-enditem|p1a: Lilligant|Focus Sash\n|-damage|p1a: Lilligant|1\/100\n|-status|p1a: Lilligant|psn\n|move|p1b: Torkoal|Eruption|p2a: Clefable|[spread] p2a,p2b\n|-damage|p2a: Clefable|0 fnt\n|-enditem|p2b: Gengar|Focus Sash\n|-damage|p2b: Gengar|1\/100\n|-start|p1b: Torkoal|Disable|Eruption|[from] ability: Cursed Body|[of] p2b: Gengar\n|faint|p2a: Clefable\n|\n|-weather|SunnyDay|[upkeep]\n|-damage|p1a: Lilligant|0 fnt|[from] psn\n|faint|p1a: Lilligant\n|upkeep\n|-message|sdmiiu forfeited.\n|\n|win|Hokusaid\n|raw|Hokusaid's rating: 1102 &rarr; <strong>1127<\/strong><br \/>(+25 for winning)\n|raw|sdmiiu's rating: 1097 &rarr; <strong>1073<\/strong><br \/>(-24 for losing)\n|l|\u2606sdmiiu\n","uploadtime":1699453594,"views":39,"p1id":"hokusaid","p2id":"sdmiiu","formatid":"gen9doublesou","rating":1073,"private":0,"password":""}