{"id":"gen9doublesou-1991958494","p1":"IcepokemonOp","p2":"Blue Syrius","format":"[Gen 9] Doubles OU","log":"|j|\u203dIcepokemonOp\n|j|\u2606Blue Syrius\n|t:|1700142561\n|gametype|doubles\n|player|p1|IcepokemonOp|psychic|1199\n|player|p2|Blue Syrius|ninjaboy|1340\n|teamsize|p1|6\n|teamsize|p2|6\n|gen|9\n|tier|[Gen 9] Doubles OU\n|rated|\n|rule|Species Clause: Limit one of each Pok\u00e9mon\n|rule|OHKO Clause: OHKO moves are banned\n|rule|Evasion Moves Clause: Evasion moves are banned\n|rule|Gravity Sleep Clause: The combination of sleep-inducing moves with imperfect accuracy and Gravity or Gigantamax Orbeetle are banned\n|rule|Endless Battle Clause: Forcing endless battles is banned\n|rule|HP Percentage Mod: HP is shown in percentages\n|clearpoke\n|poke|p1|Lilligant-Hisui, F|\n|poke|p1|Torkoal, F|\n|poke|p1|Armarouge, F|\n|poke|p1|Volcanion|\n|poke|p1|Sunflora, F|\n|poke|p1|Sinistcha|\n|poke|p2|Farigiraf, F|\n|poke|p2|Chien-Pao|\n|poke|p2|Garchomp, M|\n|poke|p2|Tornadus, M|\n|poke|p2|Flutter Mane|\n|poke|p2|Chi-Yu|\n|teampreview\n|\n|t:|1700142572\n|start\n|switch|p1a: Sunflora|Sunflora, F|100\/100\n|switch|p1b: Torkoal|Torkoal, F|100\/100\n|switch|p2a: Psyshock|Flutter Mane|100\/100\n|switch|p2b: Protect|Chi-Yu|100\/100\n|-ability|p2b: Protect|Beads of Ruin\n|-weather|SunnyDay|[from] ability: Drought|[of] p1b: Torkoal\n|-activate|p2a: Psyshock|ability: Protosynthesis\n|-start|p2a: Psyshock|protosynthesisspa\n|turn|1\n|inactive|Battle timer is ON: inactive players will automatically lose when time's up. (requested by Blue Syrius)\n|\n|t:|1700142593\n|-terastallize|p1a: Sunflora|Fire\n|move|p2b: Protect|Dark Pulse|p1a: Sunflora\n|-damage|p1a: Sunflora|30\/100\n|move|p2a: Psyshock|Shadow Ball|p1b: Torkoal\n|-damage|p1b: Torkoal|0 fnt\n|faint|p1b: Torkoal\n|move|p1a: Sunflora|Earth Power|p2b: Protect\n|-supereffective|p2b: Protect\n|-damage|p2b: Protect|0 fnt\n|faint|p2b: Protect\n|-damage|p1a: Sunflora|20\/100|[from] item: Life Orb\n|\n|-weather|SunnyDay|[upkeep]\n|-damage|p1a: Sunflora|8\/100|[from] ability: Solar Power|[of] p1a: Sunflora\n|upkeep\n|inactive|Blue Syrius has 120 seconds left.\n|\n|t:|1700142626\n|switch|p2b: Trick Room|Farigiraf, F|100\/100\n|switch|p1b: Lilligant|Lilligant-Hisui, F|100\/100\n|turn|2\n|inactive|IcepokemonOp has 120 seconds left.\n|\n|t:|1700142670\n|move|p1b: Lilligant|After You|p1a: Sunflora\n|-activate|p1a: Sunflora|move: After You\n|move|p1a: Sunflora|Solar Beam||[still]\n|-prepare|p1a: Sunflora|Solar Beam\n|-anim|p1a: Sunflora|Solar Beam|p2b: Trick Room\n|-damage|p2b: Trick Room|0 fnt\n|faint|p2b: Trick Room\n|-damage|p1a: Sunflora|0 fnt|[from] item: Life Orb\n|faint|p1a: Sunflora\n|move|p2a: Psyshock|Dazzling Gleam|p1b: Lilligant\n|-supereffective|p1b: Lilligant\n|-damage|p1b: Lilligant|0 fnt\n|faint|p1b: Lilligant\n|\n|-weather|SunnyDay|[upkeep]\n|upkeep\n|\n|t:|1700142685\n|switch|p1b: Sinistcha|Sinistcha|100\/100\n|switch|p2b: Nasty Plot|Tornadus, M|100\/100\n|switch|p1a: Armarouge|Armarouge, F|100\/100\n|turn|3\n|\n|t:|1700142701\n|move|p2b: Nasty Plot|Taunt|p1b: Sinistcha\n|-start|p1b: Sinistcha|move: Taunt\n|move|p2a: Psyshock|Shadow Ball|p1a: Armarouge\n|-supereffective|p1a: Armarouge\n|-damage|p1a: Armarouge|0 fnt\n|faint|p1a: Armarouge\n|move|p1b: Sinistcha|Shadow Ball|p2a: Psyshock\n|-supereffective|p2a: Psyshock\n|-damage|p2a: Psyshock|28\/100\n|\n|-weather|SunnyDay|[upkeep]\n|upkeep\n|\n|t:|1700142707\n|switch|p1a: Volcanion|Volcanion|100\/100\n|turn|4\n|inactive|IcepokemonOp has 120 seconds left.\n|l|\u203dIcepokemonOp\n|inactive|IcepokemonOp disconnected and has a minute to reconnect!\n|player|p1|\n|inactive|IcepokemonOp has 30 seconds to reconnect!\n|inactive|IcepokemonOp has 20 seconds to reconnect!\n|inactive|IcepokemonOp has 15 seconds to reconnect!\n|c|\u2606Blue Syrius|Thanks for the game and thanks for making me wait.\n|c|\u2606Blue Syrius|It was a pleasure.\n|inactive|IcepokemonOp has 10 seconds to reconnect!\n|inactive|IcepokemonOp has 5 seconds to reconnect!\n|-message|IcepokemonOp lost due to inactivity.\n|\n|win|Blue Syrius\n|raw|IcepokemonOp's rating: 1199 &rarr; <strong>1184<\/strong><br \/>(-15 for losing)\n|raw|Blue Syrius's rating: 1340 &rarr; <strong>1352<\/strong><br \/>(+12 for winning)\n","uploadtime":1700142801,"views":13,"p1id":"icepokemonop","p2id":"bluesyrius","formatid":"gen9doublesou","rating":1184,"private":0,"password":""}