{"id":"gen9doublesou-1987981185","p1":"McCraleb","p2":"slytherino","format":"[Gen 9] Doubles OU","log":"|j|\u2606McCraleb\n|j|\u2606slytherino\n|t:|1699655600\n|gametype|doubles\n|player|p1|McCraleb|koga|1111\n|player|p2|slytherino|aaron|1113\n|teamsize|p1|6\n|teamsize|p2|6\n|gen|9\n|tier|[Gen 9] Doubles OU\n|rated|\n|rule|Species Clause: Limit one of each Pok\u00e9mon\n|rule|OHKO Clause: OHKO moves are banned\n|rule|Evasion Moves Clause: Evasion moves are banned\n|rule|Gravity Sleep Clause: The combination of sleep-inducing moves with imperfect accuracy and Gravity or Gigantamax Orbeetle are banned\n|rule|Endless Battle Clause: Forcing endless battles is banned\n|rule|HP Percentage Mod: HP is shown in percentages\n|clearpoke\n|poke|p1|Palafin, F|\n|poke|p1|Dragonite, F|\n|poke|p1|Jumpluff, F|\n|poke|p1|Golduck, M|\n|poke|p1|Torkoal, M|\n|poke|p1|Espeon, F|\n|poke|p2|Kingambit, M|\n|poke|p2|Dragonite, M|\n|poke|p2|Cresselia, F|\n|poke|p2|Rillaboom, F|\n|poke|p2|Gardevoir, M|\n|poke|p2|Ursaluna-Bloodmoon, M|\n|teampreview\n|\n|t:|1699655607\n|start\n|switch|p1a: Ducky|Golduck, M, shiny|100\/100\n|switch|p1b: Catalyst|Dragonite, F|100\/100\n|switch|p2a: Dragonite|Dragonite, M, shiny|100\/100\n|switch|p2b: Cresselia|Cresselia, F, shiny|100\/100\n|turn|1\n|\n|t:|1699655630\n|-terastallize|p1b: Catalyst|Fire\n|move|p1a: Ducky|Simple Beam|p1b: Catalyst\n|-endability|p1b: Catalyst|Multiscale|[from] move: Simple Beam\n|-ability|p1b: Catalyst|Simple|[from] move: Simple Beam\n|move|p1b: Catalyst|Dragon Dance|p1b: Catalyst\n|-boost|p1b: Catalyst|atk|2\n|-boost|p1b: Catalyst|spe|2\n|move|p2b: Cresselia|Calm Mind|p2b: Cresselia\n|-boost|p2b: Cresselia|spa|1\n|-boost|p2b: Cresselia|spd|1\n|move|p2a: Dragonite|Outrage|p1a: Ducky\n|-damage|p1a: Ducky|29\/100\n|\n|upkeep\n|turn|2\n|\n|t:|1699655657\n|move|p1a: Ducky|Aqua Jet|p1b: Catalyst\n|-supereffective|p1b: Catalyst\n|-damage|p1b: Catalyst|76\/100\n|-enditem|p1b: Catalyst|Weakness Policy\n|-boost|p1b: Catalyst|atk|4|[from] item: Weakness Policy\n|-boost|p1b: Catalyst|spa|4|[from] item: Weakness Policy\n|move|p1b: Catalyst|Tera Blast|p2b: Cresselia|[anim] Tera Blast Fire\n|-damage|p2b: Cresselia|0 fnt\n|faint|p2b: Cresselia\n|move|p2a: Dragonite|Outrage|p1a: Ducky|[from]lockedmove\n|-damage|p1a: Ducky|0 fnt\n|faint|p1a: Ducky\n|-start|p2a: Dragonite|confusion|[fatigue]\n|\n|upkeep\n|\n|t:|1699655698\n|switch|p1a: Dandelion|Jumpluff, F, shiny|100\/100\n|switch|p2b: Ursaluna|Ursaluna-Bloodmoon, M|100\/100\n|turn|3\n|\n|t:|1699655729\n|move|p1b: Catalyst|Tera Blast|p2b: Ursaluna|[anim] Tera Blast Fire\n|-damage|p2b: Ursaluna|0 fnt\n|faint|p2b: Ursaluna\n|move|p1a: Dandelion|Sleep Powder|p2a: Dragonite\n|-status|p2a: Dragonite|slp|[from] move: Sleep Powder\n|cant|p2a: Dragonite|slp\n|\n|upkeep\n|\n|t:|1699655749\n|switch|p2b: Rillaboom|Rillaboom, F|100\/100\n|-fieldstart|move: Grassy Terrain|[from] ability: Grassy Surge|[of] p2b: Rillaboom\n|turn|4\n|\n|t:|1699655800\n|move|p2b: Rillaboom|Grassy Glide|p1b: Catalyst\n|-resisted|p1b: Catalyst\n|-damage|p1b: Catalyst|61\/100\n|move|p1b: Catalyst|Tera Blast|p2b: Rillaboom|[anim] Tera Blast Fire\n|-supereffective|p2b: Rillaboom\n|-damage|p2b: Rillaboom|0 fnt\n|faint|p2b: Rillaboom\n|move|p1a: Dandelion|Pollen Puff|p1b: Catalyst\n|-heal|p1b: Catalyst|100\/100\n|cant|p2a: Dragonite|slp\n|\n|upkeep\n|-message|slytherino forfeited.\n|\n|win|McCraleb\n|raw|McCraleb's rating: 1111 &rarr; <strong>1136<\/strong><br \/>(+25 for winning)\n|raw|slytherino's rating: 1113 &rarr; <strong>1088<\/strong><br \/>(-25 for losing)\n|l|\u2606slytherino\n","uploadtime":1699655819,"views":13,"p1id":"mccraleb","p2id":"slytherino","formatid":"gen9doublesou","rating":1088,"private":0,"password":""}