{"id":"gen9doublesou-1973506142","p1":"Kirbstomp101","p2":"Oddsworth","format":"[Gen 9] Doubles OU","log":"|j|\u2606Kirbstomp101\n|j|\u2606Oddsworth\n|t:|1697984917\n|gametype|doubles\n|player|p1|Kirbstomp101|pokekid|1105\n|player|p2|Oddsworth|cowgirl|1044\n|teamsize|p1|6\n|teamsize|p2|6\n|gen|9\n|tier|[Gen 9] Doubles OU\n|rated|\n|rule|Species Clause: Limit one of each Pok\u00e9mon\n|rule|OHKO Clause: OHKO moves are banned\n|rule|Evasion Moves Clause: Evasion moves are banned\n|rule|Gravity Sleep Clause: The combination of sleep-inducing moves with imperfect accuracy and Gravity or Gigantamax Orbeetle are banned\n|rule|Endless Battle Clause: Forcing endless battles is banned\n|rule|HP Percentage Mod: HP is shown in percentages\n|clearpoke\n|poke|p1|Golduck, F|\n|poke|p1|Polteageist|\n|poke|p1|Barraskewda, F|\n|poke|p1|Sylveon, F|\n|poke|p1|Indeedee-F, F|\n|poke|p1|Flamigo, F|\n|poke|p2|Infernape, M|\n|poke|p2|Empoleon, M|\n|poke|p2|Ninetales-Alola, F|\n|poke|p2|Iron Bundle|\n|poke|p2|Dragonite, M|\n|poke|p2|Dusknoir, M|\n|teampreview\n|inactive|Battle timer is ON: inactive players will automatically lose when time's up. (requested by Kirbstomp101)\n|\n|t:|1697984922\n|start\n|switch|p1a: Golduck|Golduck, F|100\/100\n|switch|p1b: Polteageist|Polteageist|100\/100\n|switch|p2a: Mobonkey|Infernape, M|100\/100\n|switch|p2b: Pebemgin|Empoleon, M|100\/100\n|turn|1\n|\n|t:|1697984942\n|move|p2a: Mobonkey|Fire Pledge|p1b: Polteageist\n|-waiting|p2a: Mobonkey|p2b: Pebemgin\n|move|p2b: Pebemgin|Water Pledge|p1b: Polteageist|[from]move: Fire Pledge\n|-combine\n|-damage|p1b: Polteageist|37\/100\n|-sidestart|p2: Oddsworth|Water Pledge\n|move|p1a: Golduck|Simple Beam|p1b: Polteageist\n|-endability|p1b: Polteageist|Weak Armor|[from] move: Simple Beam\n|-ability|p1b: Polteageist|Simple|[from] move: Simple Beam\n|move|p1b: Polteageist|Shell Smash|p1b: Polteageist\n|-unboost|p1b: Polteageist|def|2\n|-unboost|p1b: Polteageist|spd|2\n|-boost|p1b: Polteageist|atk|4\n|-boost|p1b: Polteageist|spa|4\n|-boost|p1b: Polteageist|spe|4\n|\n|upkeep\n|turn|2\n|inactive|Kirbstomp101 has 120 seconds left.\n|c|\u2606Kirbstomp101|Ooooh\n|c|\u2606Kirbstomp101|lol\n|c|\u2606Oddsworth|XD\n|\n|t:|1697984999\n|move|p1b: Polteageist|Stored Power|p2a: Mobonkey\n|-supereffective|p2a: Mobonkey\n|-damage|p2a: Mobonkey|0 fnt\n|faint|p2a: Mobonkey\n|move|p1a: Golduck|Flip Turn|p2b: Pebemgin\n|-resisted|p2b: Pebemgin\n|-damage|p2b: Pebemgin|91\/100\n|\n|t:|1697985008\n|switch|p1a: Flamigo|Flamigo, F|100\/100|[from] Flip Turn\n|-copyboost|p1a: Flamigo|p1b: Polteageist|[from] ability: Costar\n|move|p2b: Pebemgin|Roar|p1b: Polteageist\n|drag|p1b: Indeedee|Indeedee-F, F|100\/100\n|-fieldstart|move: Psychic Terrain|[from] ability: Psychic Surge|[of] p1b: Indeedee\n|\n|upkeep\n|\n|t:|1697985029\n|switch|p2a: Dubusknewoir|Dusknoir, M|100\/100\n|-item|p1a: Flamigo|Focus Sash|[from] ability: Frisk|[of] p2a: Dubusknewoir|[identify]\n|-item|p1b: Indeedee|Terrain Extender|[from] ability: Frisk|[of] p2a: Dubusknewoir|[identify]\n|turn|3\n|c|\u2606Kirbstomp101|What does rainbow do?\n|inactive|Kirbstomp101 has 120 seconds left.\n|c|\u2606Oddsworth|You\u2019ll find out\n|\n|t:|1697985044\n|move|p1b: Indeedee|Follow Me|p1b: Indeedee\n|-singleturn|p1b: Indeedee|move: Follow Me\n|move|p1a: Flamigo|Close Combat|p2b: Pebemgin\n|-supereffective|p2b: Pebemgin\n|-damage|p2b: Pebemgin|0 fnt\n|-unboost|p1a: Flamigo|def|1\n|-unboost|p1a: Flamigo|spd|1\n|faint|p2b: Pebemgin\n|move|p2a: Dubusknewoir|Blizzard|p1a: Flamigo|[spread] p1a,p1b\n|-supereffective|p1a: Flamigo\n|-enditem|p1a: Flamigo|Focus Sash\n|-damage|p1a: Flamigo|1\/100\n|-damage|p1b: Indeedee|75\/100\n|\n|upkeep\n|\n|t:|1697985071\n|switch|p2b: Drabagnite|Dragonite, M|100\/100\n|turn|4\n|\n|t:|1697985081\n|move|p1b: Indeedee|Follow Me|p1b: Indeedee\n|-singleturn|p1b: Indeedee|move: Follow Me\n|move|p1a: Flamigo|Throat Chop|p2a: Dubusknewoir\n|-supereffective|p2a: Dubusknewoir\n|-damage|p2a: Dubusknewoir|0 fnt\n|faint|p2a: Dubusknewoir\n|move|p2b: Drabagnite|Blizzard|p1b: Indeedee|[spread] p1a,p1b\n|-supereffective|p1a: Flamigo\n|-damage|p1a: Flamigo|0 fnt\n|-damage|p1b: Indeedee|42\/100\n|faint|p1a: Flamigo\n|\n|-sideend|p2: Oddsworth|Water Pledge\n|upkeep\n|c|\u2606Kirbstomp101|Hmmmmm\n|c|\u2606Kirbstomp101|wait I think I know\n|inactive|Kirbstomp101 has 120 seconds left.\n|c|\u2606Oddsworth|Take your guesses\n|c|\u2606Kirbstomp101|Rainbow is like serene grace\n|c|\u2606Oddsworth|Yep\n|c|\u2606Kirbstomp101|your fishing for a freeze\n|c|\u2606Oddsworth|Yep\n|\n|t:|1697985132\n|switch|p1a: Polteageist|Polteageist|37\/100\n|switch|p2a: Nibinenales|Ninetales-Alola, F|100\/100\n|-weather|Snow|[from] ability: Snow Warning|[of] p2a: Nibinenales\n|turn|5\n|c|\u2606Kirbstomp101|That\u2019s cool\n|inactive|Kirbstomp101 has 120 seconds left.\n|c|\u2606Oddsworth|Not like I need to fish for it exactly\n|\n|t:|1697985145\n|move|p2a: Nibinenales|Blizzard|p1a: Polteageist|[spread] p1a,p1b\n|-damage|p1a: Polteageist|0 fnt\n|-damage|p1b: Indeedee|0 fnt\n|faint|p1a: Polteageist\n|faint|p1b: Indeedee\n|move|p2b: Drabagnite|Blizzard|p1: Polteageist|[notarget]\n|-fail|p2b: Drabagnite\n|\n|-weather|Snow|[upkeep]\n|upkeep\n|\n|t:|1697985154\n|switch|p1a: Sylveon|Sylveon, F|100\/100\n|switch|p1b: Barraskewda|Barraskewda, F|100\/100\n|turn|6\n|c|\u2606Oddsworth|4\/6 of my Pok\u00e9mon have Blizzard\n|\n|t:|1697985162\n|-terastallize|p2a: Nibinenales|Ice\n|move|p1b: Barraskewda|Acupressure|p1a: Sylveon\n|-boost|p1a: Sylveon|spa|2\n|move|p2a: Nibinenales|Blizzard|p1b: Barraskewda|[spread] p1a,p1b\n|-resisted|p1b: Barraskewda\n|-damage|p1a: Sylveon|51\/100\n|-damage|p1b: Barraskewda|33\/100\n|move|p2b: Drabagnite|Blizzard|p1b: Barraskewda|[spread] p1a,p1b\n|-resisted|p1b: Barraskewda\n|-damage|p1a: Sylveon|20\/100\n|-damage|p1b: Barraskewda|0 fnt\n|faint|p1b: Barraskewda\n|move|p1a: Sylveon|Hyper Voice|p2a: Nibinenales|[spread] p2a,p2b\n|-supereffective|p2b: Drabagnite\n|-damage|p2a: Nibinenales|4\/100\n|-damage|p2b: Drabagnite|0 fnt\n|faint|p2b: Drabagnite\n|\n|-weather|Snow|[upkeep]\n|-heal|p1a: Sylveon|26\/100|[from] item: Leftovers\n|upkeep\n|c|\u2606Kirbstomp101|Oh lol\n|\n|t:|1697985176\n|switch|p1b: Golduck|Golduck, F|100\/100\n|switch|p2b: Eyeron Bnundel|Iron Bundle|100\/100\n|turn|7\n|c|\u2606Oddsworth|Plus 2\/6 of my Pok\u00e9mon have Freeze Dry\n|\n|t:|1697985192\n|move|p2b: Eyeron Bnundel|Blizzard|p1b: Golduck|[spread] p1a,p1b\n|-resisted|p1b: Golduck\n|-damage|p1a: Sylveon|0 fnt\n|-damage|p1b: Golduck|66\/100\n|faint|p1a: Sylveon\n|move|p2a: Nibinenales|Blizzard|p1b: Golduck\n|-resisted|p1b: Golduck\n|-crit|p1b: Golduck\n|-damage|p1b: Golduck|0 fnt\n|faint|p1b: Golduck\n|\n|win|Oddsworth\n|raw|Kirbstomp101's rating: 1105 &rarr; <strong>1076<\/strong><br \/>(-29 for losing)\n|raw|Oddsworth's rating: 1044 &rarr; <strong>1083<\/strong><br \/>(+39 for winning)\n|c|\u2606Kirbstomp101|Yep that\u2019ll do it\n|c|\u2606Oddsworth|Want my team?\n|c|\u2606Kirbstomp101|Yeah sure\n|c|\u2606Oddsworth|it\u2019s pretty unique\n|c|\u2606Oddsworth|!showteam\n|c| Oddsworth|\/raw <div class=\"infobox\"><details><summary>View team<\/summary>Mobonkey (Infernape) (M) @ Metronome  <br \/>Ability: Blaze  <br \/>Tera Type: Fire  <br \/>EVs: 252 HP &#x2f; 4 SpA &#x2f; 252 Spe  <br \/>Timid Nature  <br \/>IVs: 0 Atk  <br \/>- Fire Pledge  <br \/>- Encore  <br \/>- Roar  <br \/>- Torment  <br \/><br \/>Pebemgin (Empoleon) (M) @ Metronome  <br \/>Ability: Torrent  <br \/>Tera Type: Water  <br \/>EVs: 252 HP &#x2f; 4 SpA &#x2f; 252 SpD  <br \/>Calm Nature  <br \/>IVs: 0 Atk  <br \/>- Water Pledge  <br \/>- Haze  <br \/>- Roar  <br \/>- Stealth Rock  <br \/><br \/>Nibinenales (Ninetales-Alola) (F) @ Choice Specs  <br \/>Ability: Snow Warning  <br \/>Tera Type: Ice  <br \/>EVs: 252 SpA &#x2f; 4 SpD &#x2f; 252 Spe  <br \/>Timid Nature  <br \/>IVs: 0 Atk  <br \/>- Blizzard  <br \/>- Extrasensory  <br \/>- Chilling Water  <br \/>- Freeze-Dry  <br \/><br \/>Eyeron Bnundel (Iron Bundle) @ Choice Specs  <br \/>Ability: Quark Drive  <br \/>Tera Type: Ice  <br \/>EVs: 252 SpA &#x2f; 4 SpD &#x2f; 252 Spe  <br \/>Timid Nature  <br \/>IVs: 0 Atk  <br \/>- Blizzard  <br \/>- Hydro Pump  <br \/>- Tera Blast  <br \/>- Freeze-Dry  <br \/><br \/>Drabagnite (Dragonite) (M) @ Choice Specs  <br \/>Ability: Inner Focus  <br \/>Tera Type: Dragon  <br \/>EVs: 252 SpA &#x2f; 4 SpD &#x2f; 252 Spe  <br \/>Timid Nature  <br \/>IVs: 0 Atk  <br \/>- Blizzard  <br \/>- Air Slash  <br \/>- Draco Meteor  <br \/>- Thunder  <br \/><br \/>Dubusknewoir (Dusknoir) (M) @ Choice Specs  <br \/>Ability: Frisk  <br \/>Tera Type: Ghost  <br \/>EVs: 252 HP &#x2f; 252 SpA &#x2f; 4 SpD  <br \/>Modest Nature  <br \/>IVs: 0 Atk  <br \/>- Blizzard  <br \/>- Ice Beam  <br \/>- Psychic  <br \/>- Dark Pulse  <br \/><br \/><\/details><\/div>\n|c|\u2606Kirbstomp101|Thanks\n|c|\u2606Oddsworth|No problem!\n|c|\u2606Kirbstomp101|and ggwp\n|c|\u2606Oddsworth|ggwp!\n","uploadtime":1697985660,"views":26,"p1id":"kirbstomp101","p2id":"oddsworth","formatid":"gen9doublesou","rating":1076,"private":0,"password":""}