{"id":"gen9doublesou-1974517809","p1":"Thehombre","p2":"newplayerbenice","format":"[Gen 9] Doubles OU","log":"|j|\u2606Thehombre\n|j|\u2606newplayerbenice\n|t:|1698093631\n|gametype|doubles\n|player|p1|Thehombre|265|1062\n|player|p2|newplayerbenice|265|1049\n|teamsize|p1|5\n|teamsize|p2|6\n|gen|9\n|tier|[Gen 9] Doubles OU\n|rated|\n|rule|Species Clause: Limit one of each Pok\u00e9mon\n|rule|OHKO Clause: OHKO moves are banned\n|rule|Evasion Moves Clause: Evasion moves are banned\n|rule|Gravity Sleep Clause: The combination of sleep-inducing moves with imperfect accuracy and Gravity or Gigantamax Orbeetle are banned\n|rule|Endless Battle Clause: Forcing endless battles is banned\n|rule|HP Percentage Mod: HP is shown in percentages\n|clearpoke\n|poke|p1|Overqwil, F|\n|poke|p1|Jirachi|\n|poke|p1|Umbreon, M|\n|poke|p1|Tsareena, F|\n|poke|p1|Vaporeon, M|\n|poke|p2|Gyarados, M|\n|poke|p2|Tornadus, M|\n|poke|p2|Iron Hands|\n|poke|p2|Orthworm, F|\n|poke|p2|Tauros-Paldea-Blaze, M|\n|poke|p2|Oranguru, F|\n|teampreview\n|\n|t:|1698093645\n|start\n|switch|p1a: Jirachi|Jirachi|100\/100\n|switch|p1b: Tsareena|Tsareena, F|100\/100\n|switch|p2a: Tornadus|Tornadus, M, shiny|100\/100\n|switch|p2b: Orthworm|Orthworm, F|100\/100\n|turn|1\n|\n|t:|1698093657\n|move|p2a: Tornadus|Tailwind|p2a: Tornadus\n|-sidestart|p2: newplayerbenice|move: Tailwind\n|move|p2b: Orthworm|Shed Tail|p2b: Orthworm\n|-start|p2b: Orthworm|Substitute|[from] move: Shed Tail\n|-damage|p2b: Orthworm|50\/100\n|-enditem|p2b: Orthworm|Sitrus Berry|[eat]\n|-heal|p2b: Orthworm|75\/100|[from] item: Sitrus Berry\n|\n|t:|1698093667\n|switch|p2b: Gyarados|Gyarados, M|100\/100|[from] Shed Tail\n|-ability|p2b: Gyarados|Intimidate|boost\n|-unboost|p1a: Jirachi|atk|1\n|-unboost|p1b: Tsareena|atk|1\n|move|p1a: Jirachi|Iron Defense|p1a: Jirachi\n|-boost|p1a: Jirachi|def|2\n|-enditem|p2b: Gyarados|Mirror Herb\n|-boost|p2b: Gyarados|def|2|[from] item: Mirror Herb\n|move|p1b: Tsareena|Acupressure|p1a: Jirachi\n|-boost|p1a: Jirachi|atk|2\n|\n|upkeep\n|turn|2\n|\n|t:|1698093683\n|move|p2a: Tornadus|Bleakwind Storm|p1b: Tsareena|[spread] p1a,p1b\n|-resisted|p1a: Jirachi\n|-supereffective|p1b: Tsareena\n|-damage|p1a: Jirachi|83\/100\n|-damage|p1b: Tsareena|52\/100\n|-unboost|p1b: Tsareena|spe|1\n|move|p2b: Gyarados|Dragon Dance|p2b: Gyarados\n|-boost|p2b: Gyarados|atk|1\n|-boost|p2b: Gyarados|spe|1\n|move|p1a: Jirachi|Iron Defense|p1a: Jirachi\n|-boost|p1a: Jirachi|def|2\n|move|p1b: Tsareena|Reflect|p1b: Tsareena\n|-sidestart|p1: Thehombre|Reflect\n|\n|-heal|p1a: Jirachi|89\/100|[from] item: Leftovers\n|upkeep\n|turn|3\n|inactive|Battle timer is ON: inactive players will automatically lose when time's up. (requested by Thehombre)\n|\n|t:|1698093701\n|switch|p2a: Oranguru|Oranguru, F|100\/100\n|move|p2b: Gyarados|Dragon Dance|p2b: Gyarados\n|-boost|p2b: Gyarados|atk|1\n|-boost|p2b: Gyarados|spe|1\n|move|p1a: Jirachi|Stored Power|p2b: Gyarados\n|-end|p2b: Gyarados|Substitute\n|move|p1b: Tsareena|Acupressure|p1a: Jirachi\n|-boost|p1a: Jirachi|atk|2\n|\n|-heal|p1a: Jirachi|95\/100|[from] item: Leftovers\n|upkeep\n|turn|4\n|\n|t:|1698093720\n|move|p2b: Gyarados|Waterfall|p1a: Jirachi\n|-damage|p1a: Jirachi|78\/100\n|move|p1a: Jirachi|Stored Power|p2b: Gyarados\n|-crit|p2b: Gyarados\n|-damage|p2b: Gyarados|0 fnt\n|faint|p2b: Gyarados\n|move|p2a: Oranguru|Instruct|p2: Gyarados|[notarget]\n|-fail|p2a: Oranguru\n|move|p1b: Tsareena|Acupressure|p1a: Jirachi\n|-boost|p1a: Jirachi|def|2\n|\n|-heal|p1a: Jirachi|84\/100|[from] item: Leftovers\n|-sideend|p2: newplayerbenice|move: Tailwind\n|upkeep\n|-message|newplayerbenice forfeited.\n|\n|win|Thehombre\n|raw|Thehombre's rating: 1062 &rarr; <strong>1092<\/strong><br \/>(+30 for winning)\n|raw|newplayerbenice's rating: 1049 &rarr; <strong>1032<\/strong><br \/>(-17 for losing)\n|l|\u2606newplayerbenice\n","uploadtime":1698093736,"views":9,"p1id":"thehombre","p2id":"newplayerbenice","formatid":"gen9doublesou","rating":1032,"private":0,"password":""}