{"id":"gen9doublesou-1993502471","p1":"Nubkk","p2":"Ralsei Hatty","format":"[Gen 9] Doubles OU","log":"|j|\u2606Nubkk\n|j|\u2606Ralsei Hatty\n|inactive|Battle timer is ON: inactive players will automatically lose when time's up.\n|t:|1700325491\n|gametype|doubles\n|player|p1|Nubkk|caitlin|\n|player|p2|Ralsei Hatty|kieran|\n|teamsize|p1|6\n|teamsize|p2|6\n|gen|9\n|tier|[Gen 9] Doubles OU\n|rated|Tournament battle\n|rule|Species Clause: Limit one of each Pok\u00e9mon\n|rule|OHKO Clause: OHKO moves are banned\n|rule|Evasion Moves Clause: Evasion moves are banned\n|rule|Gravity Sleep Clause: The combination of sleep-inducing moves with imperfect accuracy and Gravity or Gigantamax Orbeetle are banned\n|rule|Endless Battle Clause: Forcing endless battles is banned\n|rule|HP Percentage Mod: HP is shown in percentages\n|clearpoke\n|poke|p1|Indeedee-F, F|\n|poke|p1|Armarouge, M|\n|poke|p1|Hatterene, F|\n|poke|p1|Iron Hands|\n|poke|p1|Ursaluna, M|\n|poke|p1|Glastrier|\n|poke|p2|Electrode|\n|poke|p2|Pincurchin, F|\n|poke|p2|Iron Moth|\n|poke|p2|Iron Jugulis|\n|poke|p2|Iron Bundle|\n|poke|p2|Iron Valiant|\n|teampreview\n|inactive|Nubkk also wants the timer to be on.\n|c|\u2606Ralsei Hatty|Kkkkkeita\n|c|\u2606Nubkk|ca estamos nois ralsei hatty\n|c|\u2606Ralsei Hatty|Esse time e ruim\n|c|\u2606Ralsei Hatty|S\u00f3 dando um spoiler\n|c|\u2606Nubkk|preparado pra apanhar?\n|c|\u2606Nubkk|kkkkkkkk\n|c|\u2606Nubkk|glhf\n|\n|t:|1700325516\n|start\n|switch|p1a: Chap\u00e9u :D|Hatterene, F, shiny|100\/100\n|switch|p1b: HaryamaLubrificado|Iron Hands|100\/100\n|switch|p2a: Mecha Ghidora|Iron Jugulis|100\/100\n|switch|p2b: VolcaFuture|Iron Moth|100\/100\n|turn|1\n|c|\u2606Ralsei Hatty|Vou apanhar msm\n|c|\u2606Ralsei Hatty|Esse time foi feito na tem\u00e1tica\n|\n|t:|1700325532\n|move|p2b: VolcaFuture|Heat Wave|p1b: HaryamaLubrificado|[spread] p1a\n|-miss|p2b: VolcaFuture|p1b: HaryamaLubrificado\n|-damage|p1a: Chap\u00e9u :D|66\/100\n|move|p2a: Mecha Ghidora|Dark Pulse|p1a: Chap\u00e9u :D\n|-damage|p1a: Chap\u00e9u :D|15\/100\n|move|p1b: HaryamaLubrificado|Belly Drum|p1b: HaryamaLubrificado\n|-damage|p1b: HaryamaLubrificado|50\/100\n|-setboost|p1b: HaryamaLubrificado|atk|6|[from] move: Belly Drum\n|-enditem|p1b: HaryamaLubrificado|Sitrus Berry|[eat]\n|-heal|p1b: HaryamaLubrificado|75\/100|[from] item: Sitrus Berry\n|move|p1a: Chap\u00e9u :D|Trick Room|p1a: Chap\u00e9u :D\n|-fieldstart|move: Trick Room|[of] p1a: Chap\u00e9u :D\n|\n|upkeep\n|turn|2\n|c|\u2606Nubkk|kkkkk\n|\n|t:|1700325554\n|move|p1a: Chap\u00e9u :D|Mystical Fire|p2b: VolcaFuture\n|-resisted|p2b: VolcaFuture\n|-damage|p2b: VolcaFuture|88\/100\n|-unboost|p2b: VolcaFuture|spa|1\n|move|p1b: HaryamaLubrificado|Thunder Punch|p2a: Mecha Ghidora\n|-supereffective|p2a: Mecha Ghidora\n|-damage|p2a: Mecha Ghidora|0 fnt\n|faint|p2a: Mecha Ghidora\n|-end|p2a: Mecha Ghidora|Quark Drive|[silent]\n|move|p2b: VolcaFuture|Heat Wave|p1b: HaryamaLubrificado|[spread] p1a,p1b\n|-damage|p1a: Chap\u00e9u :D|0 fnt\n|-damage|p1b: HaryamaLubrificado|56\/100\n|faint|p1a: Chap\u00e9u :D\n|\n|upkeep\n|c|\u2606Ralsei Hatty|!showteam\n|c| Ralsei Hatty|\/raw <div class=\"infobox\"><details><summary>View team<\/summary>BOOM (Electrode) @ Terrain Extender  <br \/>Ability: Static  <br \/>Tera Type: Electric  <br \/>EVs: 252 HP &#x2f; 4 SpD &#x2f; 252 Spe  <br \/>Timid Nature  <br \/>IVs: 0 Atk  <br \/>- Electric Terrain  <br \/>- Volt Switch  <br \/>- Foul Play  <br \/>- Thunder Wave  <br \/><br \/>Koko&apos;s Substitue (Pincurchin) (F) @ Terrain Extender  <br \/>Ability: Electric Surge  <br \/>Tera Type: Electric  <br \/>EVs: 252 HP &#x2f; 4 Atk &#x2f; 252 Def  <br \/>Relaxed Nature  <br \/>- Chilling Water  <br \/>- Electric Terrain  <br \/>- Sucker Punch  <br \/>- Thunder Wave  <br \/><br \/>VolcaFuture (Iron Moth) @ Choice Scarf  <br \/>Ability: Quark Drive  <br \/>Tera Type: Fire  <br \/>EVs: 252 SpA &#x2f; 4 SpD &#x2f; 252 Spe  <br \/>Timid Nature  <br \/>IVs: 0 Atk  <br \/>- Heat Wave  <br \/>- Bug Buzz  <br \/>- Sludge Wave  <br \/>- Discharge  <br \/><br \/>Mecha Ghidora (Iron Jugulis) @ Choice Specs  <br \/>Ability: Quark Drive  <br \/>Tera Type: Dark  <br \/>EVs: 252 SpA &#x2f; 4 SpD &#x2f; 252 Spe  <br \/>Timid Nature  <br \/>IVs: 0 Atk  <br \/>- Air Cutter  <br \/>- Dark Pulse  <br \/>- Heat Wave  <br \/>- Hydro Pump  <br \/><br \/>Delilili (Iron Bundle) @ Choice Specs  <br \/>Ability: Quark Drive  <br \/>Tera Type: Ice  <br \/>EVs: 252 SpA &#x2f; 4 SpD &#x2f; 252 Spe  <br \/>Timid Nature  <br \/>IVs: 0 Atk  <br \/>- Freeze-Dry  <br \/>- Icy Wind  <br \/>- Hydro Pump  <br \/>- Air Cutter  <br \/><br \/>LOL (Iron Valiant) @ Choice Specs  <br \/>Ability: Quark Drive  <br \/>Tera Type: Fairy  <br \/>EVs: 252 SpA &#x2f; 4 SpD &#x2f; 252 Spe  <br \/>Timid Nature  <br \/>IVs: 0 Atk  <br \/>- Psyshock  <br \/>- Dazzling Gleam  <br \/>- Thunderbolt  <br \/>- Aura Sphere  <br \/><br \/><\/details><\/div>\n|c|\u2606Nubkk|!showteam\n|c| Nubkk|\/raw <div class=\"infobox\"><details><summary>Ver equipe.<\/summary>Rainha DOU :3 (Indeedee-F) (F) @ Psychic Seed  <br \/>Ability: Psychic Surge  <br \/>Shiny: Yes  <br \/>Tera Type: Fairy  <br \/>EVs: 252 HP &#x2f; 240 Def &#x2f; 16 SpD  <br \/>Sassy Nature  <br \/>IVs: 0 Atk &#x2f; 0 Spe  <br \/>- Dazzling Gleam  <br \/>- Trick Room  <br \/>- Follow Me  <br \/>- Helping Hand  <br \/><br \/>Soca Fogo kk (Armarouge) (M) @ Life Orb  <br \/>Ability: Flash Fire  <br \/>Tera Type: Grass  <br \/>EVs: 252 HP &#x2f; 252 SpA &#x2f; 4 SpD  <br \/>Quiet Nature  <br \/>IVs: 0 Atk &#x2f; 0 Spe  <br \/>- Armor Cannon  <br \/>- Expanding Force  <br \/>- Trick Room  <br \/>- Protect  <br \/><br \/>Chap\u00e9u :D (Hatterene) (F) @ Covert Cloak  <br \/>Ability: Magic Bounce  <br \/>Shiny: Yes  <br \/>Tera Type: Fire  <br \/>EVs: 160 HP &#x2f; 96 Def &#x2f; 252 SpD  <br \/>Sassy Nature  <br \/>IVs: 0 Atk &#x2f; 0 Spe  <br \/>- Trick Room  <br \/>- Mystical Fire  <br \/>- Psyshock  <br \/>- Dazzling Gleam  <br \/><br \/>HaryamaLubrificado (Iron Hands) @ Sitrus Berry  <br \/>Ability: Quark Drive  <br \/>Tera Type: Fairy  <br \/>EVs: 204 HP &#x2f; 252 Def &#x2f; 52 SpD  <br \/>Sassy Nature  <br \/>IVs: 0 Spe  <br \/>- Belly Drum  <br \/>- Thunder Punch  <br \/>- Drain Punch  <br \/>- Protect  <br \/><br \/>Z\u00e9 Colmeia (Ursaluna) (M) @ Flame Orb  <br \/>Ability: Guts  <br \/>Shiny: Yes  <br \/>Tera Type: Normal  <br \/>EVs: 248 HP &#x2f; 252 Atk &#x2f; 8 SpD  <br \/>Brave Nature  <br \/>IVs: 0 Spe  <br \/>- Facade  <br \/>- Headlong Rush  <br \/>- Fire Punch  <br \/>- Protect  <br \/><br \/>Leri Gou (Glastrier) @ Safety Goggles  <br \/>Ability: Chilling Neigh  <br \/>Tera Type: Steel  <br \/>EVs: 248 HP &#x2f; 252 Atk &#x2f; 8 SpD  <br \/>Brave Nature  <br \/>IVs: 0 Spe  <br \/>- Swords Dance  <br \/>- Stomping Tantrum  <br \/>- Icicle Crash  <br \/>- Protect  <br \/><br \/><\/details><\/div>\n|c|\u2606Ralsei Hatty|Veja seus olhos arderem\n|c|\u2606Nubkk|meus pesames\n|inactive|Nubkk has 120 seconds left.\n|c|\u2606Ralsei Hatty|E tudo choices\n|\n|t:|1700325586\n|switch|p1a: Z\u00e9 Colmeia|Ursaluna, M, shiny|100\/100\n|switch|p2a: Koko's Substitue|Pincurchin, F|100\/100\n|-fieldstart|move: Electric Terrain|[from] ability: Electric Surge|[of] p2a: Koko's Substitue\n|-activate|p1b: HaryamaLubrificado|ability: Quark Drive\n|-start|p1b: HaryamaLubrificado|quarkdriveatk\n|-activate|p2b: VolcaFuture|ability: Quark Drive\n|-start|p2b: VolcaFuture|quarkdrivespe\n|turn|3\n|c|\u2606Nubkk|kkkkkkk\n|inactive|Ralsei Hatty has 120 seconds left.\n|inactive|Ralsei Hatty has 90 seconds left.\n|inactive|Ralsei Hatty has 60 seconds left.\n|\n|t:|1700325679\n|move|p2a: Koko's Substitue|Chilling Water|p1b: HaryamaLubrificado\n|-damage|p1b: HaryamaLubrificado|46\/100\n|-unboost|p1b: HaryamaLubrificado|atk|1\n|move|p1a: Z\u00e9 Colmeia|Headlong Rush|p2b: VolcaFuture\n|-supereffective|p2b: VolcaFuture\n|-damage|p2b: VolcaFuture|0 fnt\n|-unboost|p1a: Z\u00e9 Colmeia|def|1\n|-unboost|p1a: Z\u00e9 Colmeia|spd|1\n|faint|p2b: VolcaFuture\n|-end|p2b: VolcaFuture|Quark Drive|[silent]\n|move|p1b: HaryamaLubrificado|Drain Punch|p2a: Koko's Substitue\n|-damage|p2a: Koko's Substitue|0 fnt\n|-heal|p1b: HaryamaLubrificado|76\/100|[from] drain|[of] p2a: Koko's Substitue\n|faint|p2a: Koko's Substitue\n|\n|-status|p1a: Z\u00e9 Colmeia|brn|[from] item: Flame Orb\n|upkeep\n|inactive|Ralsei Hatty has 60 seconds left.\n|c|\u2606Ralsei Hatty|Kkkkkkk\n|\n|t:|1700325695\n|switch|p2a: LOL|Iron Valiant|100\/100\n|switch|p2b: Delilili|Iron Bundle|100\/100\n|-activate|p2a: LOL|ability: Quark Drive\n|-start|p2a: LOL|quarkdrivespe\n|-activate|p2b: Delilili|ability: Quark Drive\n|-start|p2b: Delilili|quarkdrivespe\n|turn|4\n|\n|t:|1700325720\n|-terastallize|p1a: Z\u00e9 Colmeia|Normal\n|-terastallize|p2a: LOL|Fairy\n|move|p1b: HaryamaLubrificado|Drain Punch|p2b: Delilili\n|-supereffective|p2b: Delilili\n|-damage|p2b: Delilili|0 fnt\n|-heal|p1b: HaryamaLubrificado|100\/100|[from] drain|[of] p2b: Delilili\n|faint|p2b: Delilili\n|-end|p2b: Delilili|Quark Drive|[silent]\n|move|p1a: Z\u00e9 Colmeia|Facade|p2a: LOL\n|-damage|p2a: LOL|0 fnt\n|faint|p2a: LOL\n|-end|p2a: LOL|Quark Drive|[silent]\n|\n|-damage|p1a: Z\u00e9 Colmeia|94\/100 brn|[from] brn\n|upkeep\n|inactive|Ralsei Hatty has 60 seconds left.\n|c|\u2606Nubkk|vc tem 1 electrode\n|c|\u2606Nubkk|e 1 esperan\u00e7a\n|inactive|Ralsei Hatty has 30 seconds left.\n|inactive|Ralsei Hatty has 20 seconds left.\n|inactive|Nubkk no longer wants the timer on, but the timer is staying on because staff still does.\n|inactive|Ralsei Hatty has 15 seconds left.\n|inactive|Ralsei Hatty has 10 seconds left.\n|inactive|Ralsei Hatty has 5 seconds left.\n|-message|Ralsei Hatty lost due to inactivity.\n|\n|win|Nubkk\n|n|\u2606Nubkk|nubkk\n|n|\u2606Ralsei Hatty|ralseihatty\n","uploadtime":1700325796,"views":6,"p1id":"nubkk","p2id":"ralseihatty","formatid":"gen9doublesou","rating":0,"private":0,"password":""}