{"id":"gen9doublesou-1999062080","p1":"kevvo15","p2":"paranguaricutiri","format":"[Gen 9] Doubles OU","log":"|j|\u2606kevvo15\n|j|\u2606paranguaricutiri\n|t:|1701029086\n|gametype|doubles\n|player|p1|kevvo15|hugh|1301\n|player|p2|paranguaricutiri|170|1361\n|teamsize|p1|6\n|teamsize|p2|6\n|gen|9\n|tier|[Gen 9] Doubles OU\n|rated|\n|rule|Species Clause: Limit one of each Pok\u00e9mon\n|rule|OHKO Clause: OHKO moves are banned\n|rule|Evasion Moves Clause: Evasion moves are banned\n|rule|Gravity Sleep Clause: The combination of sleep-inducing moves with imperfect accuracy and Gravity or Gigantamax Orbeetle are banned\n|rule|Endless Battle Clause: Forcing endless battles is banned\n|rule|HP Percentage Mod: HP is shown in percentages\n|clearpoke\n|poke|p1|Thundurus, M|\n|poke|p1|Iron Bundle|\n|poke|p1|Vikavolt, F|\n|poke|p1|Iron Valiant|\n|poke|p1|Iron Hands|\n|poke|p1|Ogerpon-Hearthflame, F|\n|poke|p2|Torkoal, F|\n|poke|p2|Walking Wake|\n|poke|p2|Lilligant-Hisui, F|\n|poke|p2|Ursaluna, M|\n|poke|p2|Hatterene, F|\n|poke|p2|Ogerpon-Hearthflame, F|\n|teampreview\n|\n|t:|1701029098\n|start\n|switch|p1a: Thundurus|Thundurus, M|100\/100\n|switch|p1b: Iron Hands|Iron Hands|100\/100\n|switch|p2a: Torkoal|Torkoal, F|100\/100\n|switch|p2b: Lilligant|Lilligant-Hisui, F|100\/100\n|-weather|SunnyDay|[from] ability: Drought|[of] p2a: Torkoal\n|turn|1\n|\n|t:|1701029113\n|move|p1b: Iron Hands|Fake Out|p2a: Torkoal\n|-crit|p2a: Torkoal\n|-damage|p2a: Torkoal|77\/100\n|-damage|p1b: Iron Hands|84\/100|[from] item: Rocky Helmet|[of] p2a: Torkoal\n|-damage|p1b: Iron Hands|74\/100|[from] item: Life Orb\n|move|p1a: Thundurus|Electric Terrain|p1a: Thundurus\n|-fieldstart|move: Electric Terrain\n|-activate|p1b: Iron Hands|ability: Quark Drive\n|-start|p1b: Iron Hands|quarkdriveatk\n|move|p2b: Lilligant|After You|p2a: Torkoal\n|-activate|p2a: Torkoal|move: After You\n|cant|p2a: Torkoal|flinch\n|\n|-weather|SunnyDay|[upkeep]\n|upkeep\n|turn|2\n|\n|t:|1701029136\n|move|p1a: Thundurus|Rain Dance|p1a: Thundurus\n|-weather|RainDance\n|move|p2b: Lilligant|After You|p2a: Torkoal\n|-activate|p2a: Torkoal|move: After You\n|move|p2a: Torkoal|Eruption|p1a: Thundurus|[spread] p1a,p1b\n|-damage|p1a: Thundurus|75\/100\n|-damage|p1b: Iron Hands|58\/100\n|move|p1b: Iron Hands|Close Combat|p2b: Lilligant\n|-damage|p2b: Lilligant|0 fnt\n|-unboost|p1b: Iron Hands|def|1\n|-unboost|p1b: Iron Hands|spd|1\n|faint|p2b: Lilligant\n|-damage|p1b: Iron Hands|48\/100|[from] item: Life Orb\n|\n|-weather|RainDance|[upkeep]\n|upkeep\n|c|\u2606paranguaricutiri|nega what\n|c|\u2606paranguaricutiri|nega what\n|c|\u2606paranguaricutiri|nega what\n|n|!paranguaricutiri|paranguaricutiri\n|-message|paranguaricutiri forfeited.\n|\n|win|kevvo15\n|raw|kevvo15's rating: 1301 &rarr; <strong>1324<\/strong><br \/>(+23 for winning)\n|raw|paranguaricutiri's rating: 1361 &rarr; <strong>1338<\/strong><br \/>(-23 for losing)\n|l|!paranguaricutiri\n","uploadtime":1701029144,"views":6,"p1id":"kevvo15","p2id":"paranguaricutiri","formatid":"gen9doublesou","rating":1324,"private":0,"password":""}