{"id":"gen9doublesou-1982280344","p1":"zarif07","p2":"whoszane","format":"[Gen 9] Doubles OU","log":"|j|\u2606zarif07\n|j|\u203dwhoszane\n|t:|1698989096\n|gametype|doubles\n|player|p1|zarif07|169|1145\n|player|p2|whoszane|102|1295\n|teamsize|p1|6\n|teamsize|p2|6\n|gen|9\n|tier|[Gen 9] Doubles OU\n|rated|\n|rule|Species Clause: Limit one of each Pok\u00e9mon\n|rule|OHKO Clause: OHKO moves are banned\n|rule|Evasion Moves Clause: Evasion moves are banned\n|rule|Gravity Sleep Clause: The combination of sleep-inducing moves with imperfect accuracy and Gravity or Gigantamax Orbeetle are banned\n|rule|Endless Battle Clause: Forcing endless battles is banned\n|rule|HP Percentage Mod: HP is shown in percentages\n|clearpoke\n|poke|p1|Ursaluna-Bloodmoon, M|\n|poke|p1|Meowscarada, F|\n|poke|p1|Cresselia, F|\n|poke|p1|Volcanion|\n|poke|p1|Baxcalibur, F|\n|poke|p1|Glimmora, M|\n|poke|p2|Armarouge, F|\n|poke|p2|Dragapult, F|\n|poke|p2|Indeedee-F, F|\n|poke|p2|Kingambit, F|\n|poke|p2|Ursaluna, F|\n|poke|p2|Sinistcha-Masterpiece|\n|teampreview\n|inactive|Battle timer is ON: inactive players will automatically lose when time's up. (requested by zarif07)\n|\n|t:|1698989118\n|start\n|switch|p1a: Meowscarada|Meowscarada, F|100\/100\n|switch|p1b: Glimmora|Glimmora, M|100\/100\n|switch|p2a: Dragapult|Dragapult, F|100\/100\n|switch|p2b: Armarouge|Armarouge, F|100\/100\n|-item|p1b: Glimmora|Air Balloon\n|turn|1\n|inactive|zarif07 has 120 seconds left.\n|\n|t:|1698989149\n|-terastallize|p2b: Armarouge|Psychic\n|move|p2a: Dragapult|U-turn|p2b: Armarouge\n|-supereffective|p2b: Armarouge\n|-damage|p2b: Armarouge|69\/100\n|-ability|p2b: Armarouge|Weak Armor|boost\n|-unboost|p2b: Armarouge|def|1\n|-boost|p2b: Armarouge|spe|2\n|-enditem|p2b: Armarouge|Weakness Policy\n|-boost|p2b: Armarouge|atk|2|[from] item: Weakness Policy\n|-boost|p2b: Armarouge|spa|2|[from] item: Weakness Policy\n|\n|t:|1698989154\n|switch|p2a: Indeedee|Indeedee-F, F|100\/100|[from] U-turn\n|-fieldstart|move: Psychic Terrain|[from] ability: Psychic Surge|[of] p2a: Indeedee\n|-enditem|p2a: Indeedee|Psychic Seed\n|-boost|p2a: Indeedee|spd|1|[from] item: Psychic Seed\n|move|p2b: Armarouge|Heat Wave|p1a: Meowscarada|[spread] p1a,p1b\n|-supereffective|p1a: Meowscarada\n|-resisted|p1b: Glimmora\n|-damage|p1a: Meowscarada|0 fnt\n|-damage|p1b: Glimmora|55\/100\n|-enditem|p1b: Glimmora|Air Balloon\n|faint|p1a: Meowscarada\n|move|p1b: Glimmora|Power Gem|p2b: Armarouge\n|-damage|p2b: Armarouge|31\/100\n|\n|upkeep\n|inactive|zarif07 has 120 seconds left.\n|\n|t:|1698989182\n|switch|p1a: Cresselia|Cresselia, F|100\/100\n|turn|2\n|inactive|zarif07 has 120 seconds left.\n|\n|t:|1698989204\n|-terastallize|p1a: Cresselia|Fairy\n|move|p2b: Armarouge|Expanding Force|p1a: Cresselia|[spread] p1a,p1b\n|-supereffective|p1b: Glimmora\n|-damage|p1a: Cresselia|0 fnt\n|-damage|p1b: Glimmora|0 fnt\n|faint|p1a: Cresselia\n|faint|p1b: Glimmora\n|move|p2a: Indeedee|Heal Pulse|p2b: Armarouge\n|-heal|p2b: Armarouge|81\/100\n|\n|upkeep\n|-message|zarif07 forfeited.\n|\n|win|whoszane\n|raw|zarif07's rating: 1145 &rarr; <strong>1130<\/strong><br \/>(-15 for losing)\n|raw|whoszane's rating: 1295 &rarr; <strong>1310<\/strong><br \/>(+15 for winning)\n|l|\u2606zarif07\n","uploadtime":1698990696,"views":24,"p1id":"zarif07","p2id":"whoszane","formatid":"gen9doublesou","rating":1130,"private":0,"password":""}