{"id":"gen9doublesou-1991166770","p1":"dgzdr","p2":"Piracious","format":"[Gen 9] Doubles OU","log":"|j|\u2606dgzdr\n|j|\u2606Piracious\n|inactive|Battle timer is ON: inactive players will automatically lose when time's up.\n|t:|1700052621\n|gametype|doubles\n|player|p1|dgzdr|2|\n|player|p2|Piracious|1|\n|teamsize|p1|2\n|teamsize|p2|2\n|gen|9\n|tier|[Gen 9] Doubles OU\n|rated|Tournament battle\n|rule|Species Clause: Limit one of each Pok\u00e9mon\n|rule|OHKO Clause: OHKO moves are banned\n|rule|Evasion Moves Clause: Evasion moves are banned\n|rule|Gravity Sleep Clause: The combination of sleep-inducing moves with imperfect accuracy and Gravity or Gigantamax Orbeetle are banned\n|rule|Endless Battle Clause: Forcing endless battles is banned\n|rule|HP Percentage Mod: HP is shown in percentages\n|clearpoke\n|poke|p1|Cloyster, F|\n|poke|p1|Gholdengo|\n|poke|p2|Gliscor, F|\n|poke|p2|Magnezone|\n|teampreview\n|j|*Lady Monita \u2746\n|c|\u2606dgzdr|glhf\n|c|\u2606Piracious|u2\n|\n|t:|1700052631\n|start\n|switch|p1a: a|Cloyster, F|100\/100\n|switch|p1b: e|Gholdengo|100\/100\n|switch|p2a: Gliscor|Gliscor, F|100\/100\n|switch|p2b: Magnezone|Magnezone|100\/100\n|turn|1\n|j|^HEAVY-DUTY B0OTY\n|\n|t:|1700052644\n|-terastallize|p1b: e|Fighting\n|-terastallize|p2b: Magnezone|Flying\n|move|p2a: Gliscor|Protect|p2a: Gliscor\n|-singleturn|p2a: Gliscor|Protect\n|move|p1b: e|Nasty Plot|p1b: e\n|-boost|p1b: e|spa|2\n|move|p1a: a|Icicle Spear|p2a: Gliscor\n|-activate|p2a: Gliscor|move: Protect\n|move|p2b: Magnezone|Discharge|p1a: a|[spread] p1a,p1b\n|-activate|p2a: Gliscor|move: Protect\n|-supereffective|p1a: a\n|-enditem|p1a: a|Focus Sash\n|-damage|p1a: a|1\/100\n|-damage|p1b: e|27\/100\n|-damage|p2b: Magnezone|91\/100|[from] item: Life Orb\n|\n|-status|p2a: Gliscor|tox|[from] item: Toxic Orb\n|upkeep\n|turn|2\n|\n|t:|1700052672\n|move|p2a: Gliscor|Earthquake|p1b: e|[spread] p1a,p1b\n|-immune|p2b: Magnezone\n|-damage|p1a: a|0 fnt\n|-damage|p1b: e|0 fnt\n|faint|p1a: a\n|faint|p1b: e\n|\n|win|Piracious\n|n|\u2606dgzdr|dgzdr\n|n|\u2606Piracious|piracious\n|n|*Lady Monita \u2746|ladymonita\n|n| HEAVY-DUTY B0OTY|heavydutyb0oty\n","uploadtime":1700052673,"views":4,"p1id":"dgzdr","p2id":"piracious","formatid":"gen9doublesou","rating":0,"private":0,"password":""}