{"id":"gen9doublesou-1971135583","p1":"Abowlofmagnemites","p2":"Uzabella","format":"[Gen 9] Doubles OU","log":"|j|\u2606Abowlofmagnemites\n|j|\u2606Uzabella\n|t:|1697711293\n|gametype|doubles\n|player|p1|Abowlofmagnemites|caitlin|1078\n|player|p2|Uzabella|skierf|1103\n|teamsize|p1|6\n|teamsize|p2|6\n|gen|9\n|tier|[Gen 9] Doubles OU\n|rated|\n|rule|Species Clause: Limit one of each Pok\u00e9mon\n|rule|OHKO Clause: OHKO moves are banned\n|rule|Evasion Moves Clause: Evasion moves are banned\n|rule|Gravity Sleep Clause: The combination of sleep-inducing moves with imperfect accuracy and Gravity or Gigantamax Orbeetle are banned\n|rule|Endless Battle Clause: Forcing endless battles is banned\n|rule|HP Percentage Mod: HP is shown in percentages\n|clearpoke\n|poke|p1|Iron Valiant|\n|poke|p1|Armarouge, M|\n|poke|p1|Indeedee-F, F|\n|poke|p1|Ogerpon-Wellspring, F|\n|poke|p1|Zoroark-Hisui, F|\n|poke|p1|Vikavolt, F|\n|poke|p2|Tauros-Paldea-Blaze, M|\n|poke|p2|Meowscarada, M|\n|poke|p2|Flamigo, M|\n|poke|p2|Sableye, F|\n|poke|p2|Barraskewda, F|\n|poke|p2|Medicham, F|\n|teampreview\n|inactive|Battle timer is ON: inactive players will automatically lose when time's up. (requested by Uzabella)\n|\n|t:|1697711312\n|start\n|switch|p1a: Armarouge|Armarouge, M|100\/100\n|switch|p1b: Indeedee|Indeedee-F, F|100\/100\n|switch|p2a: Meowscarada|Meowscarada, M|100\/100\n|switch|p2b: Tauros|Tauros-Paldea-Blaze, M|100\/100\n|-fieldstart|move: Psychic Terrain|[from] ability: Psychic Surge|[of] p1b: Indeedee\n|turn|1\n|\n|t:|1697711323\n|move|p1a: Armarouge|Wide Guard|p1a: Armarouge\n|-singleturn|p1a: Armarouge|Wide Guard\n|move|p2a: Meowscarada|Flower Trick|p2b: Tauros\n|-resisted|p2b: Tauros\n|-crit|p2b: Tauros\n|-damage|p2b: Tauros|86\/100\n|-setboost|p2b: Tauros|atk|6|[from] ability: Anger Point\n|move|p2b: Tauros|Earthquake|p1b: Indeedee|[spread] p2a\n|-activate|p1a: Armarouge|move: Wide Guard\n|-activate|p1b: Indeedee|move: Wide Guard\n|-resisted|p2a: Meowscarada\n|-damage|p2a: Meowscarada|52\/100\n|-enditem|p2a: Meowscarada|Eject Button\n|-heal|p2b: Tauros|93\/100|[from] item: Shell Bell|[of] p1b: Indeedee\n|\n|t:|1697711326\n|switch|p2a: Flamigo|Flamigo, M|100\/100\n|-copyboost|p2a: Flamigo|p2b: Tauros|[from] ability: Costar\n|move|p1b: Indeedee|Trick Room|p1b: Indeedee\n|-fieldstart|move: Trick Room|[of] p1b: Indeedee\n|\n|upkeep\n|turn|2\n|\n|t:|1697711340\n|move|p1a: Armarouge|Expanding Force|p2a: Flamigo|[spread] p2a,p2b\n|-supereffective|p2a: Flamigo\n|-supereffective|p2b: Tauros\n|-enditem|p2a: Flamigo|Focus Sash\n|-damage|p2a: Flamigo|1\/100\n|-damage|p2b: Tauros|0 fnt\n|faint|p2b: Tauros\n|move|p1b: Indeedee|Dazzling Gleam|p2a: Flamigo\n|-supereffective|p2a: Flamigo\n|-damage|p2a: Flamigo|0 fnt\n|faint|p2a: Flamigo\n|\n|upkeep\n|c|\u2606Abowlofmagnemites|lolll\n|-message|Uzabella forfeited.\n|\n|win|Abowlofmagnemites\n|raw|Abowlofmagnemites's rating: 1078 &rarr; <strong>1108<\/strong><br \/>(+30 for winning)\n|raw|Uzabella's rating: 1103 &rarr; <strong>1076<\/strong><br \/>(-27 for losing)\n|l|\u2606Uzabella\n","uploadtime":1697711350,"views":16,"p1id":"abowlofmagnemites","p2id":"uzabella","formatid":"gen9doublesou","rating":1076,"private":0,"password":""}