{"id":"gen9doublesou-1990745177","p1":"T3GHXST","p2":"umchumba","format":"[Gen 9] Doubles OU","log":"|j|\u2606T3GHXST\n|j|\u2606umchumba\n|t:|1699996857\n|gametype|doubles\n|player|p1|T3GHXST|ethan|1051\n|player|p2|umchumba|dragontamer|1055\n|teamsize|p1|6\n|teamsize|p2|6\n|gen|9\n|tier|[Gen 9] Doubles OU\n|rated|\n|rule|Species Clause: Limit one of each Pok\u00e9mon\n|rule|OHKO Clause: OHKO moves are banned\n|rule|Evasion Moves Clause: Evasion moves are banned\n|rule|Gravity Sleep Clause: The combination of sleep-inducing moves with imperfect accuracy and Gravity or Gigantamax Orbeetle are banned\n|rule|Endless Battle Clause: Forcing endless battles is banned\n|rule|HP Percentage Mod: HP is shown in percentages\n|clearpoke\n|poke|p1|Ogerpon-Hearthflame, F|\n|poke|p1|Weezing-Galar, F|\n|poke|p1|Slaking, F|\n|poke|p1|Volcarona, M|\n|poke|p1|Volbeat, M|\n|poke|p1|Palafin, F|\n|poke|p2|Pelipper, F|\n|poke|p2|Regieleki|\n|poke|p2|Zapdos-Galar|\n|poke|p2|Krookodile, F|\n|poke|p2|Basculegion-F, F|\n|poke|p2|Gliscor, M|\n|teampreview\n|\n|t:|1699996885\n|start\n|switch|p1a: Volcarona|Volcarona, M|100\/100\n|switch|p1b: Weezing|Weezing-Galar, F|100\/100\n|switch|p2a: Pelipper|Pelipper, F|100\/100\n|switch|p2b: Basculegion|Basculegion-F, F|100\/100\n|-ability|p1b: Weezing|Neutralizing Gas\n|turn|1\n|\n|t:|1699996930\n|switch|p1a: Palafin|Palafin, F|100\/100\n|move|p2b: Basculegion|Flip Turn|p1a: Palafin\n|-resisted|p1a: Palafin\n|-damage|p1a: Palafin|92\/100\n|\n|t:|1699996936\n|switch|p2b: Regieleki|Regieleki|100\/100|[from] Flip Turn\n|move|p1b: Weezing|Strange Steam|p2a: Pelipper\n|-damage|p2a: Pelipper|57\/100\n|move|p2a: Pelipper|U-turn|p1b: Weezing\n|-resisted|p1b: Weezing\n|-damage|p1b: Weezing|99\/100\n|\n|t:|1699996945\n|switch|p2a: Gliscor|Gliscor, M|100\/100|[from] U-turn\n|\n|-heal|p1b: Weezing|100\/100|[from] item: Black Sludge\n|-status|p2a: Gliscor|tox|[from] item: Toxic Orb\n|upkeep\n|turn|2\n|\n|t:|1699996969\n|move|p2a: Gliscor|Protect|p2a: Gliscor\n|-singleturn|p2a: Gliscor|Protect\n|move|p2b: Regieleki|Volt Switch|p1a: Palafin\n|-supereffective|p1a: Palafin\n|-damage|p1a: Palafin|22\/100\n|\n|t:|1699996975\n|switch|p2b: Pelipper|Pelipper, F|57\/100|[from] Volt Switch\n|move|p1a: Palafin|Flip Turn|p2a: Gliscor\n|-activate|p2a: Gliscor|move: Protect\n|move|p1b: Weezing|Will-O-Wisp|p2b: Pelipper\n|-status|p2b: Pelipper|brn\n|\n|-damage|p2a: Gliscor|94\/100 tox|[from] psn\n|-damage|p2b: Pelipper|51\/100 brn|[from] brn\n|upkeep\n|turn|3\n|-message|T3GHXST forfeited.\n|\n|win|umchumba\n|raw|T3GHXST's rating: 1051 &rarr; <strong>1034<\/strong><br \/>(-17 for losing)\n|raw|umchumba's rating: 1055 &rarr; <strong>1086<\/strong><br \/>(+31 for winning)\n|l|\u2606T3GHXST\n","uploadtime":1699997008,"views":5,"p1id":"t3ghxst","p2id":"umchumba","formatid":"gen9doublesou","rating":1034,"private":0,"password":""}