{"id":"gen9doublesou-1990998541","p1":"Swadlooner","p2":"Lekkuloler","format":"[Gen 9] Doubles OU","log":"|j|\u2606Swadlooner\n|j|\u2606Lekkuloler\n|t:|1700025514\n|gametype|doubles\n|player|p1|Swadlooner|n|1172\n|player|p2|Lekkuloler|clown|1288\n|teamsize|p1|6\n|teamsize|p2|6\n|gen|9\n|tier|[Gen 9] Doubles OU\n|rated|\n|rule|Species Clause: Limit one of each Pok\u00e9mon\n|rule|OHKO Clause: OHKO moves are banned\n|rule|Evasion Moves Clause: Evasion moves are banned\n|rule|Gravity Sleep Clause: The combination of sleep-inducing moves with imperfect accuracy and Gravity or Gigantamax Orbeetle are banned\n|rule|Endless Battle Clause: Forcing endless battles is banned\n|rule|HP Percentage Mod: HP is shown in percentages\n|clearpoke\n|poke|p1|Ninetales, M|\n|poke|p1|Leavanny, F|\n|poke|p1|Krookodile, M|\n|poke|p1|Armarouge, M|\n|poke|p1|Maushold|\n|poke|p1|Kommo-o, M|\n|poke|p2|Tyranitar, F|\n|poke|p2|Garganacl, F|\n|poke|p2|Diancie|\n|poke|p2|Kleavor, F|\n|poke|p2|Lycanroc, F|\n|poke|p2|Avalugg-Hisui, F|\n|teampreview\n|inactive|Battle timer is ON: inactive players will automatically lose when time's up. (requested by Lekkuloler)\n|\n|t:|1700025530\n|start\n|switch|p1a: Leavanny|Leavanny, F, shiny|100\/100\n|switch|p1b: Maushold|Maushold|100\/100\n|switch|p2a: Lardy Tar|Tyranitar, F|100\/100\n|switch|p2b: Toa Lewa|Kleavor, F, shiny|100\/100\n|-weather|Sandstorm|[from] ability: Sand Stream|[of] p2a: Lardy Tar\n|turn|1\n|c|\u2606Lekkuloler|Be gentle\n|\n|t:|1700025548\n|-terastallize|p2a: Lardy Tar|Fairy\n|move|p1b: Maushold|Follow Me|p1b: Maushold\n|-singleturn|p1b: Maushold|move: Follow Me\n|move|p1a: Leavanny|Swords Dance|p1a: Leavanny\n|-boost|p1a: Leavanny|atk|2\n|move|p2b: Toa Lewa|Close Combat|p1b: Maushold\n|-supereffective|p1b: Maushold\n|-damage|p1b: Maushold|0 fnt\n|-unboost|p2b: Toa Lewa|def|1\n|-unboost|p2b: Toa Lewa|spd|1\n|faint|p1b: Maushold\n|move|p2a: Lardy Tar|Flamethrower|p1a: Leavanny\n|-supereffective|p1a: Leavanny\n|-enditem|p1a: Leavanny|Focus Sash\n|-damage|p1a: Leavanny|1\/100\n|\n|-weather|Sandstorm|[upkeep]\n|-damage|p1a: Leavanny|0 fnt|[from] Sandstorm\n|-damage|p2a: Lardy Tar|94\/100|[from] Sandstorm\n|faint|p1a: Leavanny\n|upkeep\n|-message|Swadlooner forfeited.\n|\n|win|Lekkuloler\n|raw|Swadlooner's rating: 1172 &rarr; <strong>1155<\/strong><br \/>(-17 for losing)\n|raw|Lekkuloler's rating: 1288 &rarr; <strong>1305<\/strong><br \/>(+17 for winning)\n|l|\u2606Swadlooner\n|c|\u2606Lekkuloler|O\n","uploadtime":1700025581,"views":6,"p1id":"swadlooner","p2id":"lekkuloler","formatid":"gen9doublesou","rating":1155,"private":0,"password":""}