{"id":"gen9doublesou-1976059184","p1":"Showbaz","p2":"Weston Jr","format":"[Gen 9] Doubles OU","log":"|j|\u2606Showbaz\n|j|\u2606Weston Jr\n|t:|1698260208\n|gametype|doubles\n|player|p1|Showbaz|169|1159\n|player|p2|Weston Jr|red|1110\n|teamsize|p1|6\n|teamsize|p2|6\n|gen|9\n|tier|[Gen 9] Doubles OU\n|rated|\n|rule|Species Clause: Limit one of each Pok\u00e9mon\n|rule|OHKO Clause: OHKO moves are banned\n|rule|Evasion Moves Clause: Evasion moves are banned\n|rule|Gravity Sleep Clause: The combination of sleep-inducing moves with imperfect accuracy and Gravity or Gigantamax Orbeetle are banned\n|rule|Endless Battle Clause: Forcing endless battles is banned\n|rule|HP Percentage Mod: HP is shown in percentages\n|clearpoke\n|poke|p1|Glimmora, M|\n|poke|p1|Torkoal, F|\n|poke|p1|Coalossal, F|\n|poke|p1|Roaring Moon|\n|poke|p1|Clodsire, M|\n|poke|p1|Scizor, F|\n|poke|p2|Flutter Mane|\n|poke|p2|Iron Bundle|\n|poke|p2|Iron Hands|\n|poke|p2|Ogerpon-Hearthflame, F|\n|poke|p2|Roaring Moon|\n|poke|p2|Walking Wake|\n|teampreview\n|inactive|Battle timer is ON: inactive players will automatically lose when time's up. (requested by Showbaz)\n|\n|t:|1698260214\n|start\n|switch|p1a: Scizor|Scizor, F, shiny|100\/100\n|switch|p1b: Glimmora|Glimmora, M, shiny|100\/100\n|switch|p2a: Flutter Mane|Flutter Mane|100\/100\n|switch|p2b: Iron Bundle|Iron Bundle|100\/100\n|-enditem|p2a: Flutter Mane|Booster Energy\n|-activate|p2a: Flutter Mane|ability: Protosynthesis|[fromitem]\n|-start|p2a: Flutter Mane|protosynthesisspe\n|turn|1\n|\n|t:|1698260225\n|move|p1a: Scizor|Bullet Punch|p2a: Flutter Mane\n|-supereffective|p2a: Flutter Mane\n|-damage|p2a: Flutter Mane|0 fnt\n|faint|p2a: Flutter Mane\n|-end|p2a: Flutter Mane|Protosynthesis|[silent]\n|move|p2b: Iron Bundle|Snowscape|p2b: Iron Bundle\n|-weather|Snow\n|move|p1b: Glimmora|Light Screen|p1b: Glimmora\n|-sidestart|p1: Showbaz|move: Light Screen\n|\n|-weather|Snow|[upkeep]\n|upkeep\n|\n|t:|1698260237\n|switch|p2a: Ogerpon|Ogerpon-Hearthflame, F|100\/100\n|-ability|p2a: Ogerpon|Mold Breaker\n|turn|2\n|\n|t:|1698260263\n|switch|p1a: Coalossal|Coalossal, F|100\/100\n|move|p2b: Iron Bundle|Aurora Veil|p2b: Iron Bundle\n|-sidestart|p2: Weston Jr|move: Aurora Veil\n|move|p2a: Ogerpon|Swords Dance|p2a: Ogerpon\n|-boost|p2a: Ogerpon|atk|2\n|move|p1b: Glimmora|Reflect|p1b: Glimmora\n|-sidestart|p1: Showbaz|Reflect\n|\n|-weather|Snow|[upkeep]\n|upkeep\n|turn|3\n|-message|Showbaz forfeited.\n|\n|win|Weston Jr\n|raw|Showbaz's rating: 1183 &rarr; <strong>1153<\/strong><br \/>(-30 for losing)\n|raw|Weston Jr's rating: 1110 &rarr; <strong>1140<\/strong><br \/>(+30 for winning)\n|l|\u2606Showbaz\n","uploadtime":1698260281,"views":10,"p1id":"showbaz","p2id":"westonjr","formatid":"gen9doublesou","rating":1140,"private":0,"password":""}