{"id":"gen9doublesou-1972667901","p1":"Thehombre","p2":"NN_6009","format":"[Gen 9] Doubles OU","log":"|j|\u2606Thehombre\n|j|\u2606NN_6009\n|t:|1697874053\n|gametype|doubles\n|player|p1|Thehombre|169|1065\n|player|p2|NN_6009|101|1114\n|teamsize|p1|6\n|teamsize|p2|6\n|gen|9\n|tier|[Gen 9] Doubles OU\n|rated|\n|rule|Species Clause: Limit one of each Pok\u00e9mon\n|rule|OHKO Clause: OHKO moves are banned\n|rule|Evasion Moves Clause: Evasion moves are banned\n|rule|Gravity Sleep Clause: The combination of sleep-inducing moves with imperfect accuracy and Gravity or Gigantamax Orbeetle are banned\n|rule|Endless Battle Clause: Forcing endless battles is banned\n|rule|HP Percentage Mod: HP is shown in percentages\n|clearpoke\n|poke|p1|Fezandipiti, M|\n|poke|p1|Ninetales-Alola, F|\n|poke|p1|Infernape, M|\n|poke|p1|Umbreon, F|\n|poke|p1|Maushold-Four|\n|poke|p1|Great Tusk|\n|poke|p2|Armarouge, F|\n|poke|p2|Farigiraf, F|\n|poke|p2|Torkoal, F|\n|poke|p2|Grimmsnarl, M|\n|poke|p2|Kingambit, F|\n|poke|p2|Iron Hands|\n|teampreview\n|inactive|Battle timer is ON: inactive players will automatically lose when time's up. (requested by Thehombre)\n|\n|t:|1697874071\n|start\n|switch|p1a: Fezandipiti|Fezandipiti, M|100\/100\n|switch|p1b: Ninetales|Ninetales-Alola, F|100\/100\n|switch|p2a: Armarouge|Armarouge, F|100\/100\n|switch|p2b: Farigiraf|Farigiraf, F|100\/100\n|-weather|Snow|[from] ability: Snow Warning|[of] p1b: Ninetales\n|turn|1\n|\n|t:|1697874085\n|move|p1b: Ninetales|Blizzard|p2b: Farigiraf|[spread] p2a,p2b\n|-resisted|p2a: Armarouge\n|-damage|p2a: Armarouge|84\/100\n|-damage|p2b: Farigiraf|68\/100\n|move|p1a: Fezandipiti|Beat Up|p2a: Armarouge\n|-supereffective|p2a: Armarouge\n|-damage|p2a: Armarouge|77\/100\n|-status|p2a: Armarouge|tox|[from] ability: Toxic Chain|[of] p1a: Fezandipiti\n|-supereffective|p2a: Armarouge\n|-damage|p2a: Armarouge|71\/100 tox\n|-supereffective|p2a: Armarouge\n|-damage|p2a: Armarouge|61\/100 tox\n|-supereffective|p2a: Armarouge\n|-damage|p2a: Armarouge|55\/100 tox\n|-supereffective|p2a: Armarouge\n|-crit|p2a: Armarouge\n|-damage|p2a: Armarouge|45\/100 tox\n|-supereffective|p2a: Armarouge\n|-damage|p2a: Armarouge|36\/100 tox\n|-hitcount|p2a: Armarouge|6\n|move|p2a: Armarouge|Trick Room|p2a: Armarouge\n|-fieldstart|move: Trick Room|[of] p2a: Armarouge\n|move|p2b: Farigiraf|Trick Room|p2b: Farigiraf\n|-fieldend|move: Trick Room\n|\n|-weather|Snow|[upkeep]\n|-damage|p2a: Armarouge|30\/100 tox|[from] psn\n|upkeep\n|turn|2\n|-message|NN_6009 forfeited.\n|\n|win|Thehombre\n|raw|Thehombre's rating: 1065 &rarr; <strong>1099<\/strong><br \/>(+34 for winning)\n|raw|NN_6009's rating: 1114 &rarr; <strong>1085<\/strong><br \/>(-29 for losing)\n|l|\u2606NN_6009\n","uploadtime":1697874109,"views":14,"p1id":"thehombre","p2id":"nn6009","formatid":"gen9doublesou","rating":1085,"private":0,"password":""}