{"id":"gen9doublesou-2000635498","p1":"KAY FLOCKA OG","p2":"fatlumpofpoop","format":"[Gen 9] Doubles OU","log":"|j|\u2606KAY FLOCKA OG\n|j|\u2606fatlumpofpoop\n|t:|1701212919\n|gametype|doubles\n|player|p1|KAY FLOCKA OG|265|1278\n|player|p2|fatlumpofpoop|firebreather|1237\n|teamsize|p1|6\n|teamsize|p2|4\n|gen|9\n|tier|[Gen 9] Doubles OU\n|rated|\n|rule|Species Clause: Limit one of each Pok\u00e9mon\n|rule|OHKO Clause: OHKO moves are banned\n|rule|Evasion Moves Clause: Evasion moves are banned\n|rule|Gravity Sleep Clause: The combination of sleep-inducing moves with imperfect accuracy and Gravity or Gigantamax Orbeetle are banned\n|rule|Endless Battle Clause: Forcing endless battles is banned\n|rule|HP Percentage Mod: HP is shown in percentages\n|clearpoke\n|poke|p1|Salamence, F|\n|poke|p1|Flutter Mane|\n|poke|p1|Garganacl, M|\n|poke|p1|Ninetales, F|\n|poke|p1|Grimmsnarl, M|\n|poke|p1|Mew|\n|poke|p2|Scizor, M|\n|poke|p2|Perrserker, M|\n|poke|p2|Gyarados, F|\n|poke|p2|Gholdengo|\n|teampreview\n|inactive|Battle timer is ON: inactive players will automatically lose when time's up. (requested by fatlumpofpoop)\n|\n|t:|1701212946\n|start\n|switch|p1a: Grimmsnarl|Grimmsnarl, M|100\/100\n|switch|p1b: Nacky Stack|Garganacl, M, shiny|100\/100\n|switch|p2a: Garfield|Perrserker, M|100\/100\n|switch|p2b: Rolex|Scizor, M|100\/100\n|turn|1\n|\n|t:|1701212966\n|move|p2a: Garfield|Fake Out|p1b: Nacky Stack\n|-resisted|p1b: Nacky Stack\n|-damage|p1b: Nacky Stack|97\/100\n|move|p2b: Rolex|Bullet Punch|p1a: Grimmsnarl\n|-supereffective|p1a: Grimmsnarl\n|-damage|p1a: Grimmsnarl|0 fnt\n|faint|p1a: Grimmsnarl\n|cant|p1b: Nacky Stack|flinch\n|\n|-heal|p1b: Nacky Stack|100\/100|[from] item: Leftovers\n|upkeep\n|\n|t:|1701212981\n|switch|p1a: Mew|Mew, shiny|100\/100\n|turn|2\n|\n|t:|1701212999\n|move|p2b: Rolex|Bullet Punch|p1b: Nacky Stack\n|-supereffective|p1b: Nacky Stack\n|-damage|p1b: Nacky Stack|0 fnt\n|faint|p1b: Nacky Stack\n|move|p1a: Mew|Tailwind|p1a: Mew\n|-sidestart|p1: KAY FLOCKA OG|move: Tailwind\n|move|p2a: Garfield|Knock Off|p1a: Mew\n|-supereffective|p1a: Mew\n|-damage|p1a: Mew|48\/100\n|-enditem|p1a: Mew|Covert Cloak|[from] move: Knock Off|[of] p2a: Garfield\n|\n|upkeep\n|\n|t:|1701213009\n|switch|p1b: FLUTTER PAIN|Flutter Mane, shiny|100\/100\n|turn|3\n|\n|t:|1701213031\n|switch|p1a: A-NINE|Ninetales, F|100\/100\n|-weather|SunnyDay|[from] ability: Drought|[of] p1a: A-NINE\n|-activate|p1b: FLUTTER PAIN|ability: Protosynthesis\n|-start|p1b: FLUTTER PAIN|protosynthesisspa\n|-terastallize|p1b: FLUTTER PAIN|Poison\n|move|p2b: Rolex|Bullet Punch|p1b: FLUTTER PAIN\n|-damage|p1b: FLUTTER PAIN|0 fnt\n|faint|p1b: FLUTTER PAIN\n|-end|p1b: FLUTTER PAIN|Protosynthesis|[silent]\n|move|p2a: Garfield|Knock Off|p1a: A-NINE\n|-damage|p1a: A-NINE|57\/100\n|-enditem|p1a: A-NINE|Sitrus Berry|[from] move: Knock Off|[of] p2a: Garfield\n|\n|-weather|SunnyDay|[upkeep]\n|upkeep\n|-message|KAY FLOCKA OG forfeited.\n|\n|win|fatlumpofpoop\n|raw|KAY FLOCKA OG's rating: 1278 &rarr; <strong>1250<\/strong><br \/>(-28 for losing)\n|raw|fatlumpofpoop's rating: 1237 &rarr; <strong>1265<\/strong><br \/>(+28 for winning)\n|l|\u2606KAY FLOCKA OG\n","uploadtime":1701213048,"views":1,"p1id":"kayflockaog","p2id":"fatlumpofpoop","formatid":"gen9doublesou","rating":1250,"private":0,"password":""}