{"id":"gen9doublesou-1968739536","p1":"mynamewest","p2":"DarkClawLycanroc","format":"[Gen 9] Doubles OU","log":"|j|\u2606mynamewest\n|j|\u2606DarkClawLycanroc\n|t:|1697460046\n|gametype|doubles\n|player|p1|mynamewest|wallace|1135\n|player|p2|DarkClawLycanroc|170|1163\n|teamsize|p1|6\n|teamsize|p2|6\n|gen|9\n|tier|[Gen 9] Doubles OU\n|rated|\n|rule|Species Clause: Limit one of each Pok\u00e9mon\n|rule|OHKO Clause: OHKO moves are banned\n|rule|Evasion Moves Clause: Evasion moves are banned\n|rule|Gravity Sleep Clause: The combination of sleep-inducing moves with imperfect accuracy and Gravity or Gigantamax Orbeetle are banned\n|rule|Endless Battle Clause: Forcing endless battles is banned\n|rule|HP Percentage Mod: HP is shown in percentages\n|clearpoke\n|poke|p1|Ursaluna-Bloodmoon, M|\n|poke|p1|Sinistcha|\n|poke|p1|Dusclops, F|\n|poke|p1|Empoleon, F|\n|poke|p1|Farigiraf, F|\n|poke|p1|Dipplin, M|\n|poke|p2|Tyranitar, F|\n|poke|p2|Houndstone, F|\n|poke|p2|Lycanroc, F|\n|poke|p2|Gastrodon-East, F|\n|poke|p2|Empoleon, M|\n|poke|p2|Klefki, F|\n|teampreview\n|inactive|Battle timer is ON: inactive players will automatically lose when time's up. (requested by DarkClawLycanroc)\n|inactive|mynamewest also wants the timer to be on.\n|\n|t:|1697460071\n|start\n|switch|p1a: Dusclops|Dusclops, F|100\/100\n|switch|p1b: Sinistcha|Sinistcha|100\/100\n|switch|p2a: Tyranitar|Tyranitar, F|100\/100\n|switch|p2b: Lycanroc|Lycanroc, F|100\/100\n|-weather|Sandstorm|[from] ability: Sand Stream|[of] p2a: Tyranitar\n|-ability|p1a: Dusclops|Pressure\n|turn|1\n|\n|t:|1697460089\n|move|p2b: Lycanroc|Rock Slide|p1b: Sinistcha|[spread] p1a,p1b\n|-damage|p1a: Dusclops|82\/100\n|-damage|p1b: Sinistcha|73\/100\n|move|p2a: Tyranitar|Rock Slide|p1a: Dusclops|[spread] p1a,p1b\n|-damage|p1a: Dusclops|67\/100\n|-damage|p1b: Sinistcha|49\/100\n|cant|p1b: Sinistcha|flinch\n|cant|p1a: Dusclops|flinch\n|\n|-weather|Sandstorm|[upkeep]\n|-damage|p1b: Sinistcha|43\/100|[from] Sandstorm\n|-damage|p1a: Dusclops|61\/100|[from] Sandstorm\n|-heal|p1b: Sinistcha|49\/100|[from] item: Leftovers\n|upkeep\n|turn|2\n|\n|t:|1697460103\n|move|p2b: Lycanroc|Rock Slide|p1b: Sinistcha|[spread] p1a,p1b\n|-damage|p1a: Dusclops|43\/100\n|-damage|p1b: Sinistcha|20\/100\n|move|p2a: Tyranitar|Rock Slide|p1a: Dusclops|[spread] p1a,p1b\n|-damage|p1a: Dusclops|27\/100\n|-damage|p1b: Sinistcha|0 fnt\n|faint|p1b: Sinistcha\n|cant|p1a: Dusclops|flinch\n|\n|-weather|Sandstorm|[upkeep]\n|-damage|p1a: Dusclops|21\/100|[from] Sandstorm\n|upkeep\n|-message|mynamewest forfeited.\n|\n|win|DarkClawLycanroc\n|raw|mynamewest's rating: 1135 &rarr; <strong>1112<\/strong><br \/>(-23 for losing)\n|raw|DarkClawLycanroc's rating: 1163 &rarr; <strong>1186<\/strong><br \/>(+23 for winning)\n|l|\u2606mynamewest\n","uploadtime":1697460124,"views":26,"p1id":"mynamewest","p2id":"darkclawlycanroc","formatid":"gen9doublesou","rating":1112,"private":0,"password":""}