{"id":"gen9doublesou-1968553847","p1":"Crewmate3206","p2":"humanallien","format":"[Gen 9] Doubles OU","log":"|j|\u2606Crewmate3206\n|j|\u2606humanallien\n|t:|1697432468\n|gametype|doubles\n|player|p1|Crewmate3206|cilan|1064\n|player|p2|humanallien|266|1065\n|teamsize|p1|6\n|teamsize|p2|6\n|gen|9\n|tier|[Gen 9] Doubles OU\n|rated|\n|rule|Species Clause: Limit one of each Pok\u00e9mon\n|rule|OHKO Clause: OHKO moves are banned\n|rule|Evasion Moves Clause: Evasion moves are banned\n|rule|Gravity Sleep Clause: The combination of sleep-inducing moves with imperfect accuracy and Gravity or Gigantamax Orbeetle are banned\n|rule|Endless Battle Clause: Forcing endless battles is banned\n|rule|HP Percentage Mod: HP is shown in percentages\n|clearpoke\n|poke|p1|Ninetales-Alola, F|\n|poke|p1|Kommo-o, F|\n|poke|p1|Farigiraf, M|\n|poke|p1|Chi-Yu|\n|poke|p1|Amoonguss, F|\n|poke|p1|Gholdengo|\n|poke|p2|Froslass, F|\n|poke|p2|Primeape, M|\n|poke|p2|Weezing, M|\n|poke|p2|Maushold|\n|poke|p2|Torterra, F|\n|poke|p2|Muk-Alola, M|\n|teampreview\n|inactive|Battle timer is ON: inactive players will automatically lose when time's up. (requested by Crewmate3206)\n|\n|t:|1697432498\n|start\n|switch|p1a: Chi-Yu|Chi-Yu|100\/100\n|switch|p1b: Ninetales|Ninetales-Alola, F|100\/100\n|switch|p2a: Torterra|Torterra, F|100\/100\n|switch|p2b: Weezing|Weezing, M|100\/100\n|-ability|p2b: Weezing|Neutralizing Gas\n|turn|1\n|\n|t:|1697432527\n|-terastallize|p1a: Chi-Yu|Fire\n|-terastallize|p2a: Torterra|Steel\n|move|p1b: Ninetales|Freeze-Dry|p2a: Torterra\n|-resisted|p2a: Torterra\n|-damage|p2a: Torterra|88\/100\n|move|p1a: Chi-Yu|Heat Wave|p2b: Weezing|[spread] p2a,p2b\n|-supereffective|p2a: Torterra\n|-crit|p2b: Weezing\n|-damage|p2a: Torterra|0 fnt\n|-damage|p2b: Weezing|0 fnt\n|faint|p2a: Torterra\n|faint|p2b: Weezing\n|-end|p2b: Weezing|ability: Neutralizing Gas\n|-weather|Snow|[from] ability: Snow Warning|[of] p1b: Ninetales\n|-ability|p1a: Chi-Yu|Beads of Ruin\n|\n|-weather|Snow|[upkeep]\n|upkeep\n|-message|humanallien forfeited.\n|\n|win|Crewmate3206\n|raw|Crewmate3206's rating: 1064 &rarr; <strong>1094<\/strong><br \/>(+30 for winning)\n|raw|humanallien's rating: 1065 &rarr; <strong>1045<\/strong><br \/>(-20 for losing)\n|l|\u2606humanallien\n|c|\u2606Crewmate3206|gg\n","uploadtime":1697432549,"views":15,"p1id":"crewmate3206","p2id":"humanallien","formatid":"gen9doublesou","rating":1045,"private":0,"password":""}