{"id":"gen9doublesou-1982770592","p1":"Elnutriajp","p2":"paquitacabezaa","format":"[Gen 9] Doubles OU","log":"|j|\u2606Elnutriajp\n|j|\u2606paquitacabezaa\n|t:|1699043261\n|gametype|doubles\n|player|p1|Elnutriajp|lucas|1000\n|player|p2|paquitacabezaa|266|1000\n|teamsize|p1|2\n|teamsize|p2|6\n|gen|9\n|tier|[Gen 9] Doubles OU\n|rated|\n|rule|Species Clause: Limit one of each Pok\u00e9mon\n|rule|OHKO Clause: OHKO moves are banned\n|rule|Evasion Moves Clause: Evasion moves are banned\n|rule|Gravity Sleep Clause: The combination of sleep-inducing moves with imperfect accuracy and Gravity or Gigantamax Orbeetle are banned\n|rule|Endless Battle Clause: Forcing endless battles is banned\n|rule|HP Percentage Mod: HP is shown in percentages\n|clearpoke\n|poke|p1|Tauros-Paldea-Blaze, M|\n|poke|p1|Meowscarada, F|\n|poke|p2|Goodra-Hisui, M|\n|poke|p2|Flutter Mane|\n|poke|p2|Chien-Pao|\n|poke|p2|Dragapult, F|\n|poke|p2|Amoonguss, F|\n|poke|p2|Torkoal, M|\n|teampreview\n|\n|t:|1699043277\n|start\n|switch|p1a: Tauros|Tauros-Paldea-Blaze, M|100\/100\n|switch|p1b: Meowscarada|Meowscarada, F|100\/100\n|switch|p2a: Torkoal|Torkoal, M|100\/100\n|switch|p2b: Flutter Mane|Flutter Mane|100\/100\n|-enditem|p2b: Flutter Mane|Booster Energy\n|-activate|p2b: Flutter Mane|ability: Protosynthesis|[fromitem]\n|-start|p2b: Flutter Mane|protosynthesisspe\n|turn|1\n|\n|t:|1699043305\n|move|p2b: Flutter Mane|Protect|p2b: Flutter Mane\n|-singleturn|p2b: Flutter Mane|Protect\n|move|p1b: Meowscarada|Flower Trick|p1a: Tauros\n|-start|p1b: Meowscarada|typechange|Grass|[from] ability: Protean\n|-resisted|p1a: Tauros\n|-crit|p1a: Tauros\n|-damage|p1a: Tauros|73\/100\n|-setboost|p1a: Tauros|atk|6|[from] ability: Anger Point\n|move|p1a: Tauros|Rock Slide|p2a: Torkoal|[spread] p2a\n|-activate|p2b: Flutter Mane|move: Protect\n|-supereffective|p2a: Torkoal\n|-damage|p2a: Torkoal|0 fnt\n|faint|p2a: Torkoal\n|\n|upkeep\n|\n|t:|1699043342\n|switch|p2a: Amoonguss|Amoonguss, F|100\/100\n|turn|2\n|\n|t:|1699043355\n|-terastallize|p1a: Tauros|Rock\n|move|p2b: Flutter Mane|Dazzling Gleam|p1b: Meowscarada|[spread] p1a,p1b\n|-damage|p1a: Tauros|25\/100\n|-damage|p1b: Meowscarada|54\/100\n|move|p1b: Meowscarada|Flower Trick|p2b: Flutter Mane\n|-crit|p2b: Flutter Mane\n|-damage|p2b: Flutter Mane|0 fnt\n|faint|p2b: Flutter Mane\n|-end|p2b: Flutter Mane|Protosynthesis|[silent]\n|move|p1a: Tauros|Rock Slide|p2a: Amoonguss\n|-damage|p2a: Amoonguss|0 fnt\n|faint|p2a: Amoonguss\n|\n|upkeep\n|inactive|Battle timer is ON: inactive players will automatically lose when time's up. (requested by Elnutriajp)\n|inactive|paquitacabezaa has 120 seconds left.\n|inactive|paquitacabezaa has 90 seconds left.\n|inactive|paquitacabezaa has 60 seconds left.\n|inactive|paquitacabezaa has 30 seconds left.\n|inactive|paquitacabezaa has 20 seconds left.\n|inactive|paquitacabezaa has 15 seconds left.\n|inactive|paquitacabezaa has 10 seconds left.\n|inactive|paquitacabezaa has 5 seconds left.\n|-message|paquitacabezaa lost due to inactivity.\n|\n|win|Elnutriajp\n|raw|Elnutriajp's rating: 1000 &rarr; <strong>1040<\/strong><br \/>(+40 for winning)\n|raw|paquitacabezaa's rating: 1000 &rarr; <strong>1000<\/strong><br \/>(+0 for losing)\n|c|\u2606Elnutriajp|gg wp\n|l|\u2606paquitacabezaa\n","uploadtime":1699043612,"views":17,"p1id":"elnutriajp","p2id":"paquitacabezaa","formatid":"gen9doublesou","rating":1000,"private":0,"password":""}