{"id":"gen9doublesou-1987539414","p1":"DoerreKong","p2":"Agme","format":"[Gen 9] Doubles OU","log":"|j|\u2606DoerreKong\n|j|\u2606Agme\n|t:|1699608893\n|gametype|doubles\n|player|p1|DoerreKong|ltsurge|1692\n|player|p2|Agme|102|1798\n|teamsize|p1|6\n|teamsize|p2|6\n|gen|9\n|tier|[Gen 9] Doubles OU\n|rated|\n|rule|Species Clause: Limit one of each Pok\u00e9mon\n|rule|OHKO Clause: OHKO moves are banned\n|rule|Evasion Moves Clause: Evasion moves are banned\n|rule|Gravity Sleep Clause: The combination of sleep-inducing moves with imperfect accuracy and Gravity or Gigantamax Orbeetle are banned\n|rule|Endless Battle Clause: Forcing endless battles is banned\n|rule|HP Percentage Mod: HP is shown in percentages\n|clearpoke\n|poke|p1|Torkoal, F|\n|poke|p1|Cresselia, F|\n|poke|p1|Diancie|\n|poke|p1|Iron Hands|\n|poke|p1|Amoonguss, M|\n|poke|p1|Dragonite, F|\n|poke|p2|Flutter Mane|\n|poke|p2|Dragonite, F|\n|poke|p2|Goodra-Hisui, M|\n|poke|p2|Kleavor, M|\n|poke|p2|Zapdos|\n|poke|p2|Volcanion|\n|teampreview\n|inactive|Battle timer is ON: inactive players will automatically lose when time's up. (requested by DoerreKong)\n|\n|t:|1699608909\n|start\n|switch|p1a: Iron Hands|Iron Hands|100\/100\n|switch|p1b: Diancie|Diancie|100\/100\n|switch|p2a: Volcanion|Volcanion|100\/100\n|switch|p2b: Kleavor|Kleavor, M|100\/100\n|turn|1\n|\n|t:|1699608930\n|-terastallize|p2b: Kleavor|Ghost\n|move|p1a: Iron Hands|Fake Out|p2a: Volcanion\n|-damage|p2a: Volcanion|91\/100\n|move|p2b: Kleavor|Stone Axe|p1b: Diancie\n|-damage|p1b: Diancie|71\/100\n|-sidestart|p1: DoerreKong|move: Stealth Rock\n|cant|p2a: Volcanion|flinch\n|move|p1b: Diancie|Trick Room|p1b: Diancie\n|-fieldstart|move: Trick Room|[of] p1b: Diancie\n|\n|upkeep\n|turn|2\n|\n|t:|1699608948\n|switch|p2a: Goodra|Goodra-Hisui, M|100\/100\n|move|p1b: Diancie|Diamond Storm|p2a: Goodra|[spread] p2b\n|-miss|p1b: Diancie|p2a: Goodra\n|-crit|p2b: Kleavor\n|-damage|p2b: Kleavor|54\/100\n|-boost|p1b: Diancie|def|2\n|move|p1a: Iron Hands|Thunder Punch|p2a: Goodra\n|-resisted|p2a: Goodra\n|-damage|p2a: Goodra|87\/100\n|move|p2b: Kleavor|Close Combat|p1b: Diancie\n|-damage|p1b: Diancie|59\/100\n|-unboost|p2b: Kleavor|def|1\n|-unboost|p2b: Kleavor|spd|1\n|\n|-heal|p2a: Goodra|93\/100|[from] item: Leftovers\n|upkeep\n|turn|3\n|\n|t:|1699608972\n|move|p1b: Diancie|Body Press|p2a: Goodra\n|-supereffective|p2a: Goodra\n|-damage|p2a: Goodra|0 fnt\n|faint|p2a: Goodra\n|move|p1a: Iron Hands|Thunder Punch|p2b: Kleavor\n|-damage|p2b: Kleavor|0 fnt\n|faint|p2b: Kleavor\n|\n|upkeep\n|-message|Agme forfeited.\n|\n|win|DoerreKong\n|raw|DoerreKong's rating: 1692 &rarr; <strong>1718<\/strong><br \/>(+26 for winning)\n|raw|Agme's rating: 1798 &rarr; <strong>1772<\/strong><br \/>(-26 for losing)\n|l|\u2606Agme\n","uploadtime":1699608983,"views":9,"p1id":"doerrekong","p2id":"agme","formatid":"gen9doublesou","rating":1718,"private":0,"password":""}