{"id":"gen9doublesou-1996707911","p1":"Thehombre","p2":"DavyCricket","format":"[Gen 9] Doubles OU","log":"|j|\u2606Thehombre\n|j|\u2606DavyCricket\n|t:|1700712508\n|gametype|doubles\n|player|p1|Thehombre|265|1172\n|player|p2|DavyCricket|hilbert|1079\n|teamsize|p1|6\n|teamsize|p2|6\n|gen|9\n|tier|[Gen 9] Doubles OU\n|rated|\n|rule|Species Clause: Limit one of each Pok\u00e9mon\n|rule|OHKO Clause: OHKO moves are banned\n|rule|Evasion Moves Clause: Evasion moves are banned\n|rule|Gravity Sleep Clause: The combination of sleep-inducing moves with imperfect accuracy and Gravity or Gigantamax Orbeetle are banned\n|rule|Endless Battle Clause: Forcing endless battles is banned\n|rule|HP Percentage Mod: HP is shown in percentages\n|clearpoke\n|poke|p1|Copperajah, F|\n|poke|p1|Bronzong|\n|poke|p1|Armarouge, F|\n|poke|p1|Torkoal, F|\n|poke|p1|Dipplin, F|\n|poke|p1|Great Tusk|\n|poke|p2|Primeape, M|\n|poke|p2|Ambipom, F|\n|poke|p2|Infernape, M|\n|poke|p2|Oranguru, M|\n|poke|p2|Rillaboom, M|\n|poke|p2|Grafaiai, F|\n|teampreview\n|inactive|Battle timer is ON: inactive players will automatically lose when time's up. (requested by Thehombre)\n|\n|t:|1700712525\n|start\n|switch|p1a: Copperajah|Copperajah, F|100\/100\n|switch|p1b: Bronzong|Bronzong|100\/100\n|switch|p2a: Ambipom|Ambipom, F|100\/100\n|switch|p2b: Gus|Oranguru, M|100\/100\n|turn|1\n|\n|t:|1700712551\n|switch|p2a: boy|Primeape, M|100\/100\n|move|p2b: Gus|Hyper Voice|p1a: Copperajah|[spread] p1a,p1b\n|-resisted|p1a: Copperajah\n|-resisted|p1b: Bronzong\n|-damage|p1a: Copperajah|86\/100\n|-damage|p1b: Bronzong|90\/100\n|move|p1a: Copperajah|Curse|p1a: Copperajah\n|-unboost|p1a: Copperajah|spe|1\n|-boost|p1a: Copperajah|atk|1\n|-boost|p1a: Copperajah|def|1\n|move|p1b: Bronzong|Trick Room|p1b: Bronzong\n|-fieldstart|move: Trick Room|[of] p1b: Bronzong\n|\n|-heal|p1b: Bronzong|97\/100|[from] item: Leftovers\n|-heal|p1a: Copperajah|92\/100|[from] item: Leftovers\n|upkeep\n|turn|2\n|\n|t:|1700712570\n|move|p1b: Bronzong|Iron Defense|p1b: Bronzong\n|-boost|p1b: Bronzong|def|2\n|move|p1a: Copperajah|Heavy Slam|p2a: boy\n|-damage|p2a: boy|0 fnt\n|faint|p2a: boy\n|move|p2b: Gus|Instruct|p2: boy|[notarget]\n|-fail|p2b: Gus\n|\n|-heal|p1b: Bronzong|100\/100|[from] item: Leftovers\n|-heal|p1a: Copperajah|98\/100|[from] item: Leftovers\n|upkeep\n|\n|t:|1700712580\n|switch|p2a: Kong Kuzma|Infernape, M|100\/100\n|turn|3\n|\n|t:|1700712589\n|move|p1b: Bronzong|Body Press|p2a: Kong Kuzma\n|-damage|p2a: Kong Kuzma|35\/100\n|move|p1a: Copperajah|Heavy Slam|p2a: Kong Kuzma\n|-resisted|p2a: Kong Kuzma\n|-damage|p2a: Kong Kuzma|0 fnt\n|faint|p2a: Kong Kuzma\n|move|p2b: Gus|Trick Room|p2b: Gus\n|-fieldend|move: Trick Room\n|\n|-heal|p1a: Copperajah|100\/100|[from] item: Leftovers\n|upkeep\n|-message|DavyCricket forfeited.\n|\n|win|Thehombre\n|raw|Thehombre's rating: 1172 &rarr; <strong>1190<\/strong><br \/>(+18 for winning)\n|raw|DavyCricket's rating: 1079 &rarr; <strong>1063<\/strong><br \/>(-16 for losing)\n|l|\u2606DavyCricket\n","uploadtime":1700712601,"views":10,"p1id":"thehombre","p2id":"davycricket","formatid":"gen9doublesou","rating":1063,"private":0,"password":""}