{"id":"gen9doublesou-1991669900","p1":"Makoish","p2":"Elite.4.Challenger","format":"[Gen 9] Doubles OU","log":"|j|\u2606Makoish\n|j|\u2606Elite.4.Challenger\n|t:|1700100692\n|gametype|doubles\n|player|p1|Makoish|101|1167\n|player|p2|Elite.4.Challenger|koga|1275\n|teamsize|p1|6\n|teamsize|p2|6\n|gen|9\n|tier|[Gen 9] Doubles OU\n|rated|\n|rule|Species Clause: Limit one of each Pok\u00e9mon\n|rule|OHKO Clause: OHKO moves are banned\n|rule|Evasion Moves Clause: Evasion moves are banned\n|rule|Gravity Sleep Clause: The combination of sleep-inducing moves with imperfect accuracy and Gravity or Gigantamax Orbeetle are banned\n|rule|Endless Battle Clause: Forcing endless battles is banned\n|rule|HP Percentage Mod: HP is shown in percentages\n|clearpoke\n|poke|p1|Sylveon, F|\n|poke|p1|Ursaluna-Bloodmoon, M|\n|poke|p1|Arboliva, M|\n|poke|p1|Zoroark-Hisui, M|\n|poke|p1|Toxapex, F|\n|poke|p1|Espeon, F|\n|poke|p2|Grimmsnarl, M|\n|poke|p2|Hatterene, F|\n|poke|p2|Iron Hands|\n|poke|p2|Kingambit, M|\n|poke|p2|Sinistcha-Masterpiece|\n|poke|p2|Heatran, M|\n|teampreview\n|j| bananaszn\n|\n|t:|1700100711\n|start\n|switch|p1a: Sylveon|Sylveon, F|100\/100\n|switch|p1b: Toxapex|Toxapex, F|100\/100\n|switch|p2a: Joe's Ex-Wife|Hatterene, F|100\/100\n|switch|p2b: Gollum|Grimmsnarl, M|100\/100\n|turn|1\n|\n|t:|1700100726\n|move|p2b: Gollum|Parting Shot|p1b: Toxapex\n|-unboost|p1b: Toxapex|atk|1\n|-unboost|p1b: Toxapex|spa|1\n|\n|t:|1700100738\n|switch|p2b: Heatran|Heatran, M|100\/100|[from] Parting Shot\n|move|p1b: Toxapex|Trick|p2b: Heatran\n|-activate|p1b: Toxapex|move: Trick|[of] p2b: Heatran\n|-item|p2b: Heatran|Choice Specs|[from] move: Trick\n|-item|p1b: Toxapex|Assault Vest|[from] move: Trick\n|move|p1a: Sylveon|Skill Swap|p2a: Joe's Ex-Wife\n|-activate|p1a: Sylveon|move: Skill Swap|Magic Bounce|Cute Charm|[of] p2a: Joe's Ex-Wife\n|move|p2a: Joe's Ex-Wife|Trick Room|p2a: Joe's Ex-Wife\n|-fieldstart|move: Trick Room|[of] p2a: Joe's Ex-Wife\n|\n|upkeep\n|turn|2\n|c| bananaszn|he doesnt know\n|\n|t:|1700100769\n|switch|p2a: Judas|Kingambit, M|100\/100\n|switch|p1b: Toxapex|Toxapex, F|100\/100\n|move|p2b: Heatran|Flash Cannon|p1a: Sylveon\n|-supereffective|p1a: Sylveon\n|-damage|p1a: Sylveon|12\/100\n|move|p1a: Sylveon|Shadow Ball|p2b: Heatran\n|-damage|p2b: Heatran|80\/100\n|\n|upkeep\n|turn|3\n|c|\u2606Elite.4.Challenger|he doesn't know\n|\n|t:|1700100806\n|switch|p1a: Ursaluna|Ursaluna-Bloodmoon, M|100\/100\n|move|p1b: Toxapex|Liquidation|p2b: Heatran\n|-supereffective|p2b: Heatran\n|-damage|p2b: Heatran|44\/100\n|move|p2a: Judas|Kowtow Cleave|p1b: Toxapex\n|-damage|p1b: Toxapex|64\/100\n|-enditem|p1b: Toxapex|Red Card|[of] p2a: Judas\n|drag|p2a: Joe's Ex-Wife|Hatterene, F|100\/100\n|move|p2b: Heatran|Flash Cannon|p1a: Ursaluna\n|-damage|p1a: Ursaluna|30\/100\n|\n|upkeep\n|turn|4\n|\n|t:|1700100842\n|switch|p1b: Sylveon|Sylveon, F|12\/100\n|switch|p2b: Gollum|Grimmsnarl, M|100\/100\n|move|p2a: Joe's Ex-Wife|Dazzling Gleam|p1b: Sylveon|[spread] p1a,p1b\n|-crit|p1a: Ursaluna\n|-damage|p1a: Ursaluna|0 fnt\n|-damage|p1b: Sylveon|0 fnt\n|faint|p1a: Ursaluna\n|faint|p1b: Sylveon\n|\n|upkeep\n|c| bananaszn|holy crit\n|c|\u2606Elite.4.Challenger|lol\n|\n|t:|1700100859\n|switch|p1a: Espeon|Espeon, F|100\/100\n|switch|p1b: Toxapex|Toxapex, F|64\/100\n|turn|5\n|\n|t:|1700100874\n|move|p2b: Gollum|Fake Out|p1a: Espeon\n|-damage|p1a: Espeon|79\/100\n|move|p2a: Joe's Ex-Wife|Dazzling Gleam|p1a: Espeon|[spread] p1a,p1b\n|-resisted|p1b: Toxapex\n|-damage|p1a: Espeon|51\/100\n|-damage|p1b: Toxapex|48\/100\n|move|p1b: Toxapex|Toxic|p2b: Gollum\n|-status|p2b: Gollum|tox\n|cant|p1a: Espeon|flinch\n|\n|-damage|p2b: Gollum|94\/100 tox|[from] psn\n|-fieldend|move: Trick Room\n|upkeep\n|turn|6\n|\n|t:|1700100895\n|move|p2b: Gollum|Parting Shot|p1b: Toxapex\n|-unboost|p1b: Toxapex|atk|1\n|-unboost|p1b: Toxapex|spa|1\n|\n|t:|1700100899\n|switch|p2b: Judas|Kingambit, M|100\/100|[from] Parting Shot\n|move|p1a: Espeon|Dazzling Gleam|p2a: Joe's Ex-Wife|[spread] p2a,p2b\n|-damage|p2a: Joe's Ex-Wife|80\/100\n|-damage|p2b: Judas|76\/100\n|move|p1b: Toxapex|Liquidation|p2a: Joe's Ex-Wife\n|-damage|p2a: Joe's Ex-Wife|62\/100\n|move|p2a: Joe's Ex-Wife|Trick Room|p2a: Joe's Ex-Wife\n|-fieldstart|move: Trick Room|[of] p2a: Joe's Ex-Wife\n|\n|upkeep\n|turn|7\n|-message|Makoish forfeited.\n|\n|win|Elite.4.Challenger\n|raw|Makoish's rating: 1167 &rarr; <strong>1150<\/strong><br \/>(-17 for losing)\n|raw|Elite.4.Challenger's rating: 1275 &rarr; <strong>1292<\/strong><br \/>(+17 for winning)\n|l|\u2606Makoish\n|c|\u2606Elite.4.Challenger|lol\n|c| bananaszn|SHEESh\n|c|\u2606Elite.4.Challenger|we take those\n|c| bananaszn|you love to see it\n|c| bananaszn|ima run one\n|c| bananaszn|watch\n|c|\u2606Elite.4.Challenger|bet\n|c| bananaszn|lets talk in here\n|c|\u2606Elite.4.Challenger|ok\n|c|\u2606Elite.4.Challenger|scizzor messes up hat\n|c|\u2606Elite.4.Challenger|don't know why he didn't bullet punch hat was dead\n|c| bananaszn|true\n|c| bananaszn|he doesnt know\n|c| bananaszn|abt the good old\n|c| bananaszn|tera blast\n|c|\u2606Elite.4.Challenger|lol\n|c| bananaszn|watch as i decimate the bear\n|c|\u2606Elite.4.Challenger|he's about to find\n|c|\u2606Elite.4.Challenger|out\n|c|\u2606Elite.4.Challenger|dang he bulky af\n|c| bananaszn|fr\n|c| bananaszn|im gonna stall his burn\n|c| bananaszn|tsareena\n|c| bananaszn|not fun\n|c| bananaszn|think i gotta run a hatt, heatran lead to incinerate tsar\n|c|\u2606Elite.4.Challenger|yeah i agre\n|c| bananaszn|told u\n|c|\u2606Elite.4.Challenger|XD\n|c|\u2606Elite.4.Challenger|spec probably\n|c|\u2606Elite.4.Challenger|partially why i run grim\n|c|\u2606Elite.4.Challenger|for the light screen\n|c| bananaszn|true\n|c| bananaszn|but i couldnt have did anything meaningful with grimm\n|c|\u2606Elite.4.Challenger|true\n|c| bananaszn|2\/4 moves were disabled by tsar\n|c|\u2606Elite.4.Challenger|he's partially there just for the screens\n|c| bananaszn|and free fake out\n|c|\u2606Elite.4.Challenger|fake out and parting shot help alot for setting tr or dealing with buffed sweepers\n|c|\u2606Elite.4.Challenger|av iron hand always has volt switch btw\n|c| bananaszn|couldve terad there\n|c| bananaszn|but eh\n|c|\u2606Elite.4.Challenger|i was about to say save king for ninetails but its too late now lol\n|c| bananaszn|this is where i eat his team\n|c|\u2606Elite.4.Challenger|ong\n|c|\u2606Elite.4.Challenger|yeah easy win from here\n|c|\u2606Elite.4.Challenger|light screen\n|c|\u2606Elite.4.Challenger|that works too\n|c|\u2606Elite.4.Challenger|sucker punch fake out\n|c|\u2606Elite.4.Challenger|rip\n|c|\u2606Elite.4.Challenger|meant to say fake out stone and sucker regi\n|c| bananaszn|ah\n|c| bananaszn|yea i couldve iron headed it\n|c|\u2606Elite.4.Challenger|he put up a good fight\n|c| bananaszn|fr\n|c|\u2606Elite.4.Challenger|you also could have tera to half the damage\n|c|\u2606Elite.4.Challenger|would have still been 2x but still\n|c| bananaszn|hmm true\n|c| bananaszn|nah its base 135 defense\n|c|\u2606Elite.4.Challenger|might be worth changing kings tera\n|c| bananaszn|yea i noticed all the tera types were default\n|c|\u2606Elite.4.Challenger|to like flying for more defensive purposes\n|c|\u2606Elite.4.Challenger|yeah\n|c|\u2606Elite.4.Challenger|old team so i didn't understand the full capabilities of tera\n|c| bananaszn|reasonable\n|c|\u2606Elite.4.Challenger|spectate me I'm gonna try again\n|c| bananaszn|alright\n|c| bananaszn|u in the match ?\n|c|\u2606Elite.4.Challenger|not yet\n|c|\u2606Elite.4.Challenger|now i am\n","uploadtime":1700102833,"views":7,"p1id":"makoish","p2id":"elite4challenger","formatid":"gen9doublesou","rating":1150,"private":0,"password":""}