{"id":"gen9doublesou-1987752209","p1":"Phasmosix","p2":"ooobertThaGoobert","format":"[Gen 9] Doubles OU","log":"|j|\u2606Phasmosix\n|j|\u2606ooobertThaGoobert\n|t:|1699633703\n|gametype|doubles\n|player|p1|Phasmosix|pokemonrangerf|1109\n|player|p2|ooobertThaGoobert|clown|1147\n|teamsize|p1|6\n|teamsize|p2|6\n|gen|9\n|tier|[Gen 9] Doubles OU\n|rated|\n|rule|Species Clause: Limit one of each Pok\u00e9mon\n|rule|OHKO Clause: OHKO moves are banned\n|rule|Evasion Moves Clause: Evasion moves are banned\n|rule|Gravity Sleep Clause: The combination of sleep-inducing moves with imperfect accuracy and Gravity or Gigantamax Orbeetle are banned\n|rule|Endless Battle Clause: Forcing endless battles is banned\n|rule|HP Percentage Mod: HP is shown in percentages\n|clearpoke\n|poke|p1|Maushold-Four|\n|poke|p1|Armarouge, F|\n|poke|p1|Indeedee-F, F|\n|poke|p1|Scream Tail|\n|poke|p1|Dragonite, F|\n|poke|p1|Flutter Mane|\n|poke|p2|Weezing, M|\n|poke|p2|Toxapex, F|\n|poke|p2|Ariados, M|\n|poke|p2|Glimmora, M|\n|poke|p2|Fezandipiti, M|\n|poke|p2|Dragalge, M|\n|teampreview\n|inactive|Battle timer is ON: inactive players will automatically lose when time's up. (requested by ooobertThaGoobert)\n|\n|t:|1699633729\n|start\n|switch|p1a: Maushold|Maushold-Four|100\/100\n|switch|p1b: Armarouge|Armarouge, F|100\/100\n|switch|p2a: Ruined Meta|Toxapex, F, shiny|100\/100\n|switch|p2b: Get Bugged|Ariados, M, shiny|100\/100\n|turn|1\n|\n|t:|1699633741\n|-terastallize|p1b: Armarouge|Psychic\n|move|p1a: Maushold|U-turn|p1b: Armarouge\n|-supereffective|p1b: Armarouge\n|-damage|p1b: Armarouge|75\/100\n|-ability|p1b: Armarouge|Weak Armor|boost\n|-unboost|p1b: Armarouge|def|1\n|-boost|p1b: Armarouge|spe|2\n|-enditem|p1b: Armarouge|Weakness Policy\n|-boost|p1b: Armarouge|atk|2|[from] item: Weakness Policy\n|-boost|p1b: Armarouge|spa|2|[from] item: Weakness Policy\n|\n|t:|1699633745\n|switch|p1a: Indeedee|Indeedee-F, F|100\/100|[from] U-turn\n|-fieldstart|move: Psychic Terrain|[from] ability: Psychic Surge|[of] p1a: Indeedee\n|move|p1b: Armarouge|Expanding Force|p2a: Ruined Meta|[spread] p2a,p2b\n|-supereffective|p2a: Ruined Meta\n|-supereffective|p2b: Get Bugged\n|-damage|p2a: Ruined Meta|0 fnt\n|-enditem|p2b: Get Bugged|Focus Sash\n|-damage|p2b: Get Bugged|1\/100\n|faint|p2a: Ruined Meta\n|move|p2b: Get Bugged|Knock Off|p1b: Armarouge\n|-supereffective|p1b: Armarouge\n|-damage|p1b: Armarouge|17\/100\n|-ability|p1b: Armarouge|Weak Armor|boost\n|-unboost|p1b: Armarouge|def|1\n|-boost|p1b: Armarouge|spe|2\n|\n|upkeep\n|\n|t:|1699633758\n|switch|p2a: Seiran|Fezandipiti, M|100\/100\n|turn|2\n|\n|t:|1699633768\n|move|p1b: Armarouge|Expanding Force|p2a: Seiran|[spread] p2a,p2b\n|-supereffective|p2a: Seiran\n|-supereffective|p2b: Get Bugged\n|-damage|p2a: Seiran|0 fnt\n|-damage|p2b: Get Bugged|0 fnt\n|faint|p2a: Seiran\n|faint|p2b: Get Bugged\n|move|p1a: Indeedee|Psych Up|p1b: Armarouge\n|-copyboost|p1a: Indeedee|p1b: Armarouge|[from] move: Psych Up\n|\n|upkeep\n|-message|ooobertThaGoobert forfeited.\n|\n|win|Phasmosix\n|raw|Phasmosix's rating: 1109 &rarr; <strong>1137<\/strong><br \/>(+28 for winning)\n|raw|ooobertThaGoobert's rating: 1147 &rarr; <strong>1119<\/strong><br \/>(-28 for losing)\n|l|\u2606ooobertThaGoobert\n","uploadtime":1699633800,"views":19,"p1id":"phasmosix","p2id":"ooobertthagoobert","formatid":"gen9doublesou","rating":1119,"private":0,"password":""}