{"id":"gen9doublesou-1972846535","p1":"Jayson Sky","p2":"41exe","format":"[Gen 9] Doubles OU","log":"|j|\u2606Jayson Sky\n|j|\u260641exe\n|inactive|Battle timer is ON: inactive players will automatically lose when time's up.\n|t:|1697901687\n|gametype|doubles\n|player|p1|Jayson Sky|102|\n|player|p2|41exe|parasollady|\n|teamsize|p1|2\n|teamsize|p2|2\n|gen|9\n|tier|[Gen 9] Doubles OU\n|rated|Tournament battle\n|rule|Species Clause: Limit one of each Pok\u00e9mon\n|rule|OHKO Clause: OHKO moves are banned\n|rule|Evasion Moves Clause: Evasion moves are banned\n|rule|Gravity Sleep Clause: The combination of sleep-inducing moves with imperfect accuracy and Gravity or Gigantamax Orbeetle are banned\n|rule|Endless Battle Clause: Forcing endless battles is banned\n|rule|HP Percentage Mod: HP is shown in percentages\n|clearpoke\n|poke|p1|Gligar, F|\n|poke|p1|Mareanie, M|\n|poke|p2|Vulpix-Alola, M|\n|poke|p2|Cubchoo, F|\n|teampreview\n|j|*Lady Monita \u263d\n|c|\u2606Jayson Sky|Ight then\n|j| saltyfur\n|c|\u2606Jayson Sky|glhf sir!-.\n|c|\u260641exe|damn u lucked out\n|c|\u260641exe|gl\n|\n|t:|1697901703\n|start\n|switch|p1a: Mareanie|Mareanie, M|100\/100\n|switch|p1b: Gligar|Gligar, F|100\/100\n|switch|p2a: Vulpix|Vulpix-Alola, M|100\/100\n|switch|p2b: Cubchoo|Cubchoo, F|100\/100\n|-weather|Snow|[from] ability: Snow Warning|[of] p2a: Vulpix\n|turn|1\n|inactive|Jayson Sky has 120 seconds left.\n|\n|t:|1697901740\n|-terastallize|p1b: Gligar|Steel\n|move|p1b: Gligar|Substitute|p1b: Gligar\n|-start|p1b: Gligar|Substitute\n|-damage|p1b: Gligar|76\/100\n|move|p2a: Vulpix|Freeze-Dry|p1a: Mareanie\n|-supereffective|p1a: Mareanie\n|-damage|p1a: Mareanie|50\/100\n|move|p2b: Cubchoo|Rock Slide|p1a: Mareanie|[spread] p1a,p1b\n|-resisted|p1b: Gligar\n|-activate|p1b: Gligar|move: Substitute|[damage]\n|-damage|p1a: Mareanie|40\/100\n|move|p1a: Mareanie|Surf|p2b: Cubchoo|[spread] p1b,p2a,p2b\n|-activate|p1b: Gligar|move: Substitute|[damage]\n|-crit|p2b: Cubchoo\n|-damage|p2a: Vulpix|74\/100\n|-damage|p2b: Cubchoo|72\/100\n|\n|-weather|Snow|[upkeep]\n|upkeep\n|turn|2\n|j| Luxray553989\n|c|\u2606Jayson Sky|I BROUGHT MY A GHAME\n|c|\u2606Jayson Sky|trust-\n|c|\u2606Jayson Sky|zoo wee-mama.\n|c|\u2606Jayson Sky|fudge ;-;\n|inactive|Jayson Sky has 120 seconds left.\n|\n|t:|1697901768\n|-terastallize|p2b: Cubchoo|Water\n|move|p1a: Mareanie|Protect|p1a: Mareanie\n|-singleturn|p1a: Mareanie|Protect\n|move|p1b: Gligar|Knock Off|p2a: Vulpix\n|-damage|p2a: Vulpix|22\/100\n|-enditem|p2a: Vulpix|Focus Sash|[from] move: Knock Off|[of] p1b: Gligar\n|move|p2a: Vulpix|Freeze-Dry|p1a: Mareanie\n|-activate|p1a: Mareanie|move: Protect\n|move|p2b: Cubchoo|Liquidation|p1b: Gligar\n|-end|p1b: Gligar|Substitute\n|\n|-weather|Snow|[upkeep]\n|upkeep\n|turn|3\n|\n|t:|1697901790\n|move|p1b: Gligar|Knock Off|p2a: Vulpix\n|-damage|p2a: Vulpix|0 fnt\n|faint|p2a: Vulpix\n|move|p2b: Cubchoo|Liquidation|p1b: Gligar\n|-damage|p1b: Gligar|51\/100\n|-unboost|p1b: Gligar|def|1\n|move|p1a: Mareanie|Recover|p1a: Mareanie\n|-heal|p1a: Mareanie|91\/100\n|\n|-weather|Snow|[upkeep]\n|upkeep\n|turn|4\n|c|\u260641exe|well\n|c|\u260641exe|its over\n|c|\u260641exe|gg\n|-message|41exe forfeited.\n|\n|win|Jayson Sky\n|n|\u2606Jayson Sky|jaysonsky\n|n|\u260641exe|41exe\n|n|*Lady Monita \u263d|ladymonita\n|n| saltyfur|saltyfur\n|n| Luxray553989|luxray553989\n","uploadtime":1697901809,"views":8,"p1id":"jaysonsky","p2id":"41exe","formatid":"gen9doublesou","rating":0,"private":0,"password":""}