{"id":"gen9doublesou-1975434990","p1":"KobraKnight","p2":"jay142","format":"[Gen 9] Doubles OU","log":"|j|\u2606KobraKnight\n|j|\u2606jay142\n|t:|1698190974\n|gametype|doubles\n|player|p1|KobraKnight|elesa|1157\n|player|p2|jay142|169|1277\n|teamsize|p1|6\n|teamsize|p2|6\n|gen|9\n|tier|[Gen 9] Doubles OU\n|rated|\n|rule|Species Clause: Limit one of each Pok\u00e9mon\n|rule|OHKO Clause: OHKO moves are banned\n|rule|Evasion Moves Clause: Evasion moves are banned\n|rule|Gravity Sleep Clause: The combination of sleep-inducing moves with imperfect accuracy and Gravity or Gigantamax Orbeetle are banned\n|rule|Endless Battle Clause: Forcing endless battles is banned\n|rule|HP Percentage Mod: HP is shown in percentages\n|clearpoke\n|poke|p1|Typhlosion-Hisui, M|\n|poke|p1|Tornadus, M|\n|poke|p1|Glimmora, M|\n|poke|p1|Amoonguss, M|\n|poke|p1|Landorus-Therian, M|\n|poke|p1|Cresselia, F|\n|poke|p2|Iron Hands|\n|poke|p2|Flutter Mane|\n|poke|p2|Rillaboom, F|\n|poke|p2|Torkoal, F|\n|poke|p2|Empoleon, F|\n|poke|p2|Landorus-Therian, M|\n|teampreview\n|\n|t:|1698190988\n|start\n|switch|p1a: Tornadus|Tornadus, M, shiny|100\/100\n|switch|p1b: Hisuian Typhlosion|Typhlosion-Hisui, M, shiny|100\/100\n|switch|p2a: Torkoal|Torkoal, F|100\/100\n|switch|p2b: Flutter Mane|Flutter Mane|100\/100\n|-item|p2a: Torkoal|Leftovers|[from] ability: Frisk|[of] p1b: Hisuian Typhlosion|[identify]\n|-item|p2b: Flutter Mane|Life Orb|[from] ability: Frisk|[of] p1b: Hisuian Typhlosion|[identify]\n|-weather|SunnyDay|[from] ability: Drought|[of] p2a: Torkoal\n|-activate|p2b: Flutter Mane|ability: Protosynthesis\n|-start|p2b: Flutter Mane|protosynthesisspe\n|turn|1\n|\n|t:|1698191005\n|-terastallize|p2b: Flutter Mane|Steel\n|move|p1a: Tornadus|Tailwind|p1a: Tornadus\n|-sidestart|p1: KobraKnight|move: Tailwind\n|move|p1b: Hisuian Typhlosion|Eruption|p2a: Torkoal|[spread] p2a,p2b\n|-resisted|p2a: Torkoal\n|-supereffective|p2b: Flutter Mane\n|-damage|p2a: Torkoal|50\/100\n|-damage|p2b: Flutter Mane|0 fnt\n|faint|p2b: Flutter Mane\n|-end|p2b: Flutter Mane|Protosynthesis|[silent]\n|move|p2a: Torkoal|Stealth Rock|p1b: Hisuian Typhlosion\n|-sidestart|p1: KobraKnight|move: Stealth Rock\n|\n|-weather|SunnyDay|[upkeep]\n|-heal|p2a: Torkoal|56\/100|[from] item: Leftovers\n|upkeep\n|-message|jay142 forfeited.\n|\n|win|KobraKnight\n|raw|KobraKnight's rating: 1157 &rarr; <strong>1190<\/strong><br \/>(+33 for winning)\n|raw|jay142's rating: 1277 &rarr; <strong>1244<\/strong><br \/>(-33 for losing)\n|l|\u2606jay142\n|c|\u2606KobraKnight|nice tera steel bro\n","uploadtime":1698191032,"views":12,"p1id":"kobraknight","p2id":"jay142","formatid":"gen9doublesou","rating":1190,"private":0,"password":""}