{"id":"gen9doublesou-1998436834","p1":"BuggsMcFuckz","p2":"ClosetDweller","format":"[Gen 9] Doubles OU","log":"|j|\u2606BuggsMcFuckz\n|j|\u2606ClosetDweller\n|t:|1700942172\n|gametype|doubles\n|player|p1|BuggsMcFuckz|265|1415\n|player|p2|ClosetDweller|170|1360\n|teamsize|p1|6\n|teamsize|p2|6\n|gen|9\n|tier|[Gen 9] Doubles OU\n|rated|\n|rule|Species Clause: Limit one of each Pok\u00e9mon\n|rule|OHKO Clause: OHKO moves are banned\n|rule|Evasion Moves Clause: Evasion moves are banned\n|rule|Gravity Sleep Clause: The combination of sleep-inducing moves with imperfect accuracy and Gravity or Gigantamax Orbeetle are banned\n|rule|Endless Battle Clause: Forcing endless battles is banned\n|rule|HP Percentage Mod: HP is shown in percentages\n|clearpoke\n|poke|p1|Torkoal, F|\n|poke|p1|Armarouge, M|\n|poke|p1|Indeedee-F, F|\n|poke|p1|Oranguru, F|\n|poke|p1|Flamigo, M|\n|poke|p1|Iron Bundle|\n|poke|p2|Ninetales, M|\n|poke|p2|Walking Wake|\n|poke|p2|Sinistcha|\n|poke|p2|Arcanine-Hisui, F|\n|poke|p2|Rillaboom, F|\n|poke|p2|Meowscarada, F|\n|teampreview\n|inactive|Battle timer is ON: inactive players will automatically lose when time's up. (requested by BuggsMcFuckz)\n|\n|t:|1700942189\n|start\n|switch|p1a: Armarouge|Armarouge, M|100\/100\n|switch|p1b: Iron Bundle|Iron Bundle|100\/100\n|switch|p2a: Ninetales|Ninetales, M|100\/100\n|switch|p2b: Walking Wake|Walking Wake|100\/100\n|-weather|SunnyDay|[from] ability: Drought|[of] p2a: Ninetales\n|-activate|p2b: Walking Wake|ability: Protosynthesis\n|-start|p2b: Walking Wake|protosynthesisspa\n|-enditem|p1b: Iron Bundle|Booster Energy\n|-activate|p1b: Iron Bundle|ability: Quark Drive|[fromitem]\n|-start|p1b: Iron Bundle|quarkdrivespe\n|turn|1\n|\n|t:|1700942216\n|-terastallize|p2b: Walking Wake|Fire\n|move|p1a: Armarouge|Endure|p1a: Armarouge\n|-singleturn|p1a: Armarouge|move: Endure\n|move|p1b: Iron Bundle|Flip Turn|p1a: Armarouge\n|-supereffective|p1a: Armarouge\n|-damage|p1a: Armarouge|83\/100\n|-ability|p1a: Armarouge|Weak Armor|boost\n|-unboost|p1a: Armarouge|def|1\n|-boost|p1a: Armarouge|spe|2\n|-enditem|p1a: Armarouge|Weakness Policy\n|-boost|p1a: Armarouge|atk|2|[from] item: Weakness Policy\n|-boost|p1a: Armarouge|spa|2|[from] item: Weakness Policy\n|\n|t:|1700942222\n|-end|p1b: Iron Bundle|Quark Drive|[silent]\n|switch|p1b: Indeedee|Indeedee-F, F|100\/100|[from] Flip Turn\n|-fieldstart|move: Psychic Terrain|[from] ability: Psychic Surge|[of] p1b: Indeedee\n|move|p2a: Ninetales|Solar Beam||[still]\n|-prepare|p2a: Ninetales|Solar Beam\n|-anim|p2a: Ninetales|Solar Beam|p1b: Indeedee\n|-damage|p1b: Indeedee|77\/100\n|-enditem|p1b: Indeedee|Eject Button\n|\n|t:|1700942231\n|switch|p1b: Flamigo|Flamigo, M|100\/100\n|-copyboost|p1b: Flamigo|p1a: Armarouge|[from] ability: Costar\n|move|p2b: Walking Wake|Hydro Steam|p1a: Armarouge\n|-supereffective|p1a: Armarouge\n|-activate|p1a: Armarouge|move: Endure\n|-damage|p1a: Armarouge|1\/100\n|\n|-weather|SunnyDay|[upkeep]\n|upkeep\n|turn|2\n|\n|t:|1700942255\n|move|p1b: Flamigo|Close Combat|p2b: Walking Wake\n|-damage|p2b: Walking Wake|0 fnt\n|-unboost|p1b: Flamigo|def|1\n|-unboost|p1b: Flamigo|spd|1\n|faint|p2b: Walking Wake\n|-end|p2b: Walking Wake|Protosynthesis|[silent]\n|move|p1a: Armarouge|Expanding Force|p2a: Ninetales\n|-damage|p2a: Ninetales|0 fnt\n|faint|p2a: Ninetales\n|\n|-weather|SunnyDay|[upkeep]\n|upkeep\n|\n|t:|1700942268\n|switch|p2a: Arcanine|Arcanine-Hisui, F|100\/100\n|switch|p2b: Rillaboom|Rillaboom, F|100\/100\n|-ability|p2a: Arcanine|Intimidate|boost\n|-unboost|p1a: Armarouge|atk|1\n|-unboost|p1b: Flamigo|atk|1\n|-fieldstart|move: Grassy Terrain|[from] ability: Grassy Surge|[of] p2b: Rillaboom\n|turn|3\n|\n|t:|1700942291\n|switch|p1b: Indeedee|Indeedee-F, F|77\/100\n|-fieldstart|move: Psychic Terrain|[from] ability: Psychic Surge|[of] p1b: Indeedee\n|move|p1a: Armarouge|Endure|p1a: Armarouge\n|-singleturn|p1a: Armarouge|move: Endure\n|move|p2b: Rillaboom|Fake Out|p1b: Indeedee\n|-activate|p1b: Indeedee|move: Psychic Terrain\n|move|p2a: Arcanine|Extreme Speed|p1a: Armarouge\n|-activate|p1a: Armarouge|move: Psychic Terrain\n|\n|-weather|SunnyDay|[upkeep]\n|upkeep\n|turn|4\n|\n|t:|1700942316\n|move|p2a: Arcanine|Extreme Speed|p1a: Armarouge\n|-activate|p1a: Armarouge|move: Psychic Terrain\n|move|p1b: Indeedee|Follow Me|p1b: Indeedee\n|-singleturn|p1b: Indeedee|move: Follow Me\n|move|p1a: Armarouge|Expanding Force|p2a: Arcanine|[spread] p2a,p2b\n|-damage|p2a: Arcanine|0 fnt\n|-damage|p2b: Rillaboom|0 fnt\n|faint|p2a: Arcanine\n|faint|p2b: Rillaboom\n|\n|-weather|SunnyDay|[upkeep]\n|upkeep\n|-message|ClosetDweller forfeited.\n|\n|win|BuggsMcFuckz\n|raw|BuggsMcFuckz's rating: 1415 &rarr; <strong>1432<\/strong><br \/>(+17 for winning)\n|raw|ClosetDweller's rating: 1360 &rarr; <strong>1343<\/strong><br \/>(-17 for losing)\n|l|\u2606ClosetDweller\n","uploadtime":1700942360,"views":7,"p1id":"buggsmcfuckz","p2id":"closetdweller","formatid":"gen9doublesou","rating":1343,"private":0,"password":""}