{"id":"gen9doublesou-1969191222","p1":"Blackishblu","p2":"BriefMarigold4","format":"[Gen 9] Doubles OU","log":"|j|\u2606Blackishblu\n|j|\u2606BriefMarigold4\n|t:|1697498763\n|gametype|doubles\n|player|p1|Blackishblu|adaman|1516\n|player|p2|BriefMarigold4|2|1602\n|teamsize|p1|6\n|teamsize|p2|6\n|gen|9\n|tier|[Gen 9] Doubles OU\n|rated|\n|rule|Species Clause: Limit one of each Pok\u00e9mon\n|rule|OHKO Clause: OHKO moves are banned\n|rule|Evasion Moves Clause: Evasion moves are banned\n|rule|Gravity Sleep Clause: The combination of sleep-inducing moves with imperfect accuracy and Gravity or Gigantamax Orbeetle are banned\n|rule|Endless Battle Clause: Forcing endless battles is banned\n|rule|HP Percentage Mod: HP is shown in percentages\n|clearpoke\n|poke|p1|Iron Hands|\n|poke|p1|Farigiraf, F|\n|poke|p1|Chi-Yu|\n|poke|p1|Ogerpon-Hearthflame, F|\n|poke|p1|Regidrago|\n|poke|p1|Tornadus, M|\n|poke|p2|Cresselia, F|\n|poke|p2|Volcanion|\n|poke|p2|Landorus-Therian, M|\n|poke|p2|Amoonguss, F|\n|poke|p2|Rillaboom, F|\n|poke|p2|Snorlax, M|\n|teampreview\n|\n|t:|1697498798\n|start\n|switch|p1a: Regidrago|Regidrago|100\/100\n|switch|p1b: Chi-Yu|Chi-Yu|100\/100\n|switch|p2a: *boom vine effect*|Landorus-Therian, M|100\/100\n|switch|p2b: demomanlaugh.wav|Rillaboom, F|100\/100\n|-ability|p2a: *boom vine effect*|Intimidate|boost\n|-unboost|p1a: Regidrago|atk|1\n|-unboost|p1b: Chi-Yu|atk|1\n|-ability|p1b: Chi-Yu|Beads of Ruin\n|-fieldstart|move: Grassy Terrain|[from] ability: Grassy Surge|[of] p2b: demomanlaugh.wav\n|turn|1\n|\n|t:|1697498812\n|switch|p1b: Farigiraf|Farigiraf, F|100\/100\n|move|p2b: demomanlaugh.wav|Fake Out||[still]\n|cant|p1b: Farigiraf|ability: Armor Tail|Fake Out|[of] p2b: demomanlaugh.wav\n|move|p2a: *boom vine effect*|Stomping Tantrum|p1b: Farigiraf\n|-damage|p1b: Farigiraf|61\/100\n|-enditem|p1b: Farigiraf|Eject Button\n|\n|t:|1697498819\n|switch|p1b: Chi-Yu|Chi-Yu|100\/100\n|-ability|p1b: Chi-Yu|Beads of Ruin\n|move|p1a: Regidrago|Dragon Energy|p2a: *boom vine effect*|[spread] p2a,p2b\n|-damage|p2a: *boom vine effect*|0 fnt\n|-damage|p2b: demomanlaugh.wav|0 fnt\n|faint|p2a: *boom vine effect*\n|faint|p2b: demomanlaugh.wav\n|\n|upkeep\n|-message|BriefMarigold4 forfeited.\n|\n|win|Blackishblu\n|raw|Blackishblu's rating: 1516 &rarr; <strong>1541<\/strong><br \/>(+25 for winning)\n|raw|BriefMarigold4's rating: 1602 &rarr; <strong>1577<\/strong><br \/>(-25 for losing)\n|l|\u2606BriefMarigold4\n","uploadtime":1697498831,"views":14,"p1id":"blackishblu","p2id":"briefmarigold4","formatid":"gen9doublesou","rating":1541,"private":0,"password":""}