{"id":"gen9doublesou-1983314069","p1":"Leblades123","p2":"Lightniong","format":"[Gen 9] Doubles OU","log":"|j|\u2606Leblades123\n|j|\u2606Lightniong\n|t:|1699117211\n|gametype|doubles\n|player|p1|Leblades123|hiker-gen4|1224\n|player|p2|Lightniong|102|1301\n|teamsize|p1|6\n|teamsize|p2|6\n|gen|9\n|tier|[Gen 9] Doubles OU\n|rated|\n|rule|Species Clause: Limit one of each Pok\u00e9mon\n|rule|OHKO Clause: OHKO moves are banned\n|rule|Evasion Moves Clause: Evasion moves are banned\n|rule|Gravity Sleep Clause: The combination of sleep-inducing moves with imperfect accuracy and Gravity or Gigantamax Orbeetle are banned\n|rule|Endless Battle Clause: Forcing endless battles is banned\n|rule|HP Percentage Mod: HP is shown in percentages\n|clearpoke\n|poke|p1|Empoleon, F|\n|poke|p1|Dragonite, F|\n|poke|p1|Weezing-Galar, F|\n|poke|p1|Kleavor, M|\n|poke|p1|Typhlosion-Hisui, M|\n|poke|p1|Rillaboom, M|\n|poke|p2|Rillaboom, M|\n|poke|p2|Ursaluna, F|\n|poke|p2|Cresselia, F|\n|poke|p2|Volcanion|\n|poke|p2|Flutter Mane|\n|poke|p2|Kleavor, M|\n|teampreview\n|inactive|Battle timer is ON: inactive players will automatically lose when time's up. (requested by Lightniong)\n|\n|t:|1699117227\n|start\n|switch|p1a: Kleavor|Kleavor, M|100\/100\n|switch|p1b: Empoleon|Empoleon, F|100\/100\n|switch|p2a: Kleavor|Kleavor, M|100\/100\n|switch|p2b: Flutter Mane|Flutter Mane|100\/100\n|turn|1\n|inactive|Lightniong has 120 seconds left.\n|\n|t:|1699117274\n|-end|p2b: Flutter Mane|Protosynthesis|[silent]\n|switch|p2b: Rillaboom|Rillaboom, M|100\/100\n|-fieldstart|move: Grassy Terrain|[from] ability: Grassy Surge|[of] p2b: Rillaboom\n|move|p2a: Kleavor|Brick Break|p1b: Empoleon\n|-supereffective|p1b: Empoleon\n|-damage|p1b: Empoleon|43\/100\n|move|p1a: Kleavor|Stone Axe|p2a: Kleavor\n|-supereffective|p2a: Kleavor\n|-damage|p2a: Kleavor|0 fnt\n|-sidestart|p2: Lightniong|move: Stealth Rock\n|faint|p2a: Kleavor\n|move|p1b: Empoleon|Flash Cannon|p2b: Rillaboom\n|-damage|p2b: Rillaboom|71\/100\n|\n|-heal|p2b: Rillaboom|77\/100|[from] Grassy Terrain\n|-heal|p1b: Empoleon|49\/100|[from] Grassy Terrain\n|upkeep\n|\n|t:|1699117285\n|switch|p2a: Cresselia|Cresselia, F|100\/100\n|-damage|p2a: Cresselia|88\/100|[from] Stealth Rock\n|turn|2\n|inactive|Lightniong has 120 seconds left.\n|\n|t:|1699117299\n|switch|p1a: Typhlosion|Typhlosion-Hisui, M|100\/100\n|move|p2b: Rillaboom|Fake Out|p1a: Typhlosion\n|-immune|p1a: Typhlosion\n|move|p1b: Empoleon|Blizzard|p2a: Cresselia|[spread] p2a,p2b\n|-supereffective|p2b: Rillaboom\n|-damage|p2a: Cresselia|72\/100\n|-damage|p2b: Rillaboom|36\/100\n|move|p2a: Cresselia|Trick Room|p2a: Cresselia\n|-fieldstart|move: Trick Room|[of] p2a: Cresselia\n|\n|-heal|p1b: Empoleon|55\/100|[from] Grassy Terrain\n|-heal|p2b: Rillaboom|42\/100|[from] Grassy Terrain\n|upkeep\n|turn|3\n|\n|t:|1699117319\n|switch|p2a: Ursaluna|Ursaluna, F|100\/100\n|-damage|p2a: Ursaluna|94\/100|[from] Stealth Rock\n|move|p1b: Empoleon|Blizzard|p2b: Rillaboom|[spread] p2a,p2b\n|-supereffective|p2a: Ursaluna\n|-supereffective|p2b: Rillaboom\n|-damage|p2a: Ursaluna|52\/100\n|-damage|p2b: Rillaboom|0 fnt\n|faint|p2b: Rillaboom\n|move|p1a: Typhlosion|Infernal Parade|p2a: Ursaluna\n|-immune|p2a: Ursaluna\n|\n|-heal|p2a: Ursaluna|58\/100|[from] Grassy Terrain\n|-heal|p1b: Empoleon|62\/100|[from] Grassy Terrain\n|-status|p2a: Ursaluna|brn|[from] item: Flame Orb\n|upkeep\n|\n|t:|1699117327\n|switch|p2b: Volcanion|Volcanion|100\/100\n|-damage|p2b: Volcanion|76\/100|[from] Stealth Rock\n|turn|4\n|inactive|Leblades123 has 120 seconds left.\n|\n|t:|1699117370\n|switch|p1a: Kleavor|Kleavor, M|100\/100\n|move|p2a: Ursaluna|Headlong Rush|p1a: Kleavor\n|-damage|p1a: Kleavor|0 fnt\n|-unboost|p2a: Ursaluna|def|1\n|-unboost|p2a: Ursaluna|spd|1\n|faint|p1a: Kleavor\n|move|p1b: Empoleon|Hydro Pump|p2a: Ursaluna\n|-supereffective|p2a: Ursaluna\n|-damage|p2a: Ursaluna|0 fnt\n|faint|p2a: Ursaluna\n|move|p2b: Volcanion|Earth Power|p1b: Empoleon\n|-supereffective|p1b: Empoleon\n|-damage|p1b: Empoleon|19\/100\n|\n|-heal|p1b: Empoleon|25\/100|[from] Grassy Terrain\n|-heal|p2b: Volcanion|82\/100|[from] Grassy Terrain\n|upkeep\n|inactive|Leblades123 has 120 seconds left.\n|-message|Lightniong forfeited.\n|\n|win|Leblades123\n|raw|Leblades123's rating: 1224 &rarr; <strong>1254<\/strong><br \/>(+30 for winning)\n|raw|Lightniong's rating: 1301 &rarr; <strong>1277<\/strong><br \/>(-24 for losing)\n|l|\u2606Lightniong\n","uploadtime":1699117395,"views":10,"p1id":"leblades123","p2id":"lightniong","formatid":"gen9doublesou","rating":1254,"private":0,"password":""}