{"id":"gen9doublesou-1989383850","p1":"Elite.4.Challenger","p2":"bananaszn","format":"[Gen 9] Doubles OU","log":"|j|\u2606Elite.4.Challenger\n|j|\u2606bananaszn\n|t:|1699843394\n|gametype|doubles\n|player|p1|Elite.4.Challenger|koga|\n|player|p2|bananaszn|brycen|\n|teamsize|p1|6\n|teamsize|p2|6\n|gen|9\n|tier|[Gen 9] Doubles OU\n|rule|Species Clause: Limit one of each Pok\u00e9mon\n|rule|OHKO Clause: OHKO moves are banned\n|rule|Evasion Moves Clause: Evasion moves are banned\n|rule|Gravity Sleep Clause: The combination of sleep-inducing moves with imperfect accuracy and Gravity or Gigantamax Orbeetle are banned\n|rule|Endless Battle Clause: Forcing endless battles is banned\n|rule|HP Percentage Mod: HP is shown in percentages\n|clearpoke\n|poke|p1|Zapdos|\n|poke|p1|Grimmsnarl, M|\n|poke|p1|Basculegion-F, F|\n|poke|p1|Goodra-Hisui, F|\n|poke|p1|Politoed, M|\n|poke|p1|Toxicroak, M|\n|poke|p2|Ogerpon-Wellspring, F|\n|poke|p2|Kingambit, F|\n|poke|p2|Barraskewda, F|\n|poke|p2|Pelipper, F|\n|poke|p2|Tsareena, F|\n|poke|p2|Diancie|\n|teampreview\n|c|\u2606Elite.4.Challenger|we will play in a sec\n|c|\u2606Elite.4.Challenger|I got to watch this\n|c|\u2606Elite.4.Challenger|lol\n|j| I like Glaceon yay\n|c| I like Glaceon yay|BIDOOF\n|c|\u2606Elite.4.Challenger|lol what?\n|c| I like Glaceon yay|BIBAREL\n|c| I like Glaceon yay|ARCEUS\n|c|\u2606bananaszn|now we chef the elite 4 challenger\n|c| I like Glaceon yay|R\n|c|\u2606Elite.4.Challenger|yessir!\n|c| I like Glaceon yay|ye\n|c|\u2606Elite.4.Challenger|should i wait for him or start\n|j| MasterOfMonke\n|c|\u2606Elite.4.Challenger|there he is\n|c| I like Glaceon yay|yay\n|\n|t:|1699843794\n|start\n|switch|p1a: Michael Phelps|Basculegion-F, F|100\/100\n|switch|p1b: Gollum|Grimmsnarl, M|100\/100\n|switch|p2a: Pelipper|Pelipper, F|100\/100\n|switch|p2b: Barraskewda|Barraskewda, F|100\/100\n|-weather|RainDance|[from] ability: Drizzle|[of] p2a: Pelipper\n|turn|1\n|c| MasterOfMonke|Monke has arroved\n|c|\u2606bananaszn|standard lead 4 me\n|\n|t:|1699843822\n|move|p2a: Pelipper|Protect|p2a: Pelipper\n|-singleturn|p2a: Pelipper|Protect\n|move|p1b: Gollum|Parting Shot|p2b: Barraskewda\n|-unboost|p2b: Barraskewda|atk|1\n|-unboost|p2b: Barraskewda|spa|1\n|\n|t:|1699843830\n|switch|p1b: Big Bird|Zapdos|100\/100|[from] Parting Shot\n|move|p2b: Barraskewda|Flip Turn|p1b: Big Bird\n|-damage|p1b: Big Bird|42\/100\n|\n|t:|1699843837\n|switch|p2b: Diancie|Diancie|100\/100|[from] Flip Turn\n|move|p1a: Michael Phelps|Ice Beam|p2a: Pelipper\n|-activate|p2a: Pelipper|move: Protect\n|\n|-weather|RainDance|[upkeep]\n|upkeep\n|turn|2\n|c| I like Glaceon yay|I might leave in the middle of the match\n|c|\u2606Elite.4.Challenger|rip glaceon\n|\n|t:|1699843870\n|switch|p1a: James Murray|Goodra-Hisui, F|100\/100\n|move|p1b: Big Bird|Tailwind|p1b: Big Bird\n|-sidestart|p1: Elite.4.Challenger|move: Tailwind\n|move|p2a: Pelipper|Hurricane|p1b: Big Bird\n|-resisted|p1b: Big Bird\n|-damage|p1b: Big Bird|23\/100\n|move|p2b: Diancie|Diamond Storm|p1b: Big Bird|[spread] p1a,p1b\n|-resisted|p1a: James Murray\n|-supereffective|p1b: Big Bird\n|-damage|p1a: James Murray|89\/100\n|-damage|p1b: Big Bird|0 fnt\n|-boost|p2b: Diancie|def|2\n|faint|p1b: Big Bird\n|\n|-weather|RainDance|[upkeep]\n|upkeep\n|c| I like Glaceon yay|monkey\n|c| I like Glaceon yay|thnx\n|\n|t:|1699843886\n|switch|p1b: Michael Phelps|Basculegion-F, F|100\/100\n|turn|3\n|c| MasterOfMonke|No problem\n|\n|t:|1699843904\n|switch|p1a: Kermit the Dawg|Toxicroak, M|100\/100\n|switch|p2b: Ogerpon|Ogerpon-Wellspring, F|100\/100\n|move|p2a: Pelipper|Protect|p2a: Pelipper\n|-singleturn|p2a: Pelipper|Protect\n|move|p1b: Michael Phelps|Surf|p2b: Ogerpon|[spread] \n|-activate|p2a: Pelipper|move: Protect\n|-immune|p1a: Kermit the Dawg|[from] ability: Dry Skin\n|-immune|p2b: Ogerpon|[from] ability: Water Absorb\n|\n|-weather|RainDance|[upkeep]\n|upkeep\n|turn|4\n|c| I like Glaceon yay|yey\n|c| I like Glaceon yay|abiltys\n|c|\u2606bananaszn|my reads r too strong\n|c| I like Glaceon yay|very annoying\n|c|\u2606Elite.4.Challenger|lol\n|\n|t:|1699843929\n|switch|p1b: Gollum|Grimmsnarl, M|100\/100\n|move|p1a: Kermit the Dawg|Poison Jab|p2b: Ogerpon\n|-supereffective|p2b: Ogerpon\n|-crit|p2b: Ogerpon\n|-damage|p2b: Ogerpon|0 fnt\n|faint|p2b: Ogerpon\n|-damage|p1a: Kermit the Dawg|91\/100|[from] item: Life Orb\n|move|p2a: Pelipper|Hurricane|p1a: Kermit the Dawg\n|-supereffective|p1a: Kermit the Dawg\n|-damage|p1a: Kermit the Dawg|0 fnt\n|faint|p1a: Kermit the Dawg\n|\n|-weather|RainDance|[upkeep]\n|upkeep\n|c|\u2606bananaszn|maybe they arent\n|c|\u2606Elite.4.Challenger|tailwind def helped there\n|c|\u2606bananaszn|fr\n|c| I like Glaceon yay|ye\n|c|\u2606bananaszn|i was gonna horn leech basc\n|c| I like Glaceon yay|by for a few min\n|c|\u2606bananaszn|i  shouldnt stalled the tailwind\n|l| I like Glaceon yay\n|\n|t:|1699843975\n|switch|p2b: Kingambit|Kingambit, F|100\/100\n|switch|p1a: Michael Phelps|Basculegion-F, F|100\/100\n|turn|5\n|\n|t:|1699843992\n|switch|p2a: Tsareena|Tsareena, F|100\/100\n|move|p1b: Gollum|Fake Out||[still]\n|cant|p2a: Tsareena|ability: Queenly Majesty|Fake Out|[of] p1b: Gollum\n|move|p1a: Michael Phelps|Ice Beam|p2a: Tsareena\n|-supereffective|p2a: Tsareena\n|-damage|p2a: Tsareena|11\/100\n|-enditem|p2a: Tsareena|Aguav Berry|[eat]\n|-heal|p2a: Tsareena|44\/100|[from] item: Aguav Berry\n|move|p2b: Kingambit|Swords Dance|p2b: Kingambit\n|-boost|p2b: Kingambit|atk|2\n|\n|-weather|RainDance|[upkeep]\n|-sideend|p1: Elite.4.Challenger|move: Tailwind\n|upkeep\n|turn|6\n|c|\u2606bananaszn|nuh uh\n|c| MasterOfMonke|Nice\n|c|\u2606Elite.4.Challenger|good read\n|\n|t:|1699844021\n|-terastallize|p1a: Michael Phelps|Ice\n|move|p1b: Gollum|Reflect|p1b: Gollum\n|-sidestart|p1: Elite.4.Challenger|Reflect\n|move|p2b: Kingambit|Sucker Punch|p1a: Michael Phelps\n|-damage|p1a: Michael Phelps|25\/100\n|move|p1a: Michael Phelps|Ice Beam|p2a: Tsareena\n|-supereffective|p2a: Tsareena\n|-damage|p2a: Tsareena|0 fnt\n|faint|p2a: Tsareena\n|\n|-weather|RainDance|[upkeep]\n|upkeep\n|\n|t:|1699844031\n|switch|p2a: Diancie|Diancie|100\/100\n|turn|7\n|c|\u2606bananaszn|hes specs\n|c|\u2606bananaszn|ice beam tickles\n|c|\u2606Elite.4.Challenger|lol yeah\n|c|\u2606Elite.4.Challenger|price of using special basc\n|\n|t:|1699844082\n|switch|p1a: James Murray|Goodra-Hisui, F|89\/100\n|move|p1b: Gollum|Play Rough|p2b: Kingambit\n|-damage|p2b: Kingambit|67\/100\n|move|p2b: Kingambit|Iron Head|p1b: Gollum\n|-supereffective|p1b: Gollum\n|-damage|p1b: Gollum|0 fnt\n|faint|p1b: Gollum\n|move|p2a: Diancie|Diamond Storm|p1a: James Murray\n|-resisted|p1a: James Murray\n|-damage|p1a: James Murray|79\/100\n|\n|-weather|RainDance|[upkeep]\n|-heal|p2b: Kingambit|73\/100|[from] item: Leftovers\n|upkeep\n|\n|t:|1699844092\n|switch|p1b: Michael Phelps|Basculegion-F, F, tera:Ice|25\/100\n|turn|8\n|c| MasterOfMonke|Kingambit is nuts\n|c|\u2606bananaszn|fr\n|c|\u2606Elite.4.Challenger|honestly\n|c|\u2606bananaszn|810 attack on one sd\n|c|\u2606Elite.4.Challenger|i think i just lose here\n|c|\u2606bananaszn|the original idea was to follow me with ogerpon and sd setup sweep\n|\n|t:|1699844139\n|switch|p1b: Kermit the Frog|Politoed, M|100\/100\n|move|p2a: Diancie|Protect|p2a: Diancie\n|-singleturn|p2a: Diancie|Protect\n|move|p1a: James Murray|Life Dew||[still]|[spread] p1a,p1b\n|-heal|p1a: James Murray|100\/100\n|-fail|p1b: Kermit the Frog|heal\n|move|p2b: Kingambit|Iron Head|p1b: Kermit the Frog\n|-resisted|p1b: Kermit the Frog\n|-damage|p1b: Kermit the Frog|68\/100\n|-enditem|p1b: Kermit the Frog|Eject Button\n|\n|t:|1699844152\n|switch|p1b: Michael Phelps|Basculegion-F, F, tera:Ice|25\/100\n|\n|-weather|none\n|-heal|p2b: Kingambit|79\/100|[from] item: Leftovers\n|upkeep\n|turn|9\n|c|\u2606bananaszn|lowkey intentional or not that switch was rlly good\n|\n|t:|1699844175\n|switch|p1b: Kermit the Frog|Politoed, M|68\/100\n|-weather|RainDance|[from] ability: Drizzle|[of] p1b: Kermit the Frog\n|switch|p2a: Barraskewda|Barraskewda, F|100\/100\n|move|p1a: James Murray|Dragon Pulse|p2b: Kingambit\n|-resisted|p2b: Kingambit\n|-damage|p2b: Kingambit|63\/100\n|move|p2b: Kingambit|Swords Dance|p2b: Kingambit\n|-boost|p2b: Kingambit|atk|2\n|\n|-weather|RainDance|[upkeep]\n|-heal|p2b: Kingambit|69\/100|[from] item: Leftovers\n|upkeep\n|turn|10\n|c|\u2606Elite.4.Challenger|i needed rain\n|c|\u2606bananaszn|i do too\n|c| MasterOfMonke|Not another sd lol\n|c|\u2606bananaszn|wont do it to em\n|c|\u2606bananaszn|watch\n|\n|t:|1699844220\n|move|p1b: Kermit the Frog|Protect|p1b: Kermit the Frog\n|-singleturn|p1b: Kermit the Frog|Protect\n|move|p2b: Kingambit|Protect|p2b: Kingambit\n|-singleturn|p2b: Kingambit|Protect\n|move|p2a: Barraskewda|Close Combat|p1a: James Murray\n|-supereffective|p1a: James Murray\n|-damage|p1a: James Murray|22\/100\n|-unboost|p2a: Barraskewda|def|1\n|-unboost|p2a: Barraskewda|spd|1\n|-enditem|p1a: James Murray|Iapapa Berry|[eat]\n|-heal|p1a: James Murray|56\/100|[from] item: Iapapa Berry\n|move|p1a: James Murray|Acid Spray|p2a: Barraskewda\n|-damage|p2a: Barraskewda|64\/100\n|-unboost|p2a: Barraskewda|spd|2\n|\n|-weather|RainDance|[upkeep]\n|-heal|p2b: Kingambit|75\/100|[from] item: Leftovers\n|upkeep\n|turn|11\n|\n|t:|1699844248\n|move|p2b: Kingambit|Sucker Punch|p1b: Kermit the Frog\n|-crit|p1b: Kermit the Frog\n|-damage|p1b: Kermit the Frog|0 fnt\n|faint|p1b: Kermit the Frog\n|move|p2a: Barraskewda|Close Combat|p1a: James Murray\n|-supereffective|p1a: James Murray\n|-damage|p1a: James Murray|0 fnt\n|-unboost|p2a: Barraskewda|def|1\n|-unboost|p2a: Barraskewda|spd|1\n|faint|p1a: James Murray\n|\n|-weather|RainDance|[upkeep]\n|-heal|p2b: Kingambit|82\/100|[from] item: Leftovers\n|upkeep\n|c|\u2606Elite.4.Challenger|gg\n|c|\u2606bananaszn|gg\n|\n|t:|1699844258\n|switch|p1a: Michael Phelps|Basculegion-F, F, tera:Ice|25\/100\n|turn|12\n|\n|t:|1699844264\n|move|p2a: Barraskewda|Close Combat|p1a: Michael Phelps\n|-supereffective|p1a: Michael Phelps\n|-damage|p1a: Michael Phelps|0 fnt\n|-unboost|p2a: Barraskewda|def|1\n|-unboost|p2a: Barraskewda|spd|1\n|faint|p1a: Michael Phelps\n|\n|win|bananaszn\n|c| MasterOfMonke|Kingambit carried\n|c|\u2606bananaszn|fr\n|c|\u2606Elite.4.Challenger|i briefly had him on my team too\n|j| I like Glaceon yay\n|c|\u2606Elite.4.Challenger|sucker punch is sooo good on him\n|c| I like Glaceon yay|I\u2019m back\n|c| I like Glaceon yay|:D\n|c|\u2606Elite.4.Challenger|completely negates his speed weakness\n|c|\u2606bananaszn|fr\n|c| I like Glaceon yay|ye\n|c|\u2606Elite.4.Challenger|and paired with trick room its nuts\n|c| I like Glaceon yay|ue\n|c|\u2606bananaszn|only thing that stops is queenly majesty and armor tail\n|c|\u2606bananaszn|https:\/\/pokepast.es\/05696b0d2cc2a722\n|c|\u2606bananaszn|heres the paste\n|c| MasterOfMonke|It\u2019s so confusing too cause you\u2019d normally think he\u2019d go sucker punch but he might use iron head or kowtow cleave\n|c|\u2606bananaszn|it might explain stuff\n|c| I like Glaceon yay|SD gambit?\n|c|\u2606bananaszn|yep\n|c| I like Glaceon yay|Why that name\n|c|\u2606Elite.4.Challenger|yes i was so scared he was going to sucker punch my basc\n|c|\u2606bananaszn|the idea of the team is to make kingambit to swords dance\n|c| I like Glaceon yay|Focus Sash\n|c|\u2606bananaszn|which most of the times it does\n|c|\u2606Elite.4.Challenger|thats why i swapped turn 8\n|c|\u2606bananaszn|idk why i did iron head on a basc\n|c|\u2606bananaszn|wait was it tera already ?\n|c|\u2606Elite.4.Challenger|kingambit lowkey broken with supreme overlord in ou\n|c| MasterOfMonke|Why defiant instead of supreme overlord\n|c|\u2606bananaszn|lando-t\n|c| I like Glaceon yay|true\n|c|\u2606bananaszn|flips it on its head\n|c|\u2606Elite.4.Challenger|just make him the last mon and sucker punch everyone\n|c| MasterOfMonke|That\u2019s gotta be so fun to juke a lando-t like that\n|c|\u2606Elite.4.Challenger|defiant is better with so many intimidate pokemon in the meta\n|c|\u2606bananaszn|fr\n|c|\u2606bananaszn|and thats not even it i js dont rmbr the rest\n|c|\u2606bananaszn|wait sawsbuck doesnt have it\n|c|\u2606bananaszn|im tripping\n|c|\u2606bananaszn|oh wait\n|c|\u2606bananaszn|i did \/\/dt\n|c|\u2606Elite.4.Challenger|lol\n|c|\u2606bananaszn|!dt arcanine\n|raw|<div class=\"message\"><ul class=\"utilichart\"><li class=\"result\"><span class=\"col numcol\">DUU<\/span> <span class=\"col iconcol\"><psicon pokemon=\"arcanine\"\/><\/span> <span class=\"col pokemonnamecol\" style=\"white-space:nowrap\"><a href=\"https:\/\/dex.pokemonshowdown.com\/pokemon\/arcanine\" target=\"_blank\">Arcanine<\/a><\/span> <span class=\"col typecol\"><img src=\"https:\/\/play.pokemonshowdown.com\/sprites\/types\/Fire.png\" alt=\"Fire\" height=\"14\" width=\"32\"><\/span> <span style=\"float:left;min-height:26px\"><span class=\"col twoabilitycol\">Intimidate<br \/>Flash Fire<\/span><span class=\"col abilitycol\"><em>Justified<\/em><\/span><\/span><span style=\"float:left;min-height:26px\"><span class=\"col statcol\"><em>HP<\/em><br \/>90<\/span> <span class=\"col statcol\"><em>Atk<\/em><br \/>110<\/span> <span class=\"col statcol\"><em>Def<\/em><br \/>80<\/span> <span class=\"col statcol\"><em>SpA<\/em><br \/>100<\/span> <span class=\"col statcol\"><em>SpD<\/em><br \/>80<\/span> <span class=\"col statcol\"><em>Spe<\/em><br \/>95<\/span> <span class=\"col bstcol\"><em>BST<br \/>555<\/em><\/span> <\/span><\/li><li style=\"clear:both\"><\/li><\/ul><\/div>\n|raw|<font size=\"1\"><font color=\"#686868\">Dex#:<\/font> 59&nbsp;|&ThickSpace;<font color=\"#686868\">Gen:<\/font> 1&nbsp;|&ThickSpace;<font color=\"#686868\">Height:<\/font> 1.9 m&nbsp;|&ThickSpace;<font color=\"#686868\">Weight:<\/font> 155 kg <em>(100 BP)<\/em>&nbsp;|&ThickSpace;<font color=\"#686868\">Dex Colour:<\/font> Brown&nbsp;|&ThickSpace;<font color=\"#686868\">Egg Group(s):<\/font> Field&nbsp;|&ThickSpace;<font color=\"#686868\">Pre-Evolution:<\/font> Growlithe&nbsp;|&ThickSpace;<font color=\"#686868\">Does Not Evolve<\/font><\/font>\n\n|c|\u2606bananaszn|!dt arcanine-h\n|raw|<div class=\"message\"><ul class=\"utilichart\"><li class=\"result\"><span class=\"col numcol\">DUU<\/span> <span class=\"col iconcol\"><psicon pokemon=\"arcaninehisui\"\/><\/span> <span class=\"col pokemonnamecol\" style=\"white-space:nowrap\"><a href=\"https:\/\/dex.pokemonshowdown.com\/pokemon\/arcaninehisui\" target=\"_blank\">Arcanine-Hisui<\/a><\/span> <span class=\"col typecol\"><img src=\"https:\/\/play.pokemonshowdown.com\/sprites\/types\/Fire.png\" alt=\"Fire\" height=\"14\" width=\"32\"><img src=\"https:\/\/play.pokemonshowdown.com\/sprites\/types\/Rock.png\" alt=\"Rock\" height=\"14\" width=\"32\"><\/span> <span style=\"float:left;min-height:26px\"><span class=\"col twoabilitycol\">Intimidate<br \/>Flash Fire<\/span><span class=\"col abilitycol\"><em>Rock Head<\/em><\/span><\/span><span style=\"float:left;min-height:26px\"><span class=\"col statcol\"><em>HP<\/em><br \/>95<\/span> <span class=\"col statcol\"><em>Atk<\/em><br \/>115<\/span> <span class=\"col statcol\"><em>Def<\/em><br \/>80<\/span> <span class=\"col statcol\"><em>SpA<\/em><br \/>95<\/span> <span class=\"col statcol\"><em>SpD<\/em><br \/>80<\/span> <span class=\"col statcol\"><em>Spe<\/em><br \/>90<\/span> <span class=\"col bstcol\"><em>BST<br \/>555<\/em><\/span> <\/span><\/li><li style=\"clear:both\"><\/li><\/ul><\/div>\n|raw|<font size=\"1\"><font color=\"#686868\">Dex#:<\/font> 59&nbsp;|&ThickSpace;<font color=\"#686868\">Gen:<\/font> 8&nbsp;|&ThickSpace;<font color=\"#686868\">Height:<\/font> 2 m&nbsp;|&ThickSpace;<font color=\"#686868\">Weight:<\/font> 168 kg <em>(100 BP)<\/em>&nbsp;|&ThickSpace;<font color=\"#686868\">Dex Colour:<\/font> Brown&nbsp;|&ThickSpace;<font color=\"#686868\">Egg Group(s):<\/font> Field&nbsp;|&ThickSpace;<font color=\"#686868\">Pre-Evolution:<\/font> Growlithe-Hisui&nbsp;|&ThickSpace;<font color=\"#686868\">Does Not Evolve<\/font><\/font>\n\n|c|\u2606bananaszn|!dt overqwil\n|raw|<div class=\"message\"><ul class=\"utilichart\"><li class=\"result\"><span class=\"col numcol\">(DUU)<\/span> <span class=\"col iconcol\"><psicon pokemon=\"overqwil\"\/><\/span> <span class=\"col pokemonnamecol\" style=\"white-space:nowrap\"><a href=\"https:\/\/dex.pokemonshowdown.com\/pokemon\/overqwil\" target=\"_blank\">Overqwil<\/a><\/span> <span class=\"col typecol\"><img src=\"https:\/\/play.pokemonshowdown.com\/sprites\/types\/Dark.png\" alt=\"Dark\" height=\"14\" width=\"32\"><img src=\"https:\/\/play.pokemonshowdown.com\/sprites\/types\/Poison.png\" alt=\"Poison\" height=\"14\" width=\"32\"><\/span> <span style=\"float:left;min-height:26px\"><span class=\"col twoabilitycol\">Poison Point<br \/>Swift Swim<\/span><span class=\"col abilitycol\"><em>Intimidate<\/em><\/span><\/span><span style=\"float:left;min-height:26px\"><span class=\"col statcol\"><em>HP<\/em><br \/>85<\/span> <span class=\"col statcol\"><em>Atk<\/em><br \/>115<\/span> <span class=\"col statcol\"><em>Def<\/em><br \/>95<\/span> <span class=\"col statcol\"><em>SpA<\/em><br \/>65<\/span> <span class=\"col statcol\"><em>SpD<\/em><br \/>65<\/span> <span class=\"col statcol\"><em>Spe<\/em><br \/>85<\/span> <span class=\"col bstcol\"><em>BST<br \/>510<\/em><\/span> <\/span><\/li><li style=\"clear:both\"><\/li><\/ul><\/div>\n|raw|<font size=\"1\"><font color=\"#686868\">Dex#:<\/font> 904&nbsp;|&ThickSpace;<font color=\"#686868\">Gen:<\/font> 8&nbsp;|&ThickSpace;<font color=\"#686868\">Height:<\/font> 2.5 m&nbsp;|&ThickSpace;<font color=\"#686868\">Weight:<\/font> 60.5 kg <em>(80 BP)<\/em>&nbsp;|&ThickSpace;<font color=\"#686868\">Dex Colour:<\/font> Gray&nbsp;|&ThickSpace;<font color=\"#686868\">Egg Group(s):<\/font> Water 2&nbsp;|&ThickSpace;<font color=\"#686868\">Pre-Evolution:<\/font> Qwilfish-Hisui&nbsp;|&ThickSpace;<font color=\"#686868\">Does Not Evolve<\/font><\/font>\n\n|c|\u2606bananaszn|!dt lando-t\n|raw|<div class=\"message\"><ul class=\"utilichart\"><li class=\"result\"><span class=\"col numcol\">DOU<\/span> <span class=\"col iconcol\"><psicon pokemon=\"landorustherian\"\/><\/span> <span class=\"col pokemonnamecol\" style=\"white-space:nowrap\"><a href=\"https:\/\/dex.pokemonshowdown.com\/pokemon\/landorustherian\" target=\"_blank\">Landorus-Therian<\/a><\/span> <span class=\"col typecol\"><img src=\"https:\/\/play.pokemonshowdown.com\/sprites\/types\/Ground.png\" alt=\"Ground\" height=\"14\" width=\"32\"><img src=\"https:\/\/play.pokemonshowdown.com\/sprites\/types\/Flying.png\" alt=\"Flying\" height=\"14\" width=\"32\"><\/span> <span style=\"float:left;min-height:26px\"><span class=\"col abilitycol\">Intimidate<\/span><span class=\"col abilitycol\"><\/span><\/span><span style=\"float:left;min-height:26px\"><span class=\"col statcol\"><em>HP<\/em><br \/>89<\/span> <span class=\"col statcol\"><em>Atk<\/em><br \/>145<\/span> <span class=\"col statcol\"><em>Def<\/em><br \/>90<\/span> <span class=\"col statcol\"><em>SpA<\/em><br \/>105<\/span> <span class=\"col statcol\"><em>SpD<\/em><br \/>80<\/span> <span class=\"col statcol\"><em>Spe<\/em><br \/>91<\/span> <span class=\"col bstcol\"><em>BST<br \/>600<\/em><\/span> <\/span><\/li><li style=\"clear:both\"><\/li><\/ul><\/div>\n|raw|<font size=\"1\"><font color=\"#686868\">Dex#:<\/font> 645&nbsp;|&ThickSpace;<font color=\"#686868\">Gen:<\/font> 5&nbsp;|&ThickSpace;<font color=\"#686868\">Height:<\/font> 1.3 m&nbsp;|&ThickSpace;<font color=\"#686868\">Weight:<\/font> 68 kg <em>(80 BP)<\/em>&nbsp;|&ThickSpace;<font color=\"#686868\">Dex Colour:<\/font> Brown&nbsp;|&ThickSpace;<font color=\"#686868\">Egg Group(s):<\/font> Undiscovered&nbsp;|&ThickSpace;<font color=\"#686868\">Does Not Evolve<\/font><\/font>\n\n|c|\u2606Elite.4.Challenger|!dt gastrodon\n|raw|<div class=\"message\"><ul class=\"utilichart\"><li class=\"result\"><span class=\"col numcol\">DUU<\/span> <span class=\"col iconcol\"><psicon pokemon=\"gastrodon\"\/><\/span> <span class=\"col pokemonnamecol\" style=\"white-space:nowrap\"><a href=\"https:\/\/dex.pokemonshowdown.com\/pokemon\/gastrodon\" target=\"_blank\">Gastrodon<\/a><\/span> <span class=\"col typecol\"><img src=\"https:\/\/play.pokemonshowdown.com\/sprites\/types\/Water.png\" alt=\"Water\" height=\"14\" width=\"32\"><img src=\"https:\/\/play.pokemonshowdown.com\/sprites\/types\/Ground.png\" alt=\"Ground\" height=\"14\" width=\"32\"><\/span> <span style=\"float:left;min-height:26px\"><span class=\"col twoabilitycol\">Sticky Hold<br \/>Storm Drain<\/span><span class=\"col abilitycol\"><em>Sand Force<\/em><\/span><\/span><span style=\"float:left;min-height:26px\"><span class=\"col statcol\"><em>HP<\/em><br \/>111<\/span> <span class=\"col statcol\"><em>Atk<\/em><br \/>83<\/span> <span class=\"col statcol\"><em>Def<\/em><br \/>68<\/span> <span class=\"col statcol\"><em>SpA<\/em><br \/>92<\/span> <span class=\"col statcol\"><em>SpD<\/em><br \/>82<\/span> <span class=\"col statcol\"><em>Spe<\/em><br \/>39<\/span> <span class=\"col bstcol\"><em>BST<br \/>475<\/em><\/span> <\/span><\/li><li style=\"clear:both\"><\/li><\/ul><\/div>\n|raw|<font size=\"1\"><font color=\"#686868\">Dex#:<\/font> 423&nbsp;|&ThickSpace;<font color=\"#686868\">Gen:<\/font> 4&nbsp;|&ThickSpace;<font color=\"#686868\">Height:<\/font> 0.9 m&nbsp;|&ThickSpace;<font color=\"#686868\">Weight:<\/font> 29.9 kg <em>(60 BP)<\/em>&nbsp;|&ThickSpace;<font color=\"#686868\">Dex Colour:<\/font> Purple&nbsp;|&ThickSpace;<font color=\"#686868\">Egg Group(s):<\/font> Water 1, Amorphous&nbsp;|&ThickSpace;<font color=\"#686868\">Pre-Evolution:<\/font> Shellos&nbsp;|&ThickSpace;<font color=\"#686868\">Does Not Evolve<\/font><\/font>\n\n|c| MasterOfMonke|Hisui arc would normally run rock head\n|c|\u2606Elite.4.Challenger|i want to put gast in my team with storm drain\n|c|\u2606bananaszn|depends if u pair it w kantoian arcanine to do intimidate turn\n|c|\u2606Elite.4.Challenger|so i can buff gast constantly with basc surf\n|c|\u2606Elite.4.Challenger|i just dont know who to replace\n|c|\u2606bananaszn|send the paste\n|c| MasterOfMonke|Surf+storm drain is tuff\n|c|\u2606bananaszn|fr it washes teams literally\n|c| I like Glaceon yay|bidoof?\n|c| I like Glaceon yay|ye\n|c| MasterOfMonke|Washes lol\n|c| I like Glaceon yay|ye\n|c|\u2606Elite.4.Challenger|https:\/\/pokepast.es\/47730dec971de60c\n|c|\u2606Elite.4.Challenger|gast isn't in that one\n|c|\u2606Elite.4.Challenger|i haven't built one yet\n|c| I like Glaceon yay|Eject Button?\n|c|\u2606Elite.4.Challenger|basc surf with helping hand poli\n|c|\u2606Elite.4.Challenger|ill still get the helping hand then he is immediately swapped out with toxicroak\n|c|\u2606Elite.4.Challenger|then i have fake out ready\n|c|\u2606bananaszn|i think thats how u beat me the first time we played against eachother\n|c|\u2606Elite.4.Challenger|i can literally sweep anyone with the right start\n|c|\u2606Elite.4.Challenger|yeah\n|c|\u2606Elite.4.Challenger|this is why special basc is so op\n|c|\u2606bananaszn|goodra feels kinda awkward with sap sipper\n|c|\u2606bananaszn|it can b a switch from basc\n|c|\u2606Elite.4.Challenger|its to help with priority grass\n|c|\u2606Elite.4.Challenger|like rillaboom\n|c|\u2606bananaszn|true\n|c|\u2606bananaszn|u could switch toxicroak for AV tsareena\n|c|\u2606bananaszn|thats what i use\n|c|\u2606bananaszn|she walls specially\n|c|\u2606Elite.4.Challenger|also basc is ghost and cant be faked out which makes me so happy\n|c|\u2606Elite.4.Challenger|yeah tsareena is really nice\n|c|\u2606Elite.4.Challenger|thats why i have toxicroak\n|c| MasterOfMonke|Lol\n|c|\u2606bananaszn|oh yeaa\n|c|\u2606Elite.4.Challenger|the team is honestly build around basc\n|c|\u2606bananaszn|ice beam fraud checks tsareena\n|c|\u2606bananaszn|bc most ppl dont run tsareena and on the off chance they do they probs dont know abt the beast of av\n|c|\u2606Elite.4.Challenger|lol i get so many grass types with it\n|c|\u2606bananaszn|and not to mention mine runs tera steel to eat ice moves\n|c|\u2606Elite.4.Challenger|like sinistcha\n|c|\u2606Elite.4.Challenger|true tera steel anything kills my team\n|c|\u2606Elite.4.Challenger|i have to hope toxicroak is fast enough to close combat\n|c|\u2606Elite.4.Challenger|or setup tailwind early\n|c| MasterOfMonke|Makes sense cause kingambit was insane\n|c|\u2606Elite.4.Challenger|yeah\n|c|\u2606Elite.4.Challenger|i just have to make good reads and i get get rid of king\n|c|\u2606Elite.4.Challenger|kinda annoying that i have to get a read for it but what can you do. no team is perfect\n|l| I like Glaceon yay\n|c| MasterOfMonke|No matter what there\u2019s always uncertainty in Pok\u00e9mon\n|c|\u2606bananaszn|yea i.e the only good physical fairy move\n|c|\u2606bananaszn|being 90%\n|c|\u2606Elite.4.Challenger|yeah\n|c|\u2606Elite.4.Challenger|i miss so often\n|c|\u2606Elite.4.Challenger|makes me so mad\n|c| MasterOfMonke|Spirit break is good\n|c|\u2606bananaszn|yea and give the mon wide lens and it might have the accuracy of fissure\n|c|\u2606Elite.4.Challenger|thats smart\n|c|\u2606bananaszn|not rlly it makes u lose out on an item js to hit one move\n|c|\u2606Elite.4.Challenger|ill have to learn how to setup reflect more often because my team is atk weak\n|c|\u2606bananaszn|that can still miss with the item\n|c|\u2606bananaszn|u could give goodra gooey\n|c|\u2606bananaszn|to have more speed control\n|c|\u2606bananaszn|lowkey poison jab poison touch would b so funny\n|c|\u2606Elite.4.Challenger|lol yeah\n|c|\u2606bananaszn|60% poison chance\n|c|\u2606Elite.4.Challenger|dry skin lets me have no downside to life orb though\n|l| MasterOfMonke\n|c|\u2606bananaszn|true\n|c|\u2606bananaszn|hmm\n|c|\u2606Elite.4.Challenger|also i wouldn't be able to let him be next to basc when hes sweeping\n|c|\u2606Elite.4.Challenger|he'd get one shot\n|c|\u2606bananaszn|hmm\n|c|\u2606bananaszn|im gonna tweak some stuff and test on my alt\n|c|\u2606bananaszn|its username is vegetasfeet :skull:\n|c|\u2606Elite.4.Challenger|barraskewda is just discount male basc\n|c|\u2606Elite.4.Challenger|lol\n|c|\u2606bananaszn|fr\n|c|\u2606Elite.4.Challenger|i'll spectaate\n|c|\u2606bananaszn|alright\n|c|\u2606bananaszn|add it\n|c|\u2606bananaszn|ima brb\n|l|\u2606bananaszn\n","uploadtime":1699845550,"views":18,"p1id":"elite4challenger","p2id":"bananaszn","formatid":"gen9doublesou","rating":0,"private":0,"password":""}