{"id":"gen9doublesou-1999109146","p1":"sgkoopa","p2":"AllfatherAlex","format":"[Gen 9] Doubles OU","log":"|j|\u2606sgkoopa\n|j|\u2606AllfatherAlex\n|t:|1701034096\n|gametype|doubles\n|player|p1|sgkoopa|preschooler|1000\n|player|p2|AllfatherAlex|burglar|1097\n|teamsize|p1|6\n|teamsize|p2|6\n|gen|9\n|tier|[Gen 9] Doubles OU\n|rated|\n|rule|Species Clause: Limit one of each Pok\u00e9mon\n|rule|OHKO Clause: OHKO moves are banned\n|rule|Evasion Moves Clause: Evasion moves are banned\n|rule|Gravity Sleep Clause: The combination of sleep-inducing moves with imperfect accuracy and Gravity or Gigantamax Orbeetle are banned\n|rule|Endless Battle Clause: Forcing endless battles is banned\n|rule|HP Percentage Mod: HP is shown in percentages\n|clearpoke\n|poke|p1|Dudunsparce-*, M|\n|poke|p1|Weavile, M|\n|poke|p1|Amoonguss, M|\n|poke|p1|Clefable, M|\n|poke|p1|Clefairy, F|\n|poke|p1|Houndoom, M|\n|poke|p2|Sneasler, M|\n|poke|p2|Slowking-Galar, M|\n|poke|p2|Clodsire, F|\n|poke|p2|Toxapex, F|\n|poke|p2|Glimmora, F|\n|poke|p2|Iron Moth|\n|teampreview\n|inactive|Battle timer is ON: inactive players will automatically lose when time's up. (requested by sgkoopa)\n|\n|t:|1701034125\n|start\n|switch|p1a: Chongster|Dudunsparce-Three-Segment, M, shiny|100\/100\n|switch|p1b: WellsFargo|Weavile, M, shiny|100\/100\n|switch|p2a: Clodsire|Clodsire, F|100\/100\n|switch|p2b: Slowking|Slowking-Galar, M|100\/100\n|-clearboost|p2a: Clodsire|[from] ability: Curious Medicine|[of] p2b: Slowking\n|turn|1\n|\n|t:|1701034151\n|move|p1b: WellsFargo|Beat Up|p1a: Chongster\n|-damage|p1a: Chongster|96\/100\n|-ability|p1a: Chongster|Rattled|boost\n|-boost|p1a: Chongster|spe|1\n|-damage|p1a: Chongster|90\/100\n|-ability|p1a: Chongster|Rattled|boost\n|-boost|p1a: Chongster|spe|1\n|-damage|p1a: Chongster|85\/100\n|-ability|p1a: Chongster|Rattled|boost\n|-boost|p1a: Chongster|spe|1\n|-damage|p1a: Chongster|81\/100\n|-ability|p1a: Chongster|Rattled|boost\n|-boost|p1a: Chongster|spe|1\n|-damage|p1a: Chongster|78\/100\n|-ability|p1a: Chongster|Rattled|boost\n|-boost|p1a: Chongster|spe|1\n|-damage|p1a: Chongster|73\/100\n|-ability|p1a: Chongster|Rattled|boost\n|-boost|p1a: Chongster|spe|1\n|-hitcount|p1a: Chongster|6\n|move|p1a: Chongster|Ancient Power|p2b: Slowking\n|-damage|p2b: Slowking|91\/100\n|move|p2b: Slowking|Psychic Terrain|p2b: Slowking\n|-fieldstart|move: Psychic Terrain\n|move|p2a: Clodsire|Toxic|p1a: Chongster\n|-status|p1a: Chongster|tox\n|\n|-damage|p1a: Chongster|67\/100 tox|[from] psn\n|upkeep\n|turn|2\n|inactive|AllfatherAlex has 120 seconds left.\n|\n|t:|1701034182\n|switch|p1b: Huntress|Houndoom, M|100\/100\n|move|p1a: Chongster|Stored Power|p2a: Clodsire\n|-supereffective|p2a: Clodsire\n|-damage|p2a: Clodsire|51\/100\n|move|p2b: Slowking|Sludge Bomb|p1a: Chongster\n|-damage|p1a: Chongster|34\/100 tox\n|move|p2a: Clodsire|Body Press|p1a: Chongster\n|-supereffective|p1a: Chongster\n|-damage|p1a: Chongster|4\/100 tox\n|\n|-heal|p2a: Clodsire|57\/100|[from] item: Black Sludge\n|-damage|p1a: Chongster|0 fnt|[from] psn\n|faint|p1a: Chongster\n|upkeep\n|-message|sgkoopa forfeited.\n|\n|win|AllfatherAlex\n|raw|sgkoopa's rating: 1000 &rarr; <strong>1000<\/strong><br \/>(+0 for losing)\n|raw|AllfatherAlex's rating: 1097 &rarr; <strong>1116<\/strong><br \/>(+19 for winning)\n|l|\u2606sgkoopa\n","uploadtime":1701034201,"views":7,"p1id":"sgkoopa","p2id":"allfatheralex","formatid":"gen9doublesou","rating":1000,"private":0,"password":""}