{"id":"gen9doublesou-1970911871","p1":"TheKingDrac","p2":"88NASSULLY","format":"[Gen 9] Doubles OU","log":"|j|\u2606TheKingDrac\n|j|\u260688NASSULLY\n|t:|1697679995\n|gametype|doubles\n|player|p1|TheKingDrac|gambler|1286\n|player|p2|88NASSULLY|flint|1315\n|teamsize|p1|6\n|teamsize|p2|6\n|gen|9\n|tier|[Gen 9] Doubles OU\n|rated|\n|rule|Species Clause: Limit one of each Pok\u00e9mon\n|rule|OHKO Clause: OHKO moves are banned\n|rule|Evasion Moves Clause: Evasion moves are banned\n|rule|Gravity Sleep Clause: The combination of sleep-inducing moves with imperfect accuracy and Gravity or Gigantamax Orbeetle are banned\n|rule|Endless Battle Clause: Forcing endless battles is banned\n|rule|HP Percentage Mod: HP is shown in percentages\n|clearpoke\n|poke|p1|Gholdengo|\n|poke|p1|Iron Hands|\n|poke|p1|Flutter Mane|\n|poke|p1|Amoonguss, F|\n|poke|p1|Ogerpon-Wellspring, F|\n|poke|p1|Heatran, M|\n|poke|p2|Medicham, F|\n|poke|p2|Slaking, M|\n|poke|p2|Arbok, M|\n|poke|p2|Milotic, F|\n|poke|p2|Rotom-Wash|\n|poke|p2|Scizor, F|\n|teampreview\n|\n|t:|1697680007\n|start\n|switch|p1a: Gholdengo|Gholdengo|100\/100\n|switch|p1b: Iron Hands|Iron Hands|100\/100\n|switch|p2a: Cham|Medicham, F|100\/100\n|switch|p2b: Dalamadur|Arbok, M|100\/100\n|-ability|p2b: Dalamadur|Intimidate|boost\n|-unboost|p1a: Gholdengo|atk|1\n|-unboost|p1b: Iron Hands|atk|1\n|turn|1\n|\n|t:|1697680024\n|switch|p2b: Cranky Kong|Slaking, M|100\/100\n|move|p1a: Gholdengo|Protect|p1a: Gholdengo\n|-singleturn|p1a: Gholdengo|Protect\n|move|p1b: Iron Hands|Fake Out|p2a: Cham\n|-damage|p2a: Cham|85\/100\n|cant|p2a: Cham|flinch\n|\n|upkeep\n|turn|2\n|\n|t:|1697680049\n|move|p1a: Gholdengo|Shadow Ball|p2a: Cham\n|-supereffective|p2a: Cham\n|-damage|p2a: Cham|0 fnt\n|faint|p2a: Cham\n|move|p2b: Cranky Kong|Facade|p1b: Iron Hands\n|-damage|p1b: Iron Hands|70\/100\n|move|p1b: Iron Hands|Drain Punch|p2b: Cranky Kong\n|-supereffective|p2b: Cranky Kong\n|-damage|p2b: Cranky Kong|51\/100\n|-heal|p1b: Iron Hands|93\/100|[from] drain|[of] p2b: Cranky Kong\n|\n|upkeep\n|-message|88NASSULLY forfeited.\n|\n|win|TheKingDrac\n|raw|TheKingDrac's rating: 1286 &rarr; <strong>1313<\/strong><br \/>(+27 for winning)\n|raw|88NASSULLY's rating: 1315 &rarr; <strong>1293<\/strong><br \/>(-22 for losing)\n|l|\u260688NASSULLY\n","uploadtime":1697680079,"views":10,"p1id":"thekingdrac","p2id":"88nassully","formatid":"gen9doublesou","rating":1293,"private":0,"password":""}