{"id":"gen9doublesou-1980939570","p1":"Animels","p2":"dangledipipples","format":"[Gen 9] Doubles OU","log":"|j|\u2606Animels\n|j|\u203ddangledipipples\n|t:|1698850717\n|gametype|doubles\n|player|p1|Animels|n|1370\n|player|p2|dangledipipples|veteran|1451\n|teamsize|p1|6\n|teamsize|p2|6\n|gen|9\n|tier|[Gen 9] Doubles OU\n|rated|\n|rule|Species Clause: Limit one of each Pok\u00e9mon\n|rule|OHKO Clause: OHKO moves are banned\n|rule|Evasion Moves Clause: Evasion moves are banned\n|rule|Gravity Sleep Clause: The combination of sleep-inducing moves with imperfect accuracy and Gravity or Gigantamax Orbeetle are banned\n|rule|Endless Battle Clause: Forcing endless battles is banned\n|rule|HP Percentage Mod: HP is shown in percentages\n|clearpoke\n|poke|p1|Tyranitar, F|\n|poke|p1|Uxie|\n|poke|p1|Houndstone, F|\n|poke|p1|Tornadus, M|\n|poke|p1|Heatran, M|\n|poke|p1|Regidrago|\n|poke|p2|Poliwrath, F|\n|poke|p2|Pelipper, F|\n|poke|p2|Landorus-Therian, M|\n|poke|p2|Amoonguss, M|\n|poke|p2|Raichu, M|\n|poke|p2|Bronzong|\n|teampreview\n|inactive|Battle timer is ON: inactive players will automatically lose when time's up. (requested by Animels)\n|\n|t:|1698850738\n|start\n|switch|p1a: Uxie|Uxie|100\/100\n|switch|p1b: Heatran|Heatran, M|100\/100\n|switch|p2a: Raichu|Raichu, M, shiny|100\/100\n|switch|p2b: Poliwrath|Poliwrath, F|100\/100\n|turn|1\n|\n|t:|1698850767\n|switch|p1b: Tornadus|Tornadus, M|100\/100\n|move|p2a: Raichu|Fake Out|p1a: Uxie\n|-damage|p1a: Uxie|96\/100\n|cant|p1a: Uxie|flinch\n|move|p2b: Poliwrath|Belly Drum|p2b: Poliwrath\n|-damage|p2b: Poliwrath|50\/100\n|-setboost|p2b: Poliwrath|atk|6|[from] move: Belly Drum\n|-enditem|p2b: Poliwrath|Sitrus Berry|[eat]\n|-heal|p2b: Poliwrath|75\/100|[from] item: Sitrus Berry\n|\n|-heal|p1a: Uxie|100\/100|[from] item: Leftovers\n|upkeep\n|turn|2\n|inactive|dangledipipples has 120 seconds left.\n|\n|t:|1698850815\n|move|p2b: Poliwrath|Protect|p2b: Poliwrath\n|-singleturn|p2b: Poliwrath|Protect\n|move|p1b: Tornadus|Tailwind|p1b: Tornadus\n|-sidestart|p1: Animels|move: Tailwind\n|move|p1a: Uxie|Mystical Power|p2b: Poliwrath\n|-activate|p2b: Poliwrath|move: Protect\n|move|p2a: Raichu|Thunderbolt|p1b: Tornadus\n|-supereffective|p1b: Tornadus\n|-damage|p1b: Tornadus|47\/100\n|\n|upkeep\n|turn|3\n|inactive|dangledipipples has 120 seconds left.\n|\n|t:|1698850839\n|switch|p1b: Tyranitar|Tyranitar, F|100\/100\n|-weather|Sandstorm|[from] ability: Sand Stream|[of] p1b: Tyranitar\n|switch|p2a: Pelipper|Pelipper, F|100\/100\n|-weather|RainDance|[from] ability: Drizzle|[of] p2a: Pelipper\n|-terastallize|p2b: Poliwrath|Steel\n|move|p1a: Uxie|Mystical Power|p2b: Poliwrath\n|-resisted|p2b: Poliwrath\n|-damage|p2b: Poliwrath|64\/100\n|-boost|p1a: Uxie|spa|1\n|move|p2b: Poliwrath|Liquidation|p1a: Uxie\n|-damage|p1a: Uxie|0 fnt\n|faint|p1a: Uxie\n|\n|-weather|RainDance|[upkeep]\n|upkeep\n|-message|Animels forfeited.\n|\n|win|dangledipipples\n|raw|Animels's rating: 1370 &rarr; <strong>1355<\/strong><br \/>(-15 for losing)\n|raw|dangledipipples's rating: 1451 &rarr; <strong>1466<\/strong><br \/>(+15 for winning)\n|l|\u2606Animels\n","uploadtime":1698850881,"views":28,"p1id":"animels","p2id":"dangledipipples","formatid":"gen9doublesou","rating":1355,"private":0,"password":""}