{"id":"gen9doublesou-1995038551","p1":"sgfgasasrgs","p2":"SyIver1000","format":"[Gen 9] Doubles OU","log":"|j|\u2606sgfgasasrgs\n|j|\u2606SyIver1000\n|t:|1700515964\n|gametype|doubles\n|player|p1|sgfgasasrgs|265|\n|player|p2|SyIver1000|cynthia-gen4|\n|teamsize|p1|2\n|teamsize|p2|3\n|gen|9\n|tier|[Gen 9] Doubles OU\n|rule|Species Clause: Limit one of each Pok\u00e9mon\n|rule|OHKO Clause: OHKO moves are banned\n|rule|Evasion Moves Clause: Evasion moves are banned\n|rule|Gravity Sleep Clause: The combination of sleep-inducing moves with imperfect accuracy and Gravity or Gigantamax Orbeetle are banned\n|rule|Endless Battle Clause: Forcing endless battles is banned\n|rule|HP Percentage Mod: HP is shown in percentages\n|clearpoke\n|poke|p1|Amoonguss, F|\n|poke|p1|Armarouge, F|\n|poke|p2|Oranguru, M|\n|poke|p2|Torterra, F|\n|poke|p2|Grumpig, F|\n|teampreview\n|\n|t:|1700515974\n|start\n|switch|p1a: Amoonguss|Amoonguss, F|100\/100\n|switch|p1b: Armarouge|Armarouge, F|100\/100\n|switch|p2a: Torterra|Torterra, F|100\/100\n|switch|p2b: Grumpig|Grumpig, F|100\/100\n|turn|1\n|inactive|Battle timer is ON: inactive players will automatically lose when time's up. (requested by sgfgasasrgs)\n|inactive|SyIver1000 has 270 seconds left.\n|\n|t:|1700516011\n|move|p2a: Torterra|Rock Slide|p1a: Amoonguss|[spread] p1a,p1b\n|-supereffective|p1b: Armarouge\n|-damage|p1a: Amoonguss|81\/100\n|-damage|p1b: Armarouge|67\/100\n|-ability|p1b: Armarouge|Weak Armor|boost\n|-unboost|p1b: Armarouge|def|1\n|-boost|p1b: Armarouge|spe|2\n|move|p1b: Armarouge|Armor Cannon|p2b: Grumpig\n|-damage|p2b: Grumpig|79\/100\n|-unboost|p1b: Armarouge|def|1\n|-unboost|p1b: Armarouge|spd|1\n|move|p2b: Grumpig|Simple Beam|p2a: Torterra\n|-endability|p2a: Torterra|Overgrow|[from] move: Simple Beam\n|-ability|p2a: Torterra|Simple|[from] move: Simple Beam\n|cant|p1a: Amoonguss|flinch\n|\n|upkeep\n|turn|2\n|inactive|sgfgasasrgs has 270 seconds left.\n|\n|t:|1700516046\n|switch|p2b: Oranguru|Oranguru, M|100\/100\n|move|p1b: Armarouge|Aura Sphere|p2b: Oranguru\n|-damage|p2b: Oranguru|84\/100\n|move|p2a: Torterra|Giga Drain|p1a: Amoonguss\n|-resisted|p1a: Amoonguss\n|-damage|p1a: Amoonguss|78\/100\n|move|p1a: Amoonguss|Hex|p2b: Oranguru\n|-immune|p2b: Oranguru\n|\n|upkeep\n|turn|3\n|\n|t:|1700516063\n|move|p1b: Armarouge|Aura Sphere|p2b: Oranguru\n|-damage|p2b: Oranguru|66\/100\n|move|p2a: Torterra|Shell Smash|p2a: Torterra\n|-unboost|p2a: Torterra|def|2\n|-unboost|p2a: Torterra|spd|2\n|-boost|p2a: Torterra|atk|4\n|-boost|p2a: Torterra|spa|4\n|-boost|p2a: Torterra|spe|4\n|-enditem|p2a: Torterra|White Herb\n|-activate|p2b: Oranguru|ability: Symbiosis|White Herb|[of] p2a: Torterra\n|-clearnegativeboost|p2a: Torterra|[silent]\n|move|p2b: Oranguru|Instruct|p2a: Torterra\n|-singleturn|p2a: Torterra|move: Instruct|[of] p2b: Oranguru\n|move|p2a: Torterra|Shell Smash|p2a: Torterra\n|-unboost|p2a: Torterra|def|2\n|-unboost|p2a: Torterra|spd|2\n|-boost|p2a: Torterra|atk|2\n|-boost|p2a: Torterra|spa|2\n|-boost|p2a: Torterra|spe|2\n|-enditem|p2a: Torterra|White Herb\n|-clearnegativeboost|p2a: Torterra|[silent]\n|move|p1a: Amoonguss|Hex|p2b: Oranguru\n|-immune|p2b: Oranguru\n|\n|upkeep\n|turn|4\n|inactive|sgfgasasrgs has 270 seconds left.\n|\n|t:|1700516114\n|move|p2a: Torterra|Rock Slide|p1a: Amoonguss|[spread] p1a,p1b\n|-supereffective|p1b: Armarouge\n|-damage|p1a: Amoonguss|2\/100\n|-damage|p1b: Armarouge|0 fnt\n|faint|p1b: Armarouge\n|move|p2b: Oranguru|Body Slam|p1a: Amoonguss\n|-damage|p1a: Amoonguss|0 fnt\n|faint|p1a: Amoonguss\n|\n|win|SyIver1000\n","uploadtime":1700516125,"views":7,"p1id":"sgfgasasrgs","p2id":"syiver1000","formatid":"gen9doublesou","rating":0,"private":0,"password":""}