{"id":"gen9doublesou-1994605871","p1":"mexicanpasta","p2":"Pikesito","format":"[Gen 9] Doubles OU","log":"|j|\u2606mexicanpasta\n|j|\u2606Pikesito\n|inactive|Battle timer is ON: inactive players will automatically lose when time's up.\n|t:|1700468195\n|gametype|doubles\n|player|p1|mexicanpasta|parasollady|\n|player|p2|Pikesito|penny|\n|teamsize|p1|2\n|teamsize|p2|2\n|gen|9\n|tier|[Gen 9] Doubles OU\n|rated|Tournament battle\n|rule|Species Clause: Limit one of each Pok\u00e9mon\n|rule|OHKO Clause: OHKO moves are banned\n|rule|Evasion Moves Clause: Evasion moves are banned\n|rule|Gravity Sleep Clause: The combination of sleep-inducing moves with imperfect accuracy and Gravity or Gigantamax Orbeetle are banned\n|rule|Endless Battle Clause: Forcing endless battles is banned\n|rule|HP Percentage Mod: HP is shown in percentages\n|clearpoke\n|poke|p1|Ceruledge, M|\n|poke|p1|Gastrodon-East, F|\n|poke|p2|Conkeldurr, F|\n|poke|p2|Kommo-o, F|\n|teampreview\n|j|*Lady Monita \u2746\n|inactive|mexicanpasta also wants the timer to be on.\n|inactive|Pikesito also wants the timer to be on.\n|\n|t:|1700468199\n|start\n|switch|p1a: Gastrodon|Gastrodon-East, F|100\/100\n|switch|p1b: Ceruledge|Ceruledge, M|100\/100\n|switch|p2a: Conkeldurr|Conkeldurr, F|100\/100\n|switch|p2b: Kommo-o|Kommo-o, F|100\/100\n|turn|1\n|\n|t:|1700468218\n|-terastallize|p1b: Ceruledge|Grass\n|-terastallize|p2a: Conkeldurr|Fighting\n|move|p2b: Kommo-o|Clanging Scales|p1a: Gastrodon|[spread] p1a,p1b\n|-damage|p1a: Gastrodon|75\/100\n|-damage|p1b: Ceruledge|59\/100\n|-unboost|p2b: Kommo-o|def|1\n|-enditem|p2b: Kommo-o|Throat Spray\n|-boost|p2b: Kommo-o|spa|1|[from] item: Throat Spray\n|move|p1b: Ceruledge|Swords Dance|p1b: Ceruledge\n|-boost|p1b: Ceruledge|atk|2\n|move|p2a: Conkeldurr|Close Combat|p1a: Gastrodon\n|-damage|p1a: Gastrodon|0 fnt\n|-unboost|p2a: Conkeldurr|def|1\n|-unboost|p2a: Conkeldurr|spd|1\n|faint|p1a: Gastrodon\n|\n|upkeep\n|turn|2\n|\n|t:|1700468234\n|move|p1b: Ceruledge|Bitter Blade|p2a: Conkeldurr\n|-damage|p2a: Conkeldurr|0 fnt\n|-heal|p1b: Ceruledge|100\/100|[from] drain|[of] p2a: Conkeldurr\n|faint|p2a: Conkeldurr\n|move|p2b: Kommo-o|Clanging Scales|p1b: Ceruledge\n|-damage|p1b: Ceruledge|11\/100\n|-unboost|p2b: Kommo-o|def|1\n|\n|upkeep\n|turn|3\n|j| CrusaderOfCalamity\n|\n|t:|1700468247\n|move|p2b: Kommo-o|Clanging Scales|p1b: Ceruledge\n|-damage|p1b: Ceruledge|0 fnt\n|faint|p1b: Ceruledge\n|\n|win|Pikesito\n|n|\u2606mexicanpasta|mexicanpasta\n|n|\u2606Pikesito|pikesito\n|n|*Lady Monita \u2746|ladymonita\n|n| CrusaderOfCalamity|crusaderofcalamity\n","uploadtime":1700468247,"views":3,"p1id":"mexicanpasta","p2id":"pikesito","formatid":"gen9doublesou","rating":0,"private":0,"password":""}