{"id":"gen9doublesou-1970089612","p1":"lmwilliams","p2":"dfhdfhdhjh","format":"[Gen 9] Doubles OU","log":"|j|\u2606lmwilliams\n|j|\u2606dfhdfhdhjh\n|t:|1697593075\n|gametype|doubles\n|player|p1|lmwilliams|265|1077\n|player|p2|dfhdfhdhjh|2|1000\n|teamsize|p1|6\n|teamsize|p2|5\n|gen|9\n|tier|[Gen 9] Doubles OU\n|rated|\n|rule|Species Clause: Limit one of each Pok\u00e9mon\n|rule|OHKO Clause: OHKO moves are banned\n|rule|Evasion Moves Clause: Evasion moves are banned\n|rule|Gravity Sleep Clause: The combination of sleep-inducing moves with imperfect accuracy and Gravity or Gigantamax Orbeetle are banned\n|rule|Endless Battle Clause: Forcing endless battles is banned\n|rule|HP Percentage Mod: HP is shown in percentages\n|clearpoke\n|poke|p1|Chien-Pao|\n|poke|p1|Landorus-Therian, M|\n|poke|p1|Tornadus, M|\n|poke|p1|Tyranitar, M|\n|poke|p1|Ogerpon-Hearthflame, F|\n|poke|p1|Ursaluna, F|\n|poke|p2|Hatterene, F|\n|poke|p2|Torkoal, F|\n|poke|p2|Forretress, M|\n|poke|p2|Meowscarada, F|\n|poke|p2|Bruxish, F|\n|teampreview\n|\n|t:|1697593093\n|start\n|switch|p1a: Tyranitar|Tyranitar, M|100\/100\n|switch|p1b: Tornadus|Tornadus, M|100\/100\n|switch|p2a: Hatterene|Hatterene, F|100\/100\n|switch|p2b: Forretress|Forretress, M|100\/100\n|-weather|Sandstorm|[from] ability: Sand Stream|[of] p1a: Tyranitar\n|turn|1\n|\n|t:|1697593112\n|move|p1b: Tornadus|Bleakwind Storm|p2b: Forretress|[spread] p2a,p2b\n|-damage|p2a: Hatterene|60\/100\n|-damage|p2b: Forretress|48\/100\n|move|p1a: Tyranitar|Iron Head|p2a: Hatterene\n|-supereffective|p2a: Hatterene\n|-damage|p2a: Hatterene|0 fnt\n|faint|p2a: Hatterene\n|move|p2b: Forretress|Stealth Rock|p1a: Tyranitar\n|-sidestart|p1: lmwilliams|move: Stealth Rock\n|\n|-weather|Sandstorm|[upkeep]\n|-damage|p1b: Tornadus|94\/100|[from] Sandstorm\n|upkeep\n|\n|t:|1697593122\n|switch|p2a: Bruxish|Bruxish, F|100\/100\n|turn|2\n|\n|t:|1697593128\n|move|p1b: Tornadus|Bleakwind Storm|p2a: Bruxish|[spread] p2a,p2b\n|-damage|p2a: Bruxish|63\/100\n|-damage|p2b: Forretress|0 fnt\n|-unboost|p2a: Bruxish|spe|1\n|faint|p2b: Forretress\n|move|p1a: Tyranitar|Knock Off|p2a: Bruxish\n|-supereffective|p2a: Bruxish\n|-damage|p2a: Bruxish|0 fnt\n|-enditem|p2a: Bruxish|Focus Sash|[from] move: Knock Off|[of] p1a: Tyranitar\n|faint|p2a: Bruxish\n|\n|-weather|Sandstorm|[upkeep]\n|-damage|p1b: Tornadus|88\/100|[from] Sandstorm\n|upkeep\n|-message|dfhdfhdhjh forfeited.\n|\n|win|lmwilliams\n|raw|lmwilliams's rating: 1077 &rarr; <strong>1099<\/strong><br \/>(+22 for winning)\n|raw|dfhdfhdhjh's rating: 1000 &rarr; <strong>1000<\/strong><br \/>(+0 for losing)\n|l|\u2606dfhdfhdhjh\n","uploadtime":1697593149,"views":15,"p1id":"lmwilliams","p2id":"dfhdfhdhjh","formatid":"gen9doublesou","rating":1000,"private":0,"password":""}