{"id":"gen9doublesou-1998805844","p1":"Tan_Da_Man_20","p2":"Chriz3007","format":"[Gen 9] Doubles OU","log":"|j|\u2606Tan_Da_Man_20\n|j|\u2606Chriz3007\n|inactive|Battle timer is ON: inactive players will automatically lose when time's up.\n|t:|1700994687\n|gametype|doubles\n|player|p1|Tan_Da_Man_20|red-masters2|\n|player|p2|Chriz3007|2|\n|teamsize|p1|2\n|teamsize|p2|2\n|gen|9\n|tier|[Gen 9] Doubles OU\n|rated|Tournament battle\n|rule|Species Clause: Limit one of each Pok\u00e9mon\n|rule|OHKO Clause: OHKO moves are banned\n|rule|Evasion Moves Clause: Evasion moves are banned\n|rule|Gravity Sleep Clause: The combination of sleep-inducing moves with imperfect accuracy and Gravity or Gigantamax Orbeetle are banned\n|rule|Endless Battle Clause: Forcing endless battles is banned\n|rule|HP Percentage Mod: HP is shown in percentages\n|clearpoke\n|poke|p1|Skeledirge, F|\n|poke|p1|Toxapex, M|\n|poke|p2|Salamence, M|\n|poke|p2|Gothitelle, M|\n|teampreview\n|j|*Lady Monita \u2746\n|inactive|Tan_Da_Man_20 also wants the timer to be on.\n|j| Commander2022\n|c|\u2606Tan_Da_Man_20|g;hf\n|c|\u2606Tan_Da_Man_20|glhf\n|c|\u2606Chriz3007|glhf\n|\n|t:|1700994703\n|start\n|switch|p1a: Skeledirge|Skeledirge, F|100\/100\n|switch|p1b: Toxapex|Toxapex, M|100\/100\n|switch|p2a: Salamence|Salamence, M|100\/100\n|switch|p2b: Gothitelle|Gothitelle, M|100\/100\n|-ability|p2a: Salamence|Intimidate|boost\n|-unboost|p1a: Skeledirge|atk|1\n|-unboost|p1b: Toxapex|atk|1\n|-item|p1a: Skeledirge|Choice Specs|[from] ability: Frisk|[of] p2b: Gothitelle|[identify]\n|-item|p1b: Toxapex|Leftovers|[from] ability: Frisk|[of] p2b: Gothitelle|[identify]\n|turn|1\n|\n|t:|1700994725\n|-terastallize|p1b: Toxapex|Flying\n|move|p2b: Gothitelle|Fake Out|p1b: Toxapex\n|-damage|p1b: Toxapex|97\/100\n|move|p2a: Salamence|Dragon Dance|p2a: Salamence\n|-boost|p2a: Salamence|atk|1\n|-boost|p2a: Salamence|spe|1\n|move|p1a: Skeledirge|Heat Wave|p2b: Gothitelle|[spread] p2a,p2b\n|-resisted|p2a: Salamence\n|-damage|p2a: Salamence|77\/100\n|-damage|p2b: Gothitelle|57\/100\n|-status|p2b: Gothitelle|brn\n|cant|p1b: Toxapex|flinch\n|\n|-heal|p2b: Gothitelle|63\/100 brn|[from] item: Leftovers\n|-heal|p1b: Toxapex|100\/100|[from] item: Leftovers\n|-damage|p2b: Gothitelle|57\/100 brn|[from] brn\n|upkeep\n|turn|2\n|\n|t:|1700994739\n|-terastallize|p2a: Salamence|Rock\n|move|p2b: Gothitelle|Helping Hand|p2a: Salamence\n|-singleturn|p2a: Salamence|Helping Hand|[of] p2b: Gothitelle\n|move|p2a: Salamence|Rock Slide|p1b: Toxapex|[spread] p1b\n|-miss|p2a: Salamence|p1a: Skeledirge\n|-supereffective|p1b: Toxapex\n|-damage|p1b: Toxapex|31\/100\n|move|p1a: Skeledirge|Heat Wave|p2b: Gothitelle|[spread] p2a,p2b\n|-resisted|p2a: Salamence\n|-damage|p2a: Salamence|55\/100\n|-damage|p2b: Gothitelle|17\/100 brn\n|move|p1b: Toxapex|Toxic|p2a: Salamence\n|-status|p2a: Salamence|tox\n|-enditem|p2a: Salamence|Lum Berry|[eat]\n|-curestatus|p2a: Salamence|tox|[msg]\n|\n|-heal|p2b: Gothitelle|23\/100 brn|[from] item: Leftovers\n|-heal|p1b: Toxapex|37\/100|[from] item: Leftovers\n|-damage|p2b: Gothitelle|17\/100 brn|[from] brn\n|upkeep\n|turn|3\n|\n|t:|1700994756\n|move|p1b: Toxapex|Baneful Bunker|p1b: Toxapex\n|-singleturn|p1b: Toxapex|move: Protect\n|move|p2a: Salamence|Rock Slide|p1a: Skeledirge|[spread] p1a\n|-activate|p1b: Toxapex|move: Protect\n|-supereffective|p1a: Skeledirge\n|-damage|p1a: Skeledirge|58\/100\n|move|p1a: Skeledirge|Heat Wave|p2b: Gothitelle|[spread] p2a,p2b\n|-resisted|p2a: Salamence\n|-damage|p2a: Salamence|32\/100\n|-damage|p2b: Gothitelle|0 fnt\n|faint|p2b: Gothitelle\n|\n|-heal|p1b: Toxapex|43\/100|[from] item: Leftovers\n|upkeep\n|turn|4\n|\n|t:|1700994766\n|move|p2a: Salamence|Rock Slide|p1a: Skeledirge|[spread] p1a,p1b\n|-supereffective|p1a: Skeledirge\n|-supereffective|p1b: Toxapex\n|-damage|p1a: Skeledirge|14\/100\n|-damage|p1b: Toxapex|0 fnt\n|faint|p1b: Toxapex\n|move|p1a: Skeledirge|Heat Wave|p2a: Salamence\n|-resisted|p2a: Salamence\n|-damage|p2a: Salamence|0 fnt\n|faint|p2a: Salamence\n|\n|win|Tan_Da_Man_20\n|n|\u2606Tan_Da_Man_20|tandaman20\n|n|\u2606Chriz3007|chriz3007\n|n|*Lady Monita \u2746|ladymonita\n|n| Commander2022|commander2022\n|l|*Lady Monita \u2746\n|c|\u2606Tan_Da_Man_20|gg\n|c|\u2606Chriz3007|gg\n","uploadtime":1700994768,"views":19,"p1id":"tandaman20","p2id":"chriz3007","formatid":"gen9doublesou","rating":0,"private":0,"password":""}