{"id":"gen9doublesou-1973947728","p1":"knucklesandwich69","p2":"Coneydub","format":"[Gen 9] Doubles OU","log":"|j|\u2606knucklesandwich69\n|j|\u2606Coneydub\n|t:|1698031578\n|gametype|doubles\n|player|p1|knucklesandwich69|101|1380\n|player|p2|Coneydub|n|1355\n|teamsize|p1|6\n|teamsize|p2|6\n|gen|9\n|tier|[Gen 9] Doubles OU\n|rated|\n|rule|Species Clause: Limit one of each Pok\u00e9mon\n|rule|OHKO Clause: OHKO moves are banned\n|rule|Evasion Moves Clause: Evasion moves are banned\n|rule|Gravity Sleep Clause: The combination of sleep-inducing moves with imperfect accuracy and Gravity or Gigantamax Orbeetle are banned\n|rule|Endless Battle Clause: Forcing endless battles is banned\n|rule|HP Percentage Mod: HP is shown in percentages\n|clearpoke\n|poke|p1|Oranguru, M|\n|poke|p1|Amoonguss, M|\n|poke|p1|Toxtricity, F|\n|poke|p1|Iron Hands|\n|poke|p1|Walking Wake|\n|poke|p1|Torkoal, M|\n|poke|p2|Sneasler, F|\n|poke|p2|Ninetales-Alola, M|\n|poke|p2|Heatran, F|\n|poke|p2|Cetitan, F|\n|poke|p2|Sinistcha|\n|poke|p2|Rillaboom, F|\n|teampreview\n|inactive|Battle timer is ON: inactive players will automatically lose when time's up. (requested by Coneydub)\n|\n|t:|1698031607\n|start\n|switch|p1a: Oranguru|Oranguru, M|100\/100\n|switch|p1b: Amoonguss|Amoonguss, M|100\/100\n|switch|p2a: Heatran|Heatran, F|100\/100\n|switch|p2b: Rillaboom|Rillaboom, F|100\/100\n|-fieldstart|move: Grassy Terrain|[from] ability: Grassy Surge|[of] p2b: Rillaboom\n|turn|1\n|inactive|Coneydub has 120 seconds left.\n|\n|t:|1698031655\n|-terastallize|p2a: Heatran|Grass\n|move|p1b: Amoonguss|Rage Powder|p1b: Amoonguss\n|-singleturn|p1b: Amoonguss|move: Rage Powder\n|move|p2b: Rillaboom|Knock Off|p1a: Oranguru\n|-supereffective|p1a: Oranguru\n|-damage|p1a: Oranguru|34\/100\n|-enditem|p1a: Oranguru|Leftovers|[from] move: Knock Off|[of] p2b: Rillaboom\n|move|p2a: Heatran|Heat Wave|p1b: Amoonguss|[spread] p1a,p1b\n|-supereffective|p1b: Amoonguss\n|-damage|p1a: Oranguru|10\/100\n|-damage|p1b: Amoonguss|44\/100\n|-enditem|p1b: Amoonguss|Eject Button\n|inactive|knucklesandwich69 has 120 seconds left.\n|\n|t:|1698031680\n|switch|p1b: Toxtricity|Toxtricity, F|100\/100\n|move|p1a: Oranguru|Trick Room|p1a: Oranguru\n|-fieldstart|move: Trick Room|[of] p1a: Oranguru\n|\n|-heal|p1a: Oranguru|16\/100|[from] Grassy Terrain\n|upkeep\n|turn|2\n|inactive|Coneydub has 120 seconds left.\n|\n|t:|1698031701\n|switch|p2b: Ninetales|Ninetales-Alola, M|100\/100\n|-weather|Snow|[from] ability: Snow Warning|[of] p2b: Ninetales\n|-terastallize|p1b: Toxtricity|Normal\n|move|p1b: Toxtricity|Boomburst|p2a: Heatran|[spread] p2a,p2b\n|-activate|p1a: Oranguru|ability: Telepathy\n|-damage|p2a: Heatran|45\/100\n|-damage|p2b: Ninetales|34\/100\n|move|p1a: Oranguru|Instruct|p1b: Toxtricity\n|-singleturn|p1b: Toxtricity|move: Instruct|[of] p1a: Oranguru\n|move|p1b: Toxtricity|Boomburst|p2a: Heatran|[spread] p2a,p2b\n|-activate|p1a: Oranguru|ability: Telepathy\n|-damage|p2a: Heatran|0 fnt\n|-damage|p2b: Ninetales|0 fnt\n|faint|p2a: Heatran\n|faint|p2b: Ninetales\n|\n|-weather|Snow|[upkeep]\n|-heal|p1a: Oranguru|22\/100|[from] Grassy Terrain\n|upkeep\n|-message|Coneydub forfeited.\n|\n|win|knucklesandwich69\n|raw|knucklesandwich69's rating: 1380 &rarr; <strong>1399<\/strong><br \/>(+19 for winning)\n|raw|Coneydub's rating: 1355 &rarr; <strong>1336<\/strong><br \/>(-19 for losing)\n|l|\u2606Coneydub\n|c|\u2606knucklesandwich69|gg\n","uploadtime":1698031728,"views":13,"p1id":"knucklesandwich69","p2id":"coneydub","formatid":"gen9doublesou","rating":1336,"private":0,"password":""}