{"id":"gen9doublesou-1996280932","p1":"am i bind or wrap","p2":"Kondroid","format":"[Gen 9] Doubles OU","log":"|j|\u2606am i bind or wrap\n|j|\u2606Kondroid\n|t:|1700667091\n|gametype|doubles\n|player|p1|am i bind or wrap|fisherman-gen4|1119\n|player|p2|Kondroid|hilbert-wonderlauncher|1097\n|teamsize|p1|6\n|teamsize|p2|6\n|gen|9\n|tier|[Gen 9] Doubles OU\n|rated|\n|rule|Species Clause: Limit one of each Pok\u00e9mon\n|rule|OHKO Clause: OHKO moves are banned\n|rule|Evasion Moves Clause: Evasion moves are banned\n|rule|Gravity Sleep Clause: The combination of sleep-inducing moves with imperfect accuracy and Gravity or Gigantamax Orbeetle are banned\n|rule|Endless Battle Clause: Forcing endless battles is banned\n|rule|HP Percentage Mod: HP is shown in percentages\n|clearpoke\n|poke|p1|Muk-Alola, M|\n|poke|p1|Passimian, F|\n|poke|p1|Shaymin-Sky|\n|poke|p1|Azumarill, F|\n|poke|p1|Bombirdier, F|\n|poke|p1|Squawkabilly-White, F|\n|poke|p2|Meowscarada, M|\n|poke|p2|Tauros-Paldea-Blaze, M|\n|poke|p2|Flamigo, M|\n|poke|p2|Greninja-*, M|\n|poke|p2|Gliscor, M|\n|poke|p2|Clefable, M|\n|teampreview\n|inactive|Battle timer is ON: inactive players will automatically lose when time's up. (requested by Kondroid)\n|\n|t:|1700667097\n|start\n|switch|p1a: Passimian|Passimian, F|100\/100\n|switch|p1b: Bombirdier|Bombirdier, F|100\/100\n|switch|p2a: Meowscarada|Meowscarada, M|100\/100\n|switch|p2b: Tauros|Tauros-Paldea-Blaze, M|100\/100\n|turn|1\n|\n|t:|1700667114\n|-terastallize|p2b: Tauros|Steel\n|move|p1a: Passimian|Rock Slide|p2a: Meowscarada|[spread] p2a\n|-miss|p1a: Passimian|p2b: Tauros\n|-damage|p2a: Meowscarada|70\/100\n|move|p2a: Meowscarada|Flower Trick|p2b: Tauros\n|-start|p2a: Meowscarada|typechange|Grass|[from] ability: Protean\n|-resisted|p2b: Tauros\n|-crit|p2b: Tauros\n|-damage|p2b: Tauros|75\/100\n|-setboost|p2b: Tauros|atk|6|[from] ability: Anger Point\n|move|p2b: Tauros|Flame Charge|p1a: Passimian\n|-damage|p1a: Passimian|0 fnt\n|-boost|p2b: Tauros|spe|1\n|faint|p1a: Passimian\n|move|p1b: Bombirdier|Rock Slide|p2b: Tauros|[spread] p2a,p2b\n|-resisted|p2b: Tauros\n|-damage|p2a: Meowscarada|10\/100\n|-damage|p2b: Tauros|53\/100\n|\n|upkeep\n|c|\u2606am i bind or wrap|do you like my team\n|\n|t:|1700667137\n|switch|p1a: Azumarill|Azumarill, F|100\/100\n|turn|2\n|\n|t:|1700667147\n|move|p1a: Azumarill|Aqua Jet|p2b: Tauros\n|-damage|p2b: Tauros|27\/100\n|-enditem|p2b: Tauros|Sitrus Berry|[eat]\n|-heal|p2b: Tauros|51\/100|[from] item: Sitrus Berry\n|move|p2b: Tauros|Flame Charge|p1b: Bombirdier\n|-damage|p1b: Bombirdier|0 fnt\n|-boost|p2b: Tauros|spe|1\n|faint|p1b: Bombirdier\n|move|p2a: Meowscarada|Flower Trick|p1a: Azumarill\n|-supereffective|p1a: Azumarill\n|-crit|p1a: Azumarill\n|-damage|p1a: Azumarill|0 fnt\n|faint|p1a: Azumarill\n|\n|upkeep\n|\n|t:|1700667164\n|switch|p1b: Shaymin|Shaymin-Sky|100\/100\n|switch|p1a: Squawkabilly|Squawkabilly-White, F|100\/100\n|turn|3\n|\n|t:|1700667181\n|move|p2b: Tauros|Protect|p2b: Tauros\n|-singleturn|p2b: Tauros|Protect\n|move|p2a: Meowscarada|U-turn|p1b: Shaymin\n|-crit|p1b: Shaymin\n|-damage|p1b: Shaymin|60\/100\n|\n|t:|1700667188\n|switch|p2a: Flamigo|Flamigo, M|100\/100|[from] U-turn\n|-copyboost|p2a: Flamigo|p2b: Tauros|[from] ability: Costar\n|move|p1b: Shaymin|Earth Power|p2a: Flamigo\n|-immune|p2a: Flamigo\n|move|p1a: Squawkabilly|Final Gambit|p2b: Tauros\n|-activate|p2b: Tauros|move: Protect\n|\n|-heal|p1b: Shaymin|66\/100|[from] item: Leftovers\n|upkeep\n|turn|4\n|-message|am i bind or wrap forfeited.\n|\n|win|Kondroid\n|raw|am i bind or wrap's rating: 1119 &rarr; <strong>1092<\/strong><br \/>(-27 for losing)\n|raw|Kondroid's rating: 1097 &rarr; <strong>1124<\/strong><br \/>(+27 for winning)\n|l|\u2606am i bind or wrap\n","uploadtime":1700667201,"views":8,"p1id":"amibindorwrap","p2id":"kondroid","formatid":"gen9doublesou","rating":1092,"private":0,"password":""}