{"id":"gen9doublesou-1971479867","p1":"Empyton","p2":"far_buzzard","format":"[Gen 9] Doubles OU","log":"|j|\u2606Empyton\n|j|\u2606far_buzzard\n|t:|1697741770\n|gametype|doubles\n|player|p1|Empyton|hoopster|1083\n|player|p2|far_buzzard|volkner|1000\n|teamsize|p1|6\n|teamsize|p2|6\n|gen|9\n|tier|[Gen 9] Doubles OU\n|rated|\n|rule|Species Clause: Limit one of each Pok\u00e9mon\n|rule|OHKO Clause: OHKO moves are banned\n|rule|Evasion Moves Clause: Evasion moves are banned\n|rule|Gravity Sleep Clause: The combination of sleep-inducing moves with imperfect accuracy and Gravity or Gigantamax Orbeetle are banned\n|rule|Endless Battle Clause: Forcing endless battles is banned\n|rule|HP Percentage Mod: HP is shown in percentages\n|clearpoke\n|poke|p1|Amoonguss, M|\n|poke|p1|Chien-Pao|\n|poke|p1|Flutter Mane|\n|poke|p1|Pelipper, M|\n|poke|p1|Kilowattrel, F|\n|poke|p1|Dragonite, F|\n|poke|p2|Mew|\n|poke|p2|Tyranitar, F|\n|poke|p2|Heatran, F|\n|poke|p2|Talonflame, F|\n|poke|p2|Ariados, F|\n|poke|p2|Ninetales, M|\n|teampreview\n|inactive|Battle timer is ON: inactive players will automatically lose when time's up. (requested by far_buzzard)\n|\n|t:|1697741783\n|start\n|switch|p1a: Pelipper|Pelipper, M|100\/100\n|switch|p1b: Dragonite|Dragonite, F, shiny|100\/100\n|switch|p2a: Ariados|Ariados, F|100\/100\n|switch|p2b: Tyranitar|Tyranitar, F|100\/100\n|-weather|Sandstorm|[from] ability: Sand Stream|[of] p2b: Tyranitar\n|-weather|RainDance|[from] ability: Drizzle|[of] p1a: Pelipper\n|turn|1\n|\n|t:|1697741797\n|move|p1b: Dragonite|Dragon Claw|p2a: Ariados\n|-damage|p2a: Ariados|36\/100\n|move|p2a: Ariados|Sticky Web|p1a: Pelipper\n|-sidestart|p1: Empyton|move: Sticky Web\n|move|p1a: Pelipper|Hydro Pump|p2b: Tyranitar\n|-supereffective|p2b: Tyranitar\n|-damage|p2b: Tyranitar|2\/100\n|move|p2b: Tyranitar|Dragon Tail|p1b: Dragonite\n|-supereffective|p1b: Dragonite\n|-damage|p1b: Dragonite|82\/100\n|drag|p1b: Chien-Pao|Chien-Pao|100\/100\n|-activate|p1b: Chien-Pao|move: Sticky Web\n|-unboost|p1b: Chien-Pao|spe|1\n|-ability|p1b: Chien-Pao|Sword of Ruin\n|\n|-weather|RainDance|[upkeep]\n|-heal|p2a: Ariados|42\/100|[from] item: Leftovers\n|-heal|p2b: Tyranitar|9\/100|[from] item: Leftovers\n|upkeep\n|turn|2\n|\n|t:|1697741819\n|move|p1b: Chien-Pao|Sacred Sword|p2b: Tyranitar\n|-supereffective|p2b: Tyranitar\n|-damage|p2b: Tyranitar|0 fnt\n|faint|p2b: Tyranitar\n|move|p2a: Ariados|Toxic Spikes|p1b: Chien-Pao\n|-sidestart|p1: Empyton|move: Toxic Spikes\n|move|p1a: Pelipper|Hydro Pump|p2a: Ariados\n|-damage|p2a: Ariados|0 fnt\n|faint|p2a: Ariados\n|\n|-weather|RainDance|[upkeep]\n|upkeep\n|inactive|far_buzzard has 120 seconds left.\n|\n|t:|1697741838\n|switch|p2a: Mew|Mew|100\/100\n|switch|p2b: Heatran|Heatran, F|100\/100\n|turn|3\n|\n|t:|1697741847\n|move|p2a: Mew|Calm Mind|p2a: Mew\n|-boost|p2a: Mew|spa|1\n|-boost|p2a: Mew|spd|1\n|move|p1b: Chien-Pao|Crunch|p2a: Mew\n|-supereffective|p2a: Mew\n|-damage|p2a: Mew|25\/100\n|move|p2b: Heatran|Flash Cannon|p1a: Pelipper\n|-resisted|p1a: Pelipper\n|-damage|p1a: Pelipper|78\/100\n|move|p1a: Pelipper|Tailwind|p1a: Pelipper\n|-sidestart|p1: Empyton|move: Tailwind\n|\n|-weather|RainDance|[upkeep]\n|-heal|p2a: Mew|31\/100|[from] item: Leftovers\n|upkeep\n|turn|4\n|\n|t:|1697741863\n|move|p1b: Chien-Pao|Crunch|p2a: Mew\n|-supereffective|p2a: Mew\n|-damage|p2a: Mew|0 fnt\n|faint|p2a: Mew\n|move|p1a: Pelipper|Hydro Pump|p2b: Heatran\n|-supereffective|p2b: Heatran\n|-damage|p2b: Heatran|0 fnt\n|faint|p2b: Heatran\n|\n|-weather|RainDance|[upkeep]\n|upkeep\n|n|!far_buzzard|farbuzzard\n|-message|far_buzzard forfeited.\n|\n|win|Empyton\n|raw|Empyton's rating: 1083 &rarr; <strong>1104<\/strong><br \/>(+21 for winning)\n|raw|far_buzzard's rating: 1000 &rarr; <strong>1000<\/strong><br \/>(+0 for losing)\n|l|!far_buzzard\n","uploadtime":1697741880,"views":11,"p1id":"empyton","p2id":"farbuzzard","formatid":"gen9doublesou","rating":1000,"private":0,"password":""}