{"id":"gen9doublesou-1970731556","p1":"ByakkoLeo","p2":"XappyT","format":"[Gen 9] Doubles OU","log":"|j|\u2606ByakkoLeo\n|j|\u2606XappyT\n|t:|1697661986\n|gametype|doubles\n|player|p1|ByakkoLeo|pokemaniac|1204\n|player|p2|XappyT|depotagent|1143\n|teamsize|p1|6\n|teamsize|p2|6\n|gen|9\n|tier|[Gen 9] Doubles OU\n|rated|\n|rule|Species Clause: Limit one of each Pok\u00e9mon\n|rule|OHKO Clause: OHKO moves are banned\n|rule|Evasion Moves Clause: Evasion moves are banned\n|rule|Gravity Sleep Clause: The combination of sleep-inducing moves with imperfect accuracy and Gravity or Gigantamax Orbeetle are banned\n|rule|Endless Battle Clause: Forcing endless battles is banned\n|rule|HP Percentage Mod: HP is shown in percentages\n|clearpoke\n|poke|p1|Rillaboom, F|\n|poke|p1|Meowscarada, F|\n|poke|p1|Ogerpon-Cornerstone, F|\n|poke|p1|Sinistcha|\n|poke|p1|Amoonguss, F|\n|poke|p1|Abomasnow, M|\n|poke|p2|Palafin, M|\n|poke|p2|Arcanine, F|\n|poke|p2|Amoonguss, F|\n|poke|p2|Flutter Mane|\n|poke|p2|Iron Bundle|\n|poke|p2|Sinistcha|\n|teampreview\n|\n|t:|1697661999\n|start\n|switch|p1a: Rillaboom|Rillaboom, F|100\/100\n|switch|p1b: Abomasnow|Abomasnow, M|100\/100\n|switch|p2a: Flutter Mane|Flutter Mane|100\/100\n|switch|p2b: Iron Bundle|Iron Bundle|100\/100\n|-fieldstart|move: Grassy Terrain|[from] ability: Grassy Surge|[of] p1a: Rillaboom\n|-weather|Snow|[from] ability: Snow Warning|[of] p1b: Abomasnow\n|-enditem|p2b: Iron Bundle|Booster Energy\n|-activate|p2b: Iron Bundle|ability: Quark Drive|[fromitem]\n|-start|p2b: Iron Bundle|quarkdrivespe\n|-enditem|p2a: Flutter Mane|Booster Energy\n|-activate|p2a: Flutter Mane|ability: Protosynthesis|[fromitem]\n|-start|p2a: Flutter Mane|protosynthesisspa\n|turn|1\n|\n|t:|1697662017\n|-terastallize|p1b: Abomasnow|Water\n|move|p1a: Rillaboom|Fake Out|p2b: Iron Bundle\n|-enditem|p1a: Rillaboom|Normal Gem|[from] gem\n|-damage|p2b: Iron Bundle|88\/100\n|cant|p2b: Iron Bundle|flinch\n|move|p2a: Flutter Mane|Dazzling Gleam|p1b: Abomasnow|[spread] p1a,p1b\n|-crit|p1a: Rillaboom\n|-damage|p1a: Rillaboom|28\/100\n|-damage|p1b: Abomasnow|60\/100\n|move|p1b: Abomasnow|Aurora Veil|p1b: Abomasnow\n|-sidestart|p1: ByakkoLeo|move: Aurora Veil\n|\n|-weather|Snow|[upkeep]\n|-heal|p2b: Iron Bundle|94\/100|[from] Grassy Terrain\n|-heal|p1a: Rillaboom|34\/100|[from] Grassy Terrain\n|-heal|p1b: Abomasnow|67\/100|[from] Grassy Terrain\n|upkeep\n|turn|2\n|\n|t:|1697662044\n|move|p1a: Rillaboom|Grassy Glide|p2a: Flutter Mane\n|-damage|p2a: Flutter Mane|15\/100\n|move|p2b: Iron Bundle|Blizzard|p1a: Rillaboom|[spread] p1a,p1b\n|-supereffective|p1a: Rillaboom\n|-crit|p1a: Rillaboom\n|-resisted|p1b: Abomasnow\n|-damage|p1a: Rillaboom|0 fnt\n|-damage|p1b: Abomasnow|56\/100\n|faint|p1a: Rillaboom\n|move|p2a: Flutter Mane|Dazzling Gleam|p1b: Abomasnow\n|-damage|p1b: Abomasnow|18\/100\n|move|p1b: Abomasnow|Giga Drain|p2b: Iron Bundle\n|-supereffective|p2b: Iron Bundle\n|-damage|p2b: Iron Bundle|0 fnt\n|-heal|p1b: Abomasnow|49\/100|[from] drain|[of] p2b: Iron Bundle\n|faint|p2b: Iron Bundle\n|-end|p2b: Iron Bundle|Quark Drive|[silent]\n|\n|-weather|Snow|[upkeep]\n|-heal|p2a: Flutter Mane|21\/100|[from] Grassy Terrain\n|-heal|p1b: Abomasnow|55\/100|[from] Grassy Terrain\n|upkeep\n|-message|XappyT forfeited.\n|\n|win|ByakkoLeo\n|raw|ByakkoLeo's rating: 1204 &rarr; <strong>1225<\/strong><br \/>(+21 for winning)\n|raw|XappyT's rating: 1143 &rarr; <strong>1122<\/strong><br \/>(-21 for losing)\n|l|\u2606XappyT\n","uploadtime":1697662083,"views":17,"p1id":"byakkoleo","p2id":"xappyt","formatid":"gen9doublesou","rating":1122,"private":0,"password":""}