{"id":"gen9doublesou-1998217168","p1":"Firegodfrfr","p2":"miooonii","format":"[Gen 9] Doubles OU","log":"|j|\u2606Firegodfrfr\n|j|\u2606miooonii\n|t:|1700914455\n|gametype|doubles\n|player|p1|Firegodfrfr|gambler|1040\n|player|p2|miooonii|psychic-gen4|1145\n|teamsize|p1|6\n|teamsize|p2|6\n|gen|9\n|tier|[Gen 9] Doubles OU\n|rated|\n|rule|Species Clause: Limit one of each Pok\u00e9mon\n|rule|OHKO Clause: OHKO moves are banned\n|rule|Evasion Moves Clause: Evasion moves are banned\n|rule|Gravity Sleep Clause: The combination of sleep-inducing moves with imperfect accuracy and Gravity or Gigantamax Orbeetle are banned\n|rule|Endless Battle Clause: Forcing endless battles is banned\n|rule|HP Percentage Mod: HP is shown in percentages\n|clearpoke\n|poke|p1|Indeedee-F, F|\n|poke|p1|Armarouge, M|\n|poke|p1|Oricorio, M|\n|poke|p1|Volcarona, F|\n|poke|p1|Meowscarada, M|\n|poke|p1|Krookodile, M|\n|poke|p2|Ninetales-Alola, M|\n|poke|p2|Baxcalibur, F|\n|poke|p2|Sneasler, F|\n|poke|p2|Rillaboom, F|\n|poke|p2|Dudunsparce-*, M|\n|poke|p2|Chi-Yu|\n|teampreview\n|inactive|Battle timer is ON: inactive players will automatically lose when time's up. (requested by miooonii)\n|\n|t:|1700914468\n|start\n|switch|p1a: 3rd Olsen Twin|Meowscarada, M|100\/100\n|switch|p1b: BeetleJuice|Krookodile, M|100\/100\n|switch|p2a: Kirin|Ninetales-Alola, M|100\/100\n|switch|p2b: Chi-Yu|Chi-Yu|100\/100\n|-ability|p2b: Chi-Yu|Beads of Ruin\n|-weather|Snow|[from] ability: Snow Warning|[of] p2a: Kirin\n|turn|1\n|\n|t:|1700914485\n|-terastallize|p1b: BeetleJuice|Flying\n|move|p2b: Chi-Yu|Heat Wave|p1b: BeetleJuice|[spread] p1a,p1b\n|-supereffective|p1a: 3rd Olsen Twin\n|-enditem|p1a: 3rd Olsen Twin|Focus Sash\n|-damage|p1a: 3rd Olsen Twin|1\/100\n|-damage|p1b: BeetleJuice|55\/100\n|move|p1a: 3rd Olsen Twin|Flower Trick|p1b: BeetleJuice\n|-resisted|p1b: BeetleJuice\n|-crit|p1b: BeetleJuice\n|-damage|p1b: BeetleJuice|7\/100\n|-setboost|p1b: BeetleJuice|atk|6|[from] ability: Anger Point\n|move|p2a: Kirin|Moonblast|p1b: BeetleJuice\n|-damage|p1b: BeetleJuice|0 fnt\n|faint|p1b: BeetleJuice\n|\n|-weather|Snow|[upkeep]\n|upkeep\n|-message|Firegodfrfr forfeited.\n|\n|win|miooonii\n|raw|Firegodfrfr's rating: 1040 &rarr; <strong>1029<\/strong><br \/>(-11 for losing)\n|raw|miooonii's rating: 1145 &rarr; <strong>1163<\/strong><br \/>(+18 for winning)\n|l|\u2606Firegodfrfr\n","uploadtime":1700914501,"views":5,"p1id":"firegodfrfr","p2id":"miooonii","formatid":"gen9doublesou","rating":1029,"private":0,"password":""}