{"id":"gen9doublesou-1989551025","p1":"Yendks","p2":"Rober10","format":"[Gen 9] Doubles OU","log":"|j|\u2606Yendks\n|j|\u2606Rober10\n|t:|1699869896\n|gametype|doubles\n|player|p1|Yendks|red|1214\n|player|p2|Rober10|169|1295\n|teamsize|p1|6\n|teamsize|p2|6\n|gen|9\n|tier|[Gen 9] Doubles OU\n|rated|\n|rule|Species Clause: Limit one of each Pok\u00e9mon\n|rule|OHKO Clause: OHKO moves are banned\n|rule|Evasion Moves Clause: Evasion moves are banned\n|rule|Gravity Sleep Clause: The combination of sleep-inducing moves with imperfect accuracy and Gravity or Gigantamax Orbeetle are banned\n|rule|Endless Battle Clause: Forcing endless battles is banned\n|rule|HP Percentage Mod: HP is shown in percentages\n|clearpoke\n|poke|p1|Indeedee-F, F|\n|poke|p1|Armarouge, M|\n|poke|p1|Cresselia, F|\n|poke|p1|Ursaluna, M|\n|poke|p1|Amoonguss, M|\n|poke|p1|Kingambit, M|\n|poke|p2|Typhlosion-Hisui, F|\n|poke|p2|Torkoal, F|\n|poke|p2|Lilligant-Hisui, F|\n|poke|p2|Iron Hands|\n|poke|p2|Ogerpon-Hearthflame, F|\n|poke|p2|Flutter Mane|\n|teampreview\n|inactive|Battle timer is ON: inactive players will automatically lose when time's up. (requested by Yendks)\n|\n|t:|1699869907\n|start\n|switch|p1a: cute subby gf|Indeedee-F, F, shiny|100\/100\n|switch|p1b: HELLO NI\ud83c\udd71\ufe0f\ud83c\udd71\ufe0fA|Armarouge, M, shiny|100\/100\n|switch|p2a: Torkoal|Torkoal, F|100\/100\n|switch|p2b: Typhlosion|Typhlosion-Hisui, F|100\/100\n|-item|p1a: cute subby gf|Safety Goggles|[from] ability: Frisk|[of] p2b: Typhlosion|[identify]\n|-item|p1b: HELLO NI\ud83c\udd71\ufe0f\ud83c\udd71\ufe0fA|Life Orb|[from] ability: Frisk|[of] p2b: Typhlosion|[identify]\n|-fieldstart|move: Psychic Terrain|[from] ability: Psychic Surge|[of] p1a: cute subby gf\n|-weather|SunnyDay|[from] ability: Drought|[of] p2a: Torkoal\n|turn|1\n|\n|t:|1699869930\n|move|p2b: Typhlosion|Eruption|p1b: HELLO NI\ud83c\udd71\ufe0f\ud83c\udd71\ufe0fA|[spread] p1a\n|-start|p1b: HELLO NI\ud83c\udd71\ufe0f\ud83c\udd71\ufe0fA|ability: Flash Fire\n|-damage|p1a: cute subby gf|12\/100\n|move|p1b: HELLO NI\ud83c\udd71\ufe0f\ud83c\udd71\ufe0fA|Expanding Force|p2b: Typhlosion|[spread] p2a,p2b\n|-damage|p2a: Torkoal|0 fnt\n|-damage|p2b: Typhlosion|0 fnt\n|faint|p2a: Torkoal\n|faint|p2b: Typhlosion\n|-damage|p1b: HELLO NI\ud83c\udd71\ufe0f\ud83c\udd71\ufe0fA|91\/100|[from] item: Life Orb\n|move|p1a: cute subby gf|Trick Room|p1a: cute subby gf\n|-fieldstart|move: Trick Room|[of] p1a: cute subby gf\n|\n|-weather|SunnyDay|[upkeep]\n|upkeep\n|inactive|Rober10 has 120 seconds left.\n|\n|t:|1699869948\n|switch|p2a: Iron Hands|Iron Hands|100\/100\n|switch|p2b: Ogerpon|Ogerpon-Hearthflame, F|100\/100\n|-ability|p2b: Ogerpon|Mold Breaker\n|turn|2\n|\n|t:|1699869965\n|move|p2b: Ogerpon|Quick Attack|p1a: cute subby gf\n|-activate|p1a: cute subby gf|move: Psychic Terrain\n|move|p2a: Iron Hands|Thunder Punch|p1b: HELLO NI\ud83c\udd71\ufe0f\ud83c\udd71\ufe0fA\n|-damage|p1b: HELLO NI\ud83c\udd71\ufe0f\ud83c\udd71\ufe0fA|47\/100\n|move|p1b: HELLO NI\ud83c\udd71\ufe0f\ud83c\udd71\ufe0fA|Expanding Force|p2a: Iron Hands|[spread] p2a,p2b\n|-supereffective|p2a: Iron Hands\n|-damage|p2a: Iron Hands|0 fnt\n|-damage|p2b: Ogerpon|8\/100\n|faint|p2a: Iron Hands\n|-end|p2a: Iron Hands|Quark Drive|[silent]\n|-damage|p1b: HELLO NI\ud83c\udd71\ufe0f\ud83c\udd71\ufe0fA|37\/100|[from] item: Life Orb\n|move|p1a: cute subby gf|Psychic|p2b: Ogerpon\n|-damage|p2b: Ogerpon|0 fnt\n|faint|p2b: Ogerpon\n|\n|-weather|SunnyDay|[upkeep]\n|upkeep\n|inactive|Rober10 has 120 seconds left.\n|\n|t:|1699869983\n|switch|p2a: Flutter Mane|Flutter Mane|100\/100\n|switch|p2b: Lilligant|Lilligant-Hisui, F|100\/100\n|-activate|p2a: Flutter Mane|ability: Protosynthesis\n|-start|p2a: Flutter Mane|protosynthesisspe\n|turn|3\n|\n|t:|1699870002\n|move|p1b: HELLO NI\ud83c\udd71\ufe0f\ud83c\udd71\ufe0fA|Expanding Force|p2a: Flutter Mane|[spread] p2a,p2b\n|-supereffective|p2b: Lilligant\n|-damage|p2a: Flutter Mane|16\/100\n|-damage|p2b: Lilligant|0 fnt\n|faint|p2b: Lilligant\n|-damage|p1b: HELLO NI\ud83c\udd71\ufe0f\ud83c\udd71\ufe0fA|28\/100|[from] item: Life Orb\n|move|p1a: cute subby gf|Psychic|p2a: Flutter Mane\n|-damage|p2a: Flutter Mane|0 fnt\n|faint|p2a: Flutter Mane\n|-end|p2a: Flutter Mane|Protosynthesis|[silent]\n|\n|win|Yendks\n|raw|Yendks's rating: 1214 &rarr; <strong>1245<\/strong><br \/>(+31 for winning)\n|raw|Rober10's rating: 1295 &rarr; <strong>1264<\/strong><br \/>(-31 for losing)\n|l|\u2606Rober10\n","uploadtime":1699870026,"views":14,"p1id":"yendks","p2id":"rober10","formatid":"gen9doublesou","rating":1245,"private":0,"password":""}