{"id":"gen9doublesou-1979476386","p1":"HeyPinkmin","p2":"tobimanyes","format":"[Gen 9] Doubles OU","log":"|j|\u2606HeyPinkmin\n|j|\u203dtobimanyes\n|t:|1698685707\n|gametype|doubles\n|player|p1|HeyPinkmin|169|1093\n|player|p2|tobimanyes|iris-gen5bw2|1000\n|teamsize|p1|6\n|teamsize|p2|6\n|gen|9\n|tier|[Gen 9] Doubles OU\n|rated|\n|rule|Species Clause: Limit one of each Pok\u00e9mon\n|rule|OHKO Clause: OHKO moves are banned\n|rule|Evasion Moves Clause: Evasion moves are banned\n|rule|Gravity Sleep Clause: The combination of sleep-inducing moves with imperfect accuracy and Gravity or Gigantamax Orbeetle are banned\n|rule|Endless Battle Clause: Forcing endless battles is banned\n|rule|HP Percentage Mod: HP is shown in percentages\n|clearpoke\n|poke|p1|Ogerpon-Hearthflame, F|\n|poke|p1|Clefairy, F|\n|poke|p1|Kommo-o, M|\n|poke|p1|Tornadus, M|\n|poke|p1|Rillaboom, M|\n|poke|p1|Landorus-Therian, M|\n|poke|p2|Cetitan, M|\n|poke|p2|Ninetales-Alola, F|\n|poke|p2|Arcanine-Hisui, M|\n|poke|p2|Landorus-Therian, M|\n|poke|p2|Gholdengo|\n|poke|p2|Ursaluna, M|\n|teampreview\n|\n|t:|1698685743\n|start\n|switch|p1a: Tornadus|Tornadus, M|100\/100\n|switch|p1b: Kommo-o|Kommo-o, M|100\/100\n|switch|p2a: Cetitan|Cetitan, M|100\/100\n|switch|p2b: Ninetales|Ninetales-Alola, F|100\/100\n|-weather|Snow|[from] ability: Snow Warning|[of] p2b: Ninetales\n|turn|1\n|\n|t:|1698685759\n|move|p1a: Tornadus|Taunt|p2b: Ninetales\n|-start|p2b: Ninetales|move: Taunt\n|move|p2a: Cetitan|Belly Drum|p2a: Cetitan\n|-damage|p2a: Cetitan|50\/100\n|-setboost|p2a: Cetitan|atk|6|[from] move: Belly Drum\n|-enditem|p2a: Cetitan|Sitrus Berry|[eat]\n|-heal|p2a: Cetitan|75\/100|[from] item: Sitrus Berry\n|cant|p2b: Ninetales|move: Taunt|Aurora Veil\n|move|p1b: Kommo-o|Iron Head|p2b: Ninetales\n|-supereffective|p2b: Ninetales\n|-damage|p2b: Ninetales|0 fnt\n|faint|p2b: Ninetales\n|\n|-weather|Snow|[upkeep]\n|upkeep\n|c|\u2606HeyPinkmin|and your aurora veil?\n|\n|t:|1698685815\n|switch|p2b: Arcanine|Arcanine-Hisui, M|100\/100\n|turn|2\n|\n|t:|1698685832\n|-terastallize|p2a: Cetitan|Ice\n|-terastallize|p1b: Kommo-o|Steel\n|move|p2a: Cetitan|Ice Shard|p1b: Kommo-o\n|-resisted|p1b: Kommo-o\n|-damage|p1b: Kommo-o|55\/100\n|move|p1a: Tornadus|Tailwind|p1a: Tornadus\n|-sidestart|p1: HeyPinkmin|move: Tailwind\n|move|p1b: Kommo-o|Iron Head|p2a: Cetitan\n|-supereffective|p2a: Cetitan\n|-damage|p2a: Cetitan|16\/100\n|move|p2b: Arcanine|Head Smash|p1a: Tornadus|[miss]\n|-miss|p2b: Arcanine|p1a: Tornadus\n|\n|-weather|Snow|[upkeep]\n|upkeep\n|turn|3\n|\n|t:|1698685852\n|move|p1b: Kommo-o|Iron Head|p2a: Cetitan\n|-supereffective|p2a: Cetitan\n|-crit|p2a: Cetitan\n|-damage|p2a: Cetitan|0 fnt\n|faint|p2a: Cetitan\n|move|p1a: Tornadus|Bleakwind Storm|p2b: Arcanine|[miss]\n|-miss|p1a: Tornadus|p2b: Arcanine\n|move|p2b: Arcanine|Head Smash|p1a: Tornadus\n|-supereffective|p1a: Tornadus\n|-damage|p1a: Tornadus|0 fnt\n|faint|p1a: Tornadus\n|\n|-weather|Snow|[upkeep]\n|upkeep\n|\n|t:|1698685866\n|switch|p2a: Gholdengo|Gholdengo|100\/100\n|switch|p1a: Clefairy|Clefairy, F|100\/100\n|turn|4\n|-message|tobimanyes forfeited.\n|\n|win|HeyPinkmin\n|raw|HeyPinkmin's rating: 1093 &rarr; <strong>1112<\/strong><br \/>(+19 for winning)\n|raw|tobimanyes's rating: 1000 &rarr; <strong>1000<\/strong><br \/>(+0 for losing)\n|l|\u203dtobimanyes\n","uploadtime":1698685879,"views":12,"p1id":"heypinkmin","p2id":"tobimanyes","formatid":"gen9doublesou","rating":1000,"private":0,"password":""}