{"id":"gen9doublesou-1971499906","p1":"buddyeric4564","p2":"RoninDro420","format":"[Gen 9] Doubles OU","log":"|j|\u2606buddyeric4564\n|j|\u2606RoninDro420\n|t:|1697743365\n|gametype|doubles\n|player|p1|buddyeric4564|darach-caitlin|1046\n|player|p2|RoninDro420|fisherman-gen4|1087\n|teamsize|p1|6\n|teamsize|p2|5\n|gen|9\n|tier|[Gen 9] Doubles OU\n|rated|\n|rule|Species Clause: Limit one of each Pok\u00e9mon\n|rule|OHKO Clause: OHKO moves are banned\n|rule|Evasion Moves Clause: Evasion moves are banned\n|rule|Gravity Sleep Clause: The combination of sleep-inducing moves with imperfect accuracy and Gravity or Gigantamax Orbeetle are banned\n|rule|Endless Battle Clause: Forcing endless battles is banned\n|rule|HP Percentage Mod: HP is shown in percentages\n|clearpoke\n|poke|p1|Iron Hands|\n|poke|p1|Iron Bundle|\n|poke|p1|Landorus-Therian, M|\n|poke|p1|Amoonguss, M|\n|poke|p1|Flutter Mane|\n|poke|p1|Chi-Yu|\n|poke|p2|Ceruledge, M|\n|poke|p2|Torkoal, F|\n|poke|p2|Mimikyu, F|\n|poke|p2|Flutter Mane|\n|poke|p2|Ursaluna, F|\n|teampreview\n|inactive|Battle timer is ON: inactive players will automatically lose when time's up. (requested by buddyeric4564)\n|inactive|buddyeric4564 has 120 seconds left.\n|c|\u2606RoninDro420|rate my team bro\n|\n|t:|1697743417\n|start\n|switch|p1a: Landorus|Landorus-Therian, M|100\/100\n|switch|p1b: Iron Hands|Iron Hands|100\/100\n|switch|p2a: Torkoal|Torkoal, F|100\/100\n|switch|p2b: Flutter Mane|Flutter Mane|100\/100\n|-ability|p1a: Landorus|Intimidate|boost\n|-fail|p2a: Torkoal|unboost|[from] ability: White Smoke|[of] p2a: Torkoal\n|-unboost|p2b: Flutter Mane|atk|1\n|turn|1\n|\n|t:|1697743436\n|-terastallize|p1b: Iron Hands|Fire\n|move|p1a: Landorus|Stomping Tantrum|p2a: Torkoal\n|-supereffective|p2a: Torkoal\n|-crit|p2a: Torkoal\n|-damage|p2a: Torkoal|0 fnt\n|faint|p2a: Torkoal\n|move|p2b: Flutter Mane|Power Gem|p1a: Landorus\n|-damage|p1a: Landorus|48\/100\n|move|p1b: Iron Hands|Heavy Slam|p2b: Flutter Mane\n|-supereffective|p2b: Flutter Mane\n|-damage|p2b: Flutter Mane|0 fnt\n|faint|p2b: Flutter Mane\n|-end|p2b: Flutter Mane|Protosynthesis|[silent]\n|\n|upkeep\n|c|\u2606buddyeric4564|0\/10 not cooking\n|inactive|RoninDro420 has 120 seconds left.\n|\n|t:|1697743458\n|switch|p2b: Ursaluna|Ursaluna, F|100\/100\n|switch|p2a: Mimikyu|Mimikyu, F|100\/100\n|turn|2\n|c|\u2606buddyeric4564|pls LEAVE the kitchen rn\n|\n|t:|1697743472\n|move|p2b: Ursaluna|Protect|p2b: Ursaluna\n|-singleturn|p2b: Ursaluna|Protect\n|move|p1a: Landorus|Stomping Tantrum|p2a: Mimikyu\n|-activate|p2a: Mimikyu|ability: Disguise\n|-damage|p2a: Mimikyu|100\/100\n|detailschange|p2a: Mimikyu|Mimikyu-Busted, F\n|-damage|p2a: Mimikyu|88\/100|[from] pokemon: Mimikyu-Busted\n|move|p1b: Iron Hands|Heavy Slam|p2a: Mimikyu\n|-supereffective|p2a: Mimikyu\n|-damage|p2a: Mimikyu|0 fnt\n|faint|p2a: Mimikyu\n|\n|-status|p2b: Ursaluna|brn|[from] item: Flame Orb\n|upkeep\n|c|\u2606RoninDro420|no sir\n|c|\u2606buddyeric4564|k bro\n|\n|t:|1697743486\n|switch|p2a: Ceruledge|Ceruledge, M|100\/100\n|turn|3\n|\n|t:|1697743502\n|move|p1a: Landorus|Stomping Tantrum|p2b: Ursaluna\n|-damage|p2b: Ursaluna|65\/100 brn\n|move|p2a: Ceruledge|Bitter Blade|p1a: Landorus\n|-damage|p1a: Landorus|0 fnt\n|faint|p1a: Landorus\n|move|p1b: Iron Hands|Drain Punch|p2b: Ursaluna\n|-supereffective|p2b: Ursaluna\n|-damage|p2b: Ursaluna|0 fnt\n|faint|p2b: Ursaluna\n|\n|upkeep\n|\n|t:|1697743508\n|switch|p1a: Chi-Yu|Chi-Yu|100\/100\n|-ability|p1a: Chi-Yu|Beads of Ruin\n|turn|4\n|c|\u2606RoninDro420|im fucked lol\n|\n|t:|1697743533\n|move|p2a: Ceruledge|Shadow Claw|p1a: Chi-Yu\n|-resisted|p1a: Chi-Yu\n|-crit|p1a: Chi-Yu\n|-damage|p1a: Chi-Yu|68\/100\n|move|p1a: Chi-Yu|Dark Pulse|p2a: Ceruledge\n|-supereffective|p2a: Ceruledge\n|-damage|p2a: Ceruledge|0 fnt\n|faint|p2a: Ceruledge\n|\n|win|buddyeric4564\n|raw|buddyeric4564's rating: 1046 &rarr; <strong>1083<\/strong><br \/>(+37 for winning)\n|raw|RoninDro420's rating: 1087 &rarr; <strong>1061<\/strong><br \/>(-26 for losing)\n|c|\u2606buddyeric4564|yeah you have one mon\n|c|\u2606buddyeric4564|gg\n|c|\u2606RoninDro420|ggs\n|l|\u2606RoninDro420\n","uploadtime":1697743555,"views":7,"p1id":"buddyeric4564","p2id":"ronindro420","formatid":"gen9doublesou","rating":1061,"private":0,"password":""}