{"id":"gen9doublesou-1981087979","p1":"costco meat","p2":"Kachiru","format":"[Gen 9] Doubles OU","log":"|j|\u2606costco meat\n|j|\u2606Kachiru\n|t:|1698862590\n|gametype|doubles\n|player|p1|costco meat|scientist|1039\n|player|p2|Kachiru|caitlin|1000\n|teamsize|p1|6\n|teamsize|p2|6\n|gen|9\n|tier|[Gen 9] Doubles OU\n|rated|\n|rule|Species Clause: Limit one of each Pok\u00e9mon\n|rule|OHKO Clause: OHKO moves are banned\n|rule|Evasion Moves Clause: Evasion moves are banned\n|rule|Gravity Sleep Clause: The combination of sleep-inducing moves with imperfect accuracy and Gravity or Gigantamax Orbeetle are banned\n|rule|Endless Battle Clause: Forcing endless battles is banned\n|rule|HP Percentage Mod: HP is shown in percentages\n|clearpoke\n|poke|p1|Zoroark-Hisui, F|\n|poke|p1|Chien-Pao|\n|poke|p1|Walking Wake|\n|poke|p1|Armarouge, F|\n|poke|p1|Indeedee-F, F|\n|poke|p1|Espathra, F|\n|poke|p2|Indeedee-F, F|\n|poke|p2|Armarouge, F|\n|poke|p2|Espeon, F|\n|poke|p2|Brute Bonnet|\n|poke|p2|Gardevoir, F|\n|poke|p2|Hatterene, F|\n|teampreview\n|inactive|Battle timer is ON: inactive players will automatically lose when time's up. (requested by costco meat)\n|\n|t:|1698862605\n|start\n|switch|p1a: Espathra|Espathra, F|100\/100\n|switch|p1b: Chien-Pao|Chien-Pao|100\/100\n|switch|p2a: Indeedee|Indeedee-F, F|100\/100\n|switch|p2b: Gardevoir|Gardevoir, F|100\/100\n|-ability|p2b: Gardevoir|Speed Boost|[from] ability: Trace|[of] p1a: Espathra\n|-fieldstart|move: Psychic Terrain|[from] ability: Psychic Surge|[of] p2a: Indeedee\n|turn|1\n|\n|t:|1698862618\n|move|p2a: Indeedee|Follow Me|p2a: Indeedee\n|-singleturn|p2a: Indeedee|move: Follow Me\n|move|p1b: Chien-Pao|Bitter Malice|p2a: Indeedee\n|-immune|p2a: Indeedee\n|move|p1a: Espathra|Calm Mind|p1a: Espathra\n|-boost|p1a: Espathra|spa|1\n|-boost|p1a: Espathra|spd|1\n|move|p2b: Gardevoir|Dazzling Gleam|p1b: Chien-Pao|[spread] p1a,p1b\n|-damage|p1a: Espathra|59\/100\n|-damage|p1b: Chien-Pao|44\/100\n|replace|p1b: Zoroark|Zoroark-Hisui, F, shiny\n|-end|p1b: Zoroark|Illusion\n|-damage|p2b: Gardevoir|91\/100|[from] item: Life Orb\n|\n|-ability|p1a: Espathra|Speed Boost|boost\n|-boost|p1a: Espathra|spe|1\n|-ability|p2b: Gardevoir|Speed Boost|boost\n|-boost|p2b: Gardevoir|spe|1\n|upkeep\n|turn|2\n|\n|t:|1698862638\n|move|p1a: Espathra|Dazzling Gleam|p2b: Gardevoir|[spread] p2a,p2b\n|-damage|p2a: Indeedee|73\/100\n|-damage|p2b: Gardevoir|61\/100\n|move|p2b: Gardevoir|Dazzling Gleam|p1b: Zoroark|[spread] p1a,p1b\n|-damage|p1a: Espathra|18\/100\n|-damage|p1b: Zoroark|0 fnt\n|faint|p1b: Zoroark\n|-damage|p2b: Gardevoir|51\/100|[from] item: Life Orb\n|move|p2a: Indeedee|Dazzling Gleam|p1a: Espathra\n|-damage|p1a: Espathra|0 fnt\n|faint|p1a: Espathra\n|\n|-ability|p2b: Gardevoir|Speed Boost|boost\n|-boost|p2b: Gardevoir|spe|1\n|upkeep\n|\n|t:|1698862659\n|switch|p1b: Indeedee|Indeedee-F, F|100\/100\n|switch|p1a: Chien-Pao|Chien-Pao|100\/100\n|-ability|p1a: Chien-Pao|Sword of Ruin\n|turn|3\n|\n|t:|1698862670\n|move|p2b: Gardevoir|Dazzling Gleam|p1a: Chien-Pao|[spread] p1a,p1b\n|-supereffective|p1a: Chien-Pao\n|-damage|p1a: Chien-Pao|0 fnt\n|-damage|p1b: Indeedee|67\/100\n|faint|p1a: Chien-Pao\n|-damage|p2b: Gardevoir|41\/100|[from] item: Life Orb\n|move|p1b: Indeedee|Hyper Voice|p2b: Gardevoir|[spread] p2a,p2b\n|-damage|p2a: Indeedee|44\/100\n|-damage|p2b: Gardevoir|12\/100\n|move|p2a: Indeedee|Heal Pulse|p2b: Gardevoir\n|-heal|p2b: Gardevoir|62\/100\n|\n|-ability|p2b: Gardevoir|Speed Boost|boost\n|-boost|p2b: Gardevoir|spe|1\n|upkeep\n|-message|costco meat forfeited.\n|\n|win|Kachiru\n|raw|costco meat's rating: 1039 &rarr; <strong>1021<\/strong><br \/>(-18 for losing)\n|raw|Kachiru's rating: 1000 &rarr; <strong>1044<\/strong><br \/>(+44 for winning)\n|l|\u2606costco meat\n","uploadtime":1698862687,"views":29,"p1id":"costcomeat","p2id":"kachiru","formatid":"gen9doublesou","rating":1021,"private":0,"password":""}