{"id":"gen9doublesou-1986500607","p1":"fabianclaros","p2":"Mevejuma","format":"[Gen 9] Doubles OU","log":"|j|\u2606fabianclaros\n|j|\u2606Mevejuma\n|inactive|Battle timer is ON: inactive players will automatically lose when time's up.\n|t:|1699485425\n|gametype|doubles\n|player|p1|fabianclaros|volkner|\n|player|p2|Mevejuma|lance|\n|teamsize|p1|2\n|teamsize|p2|2\n|gen|9\n|tier|[Gen 9] Doubles OU\n|rated|Tournament battle\n|rule|Species Clause: Limit one of each Pok\u00e9mon\n|rule|OHKO Clause: OHKO moves are banned\n|rule|Evasion Moves Clause: Evasion moves are banned\n|rule|Gravity Sleep Clause: The combination of sleep-inducing moves with imperfect accuracy and Gravity or Gigantamax Orbeetle are banned\n|rule|Endless Battle Clause: Forcing endless battles is banned\n|rule|HP Percentage Mod: HP is shown in percentages\n|clearpoke\n|poke|p1|Quilladin, M|\n|poke|p1|Noibat, M|\n|poke|p2|Litleo, M|\n|poke|p2|Sinistea|\n|teampreview\n|j|*Lady Monita \u263d\n|\n|t:|1699485434\n|start\n|switch|p1a: Quilladin|Quilladin, M, shiny|100\/100\n|switch|p1b: Noibat|Noibat, M, shiny|100\/100\n|switch|p2a: Litleo|Litleo, M|100\/100\n|switch|p2b: Sinistea|Sinistea|100\/100\n|-ability|p2a: Litleo|Unnerve\n|turn|1\n|\n|t:|1699485463\n|move|p2a: Litleo|Fire Blast|p1a: Quilladin\n|-supereffective|p1a: Quilladin\n|-damage|p1a: Quilladin|0 fnt\n|faint|p1a: Quilladin\n|move|p2b: Sinistea|Shell Smash|p2b: Sinistea\n|-unboost|p2b: Sinistea|def|1\n|-unboost|p2b: Sinistea|spd|1\n|-boost|p2b: Sinistea|atk|2\n|-boost|p2b: Sinistea|spa|2\n|-boost|p2b: Sinistea|spe|2\n|-enditem|p2b: Sinistea|White Herb\n|-clearnegativeboost|p2b: Sinistea|[silent]\n|move|p1b: Noibat|Heat Wave|p2a: Litleo|[spread] p2a,p2b\n|-resisted|p2a: Litleo\n|-damage|p2a: Litleo|85\/100\n|-damage|p2b: Sinistea|65\/100\n|-status|p2b: Sinistea|brn\n|-start|p1b: Noibat|Disable|Heat Wave|[from] ability: Cursed Body|[of] p2b: Sinistea\n|\n|-damage|p2b: Sinistea|60\/100 brn|[from] brn\n|upkeep\n|turn|2\n|\n|t:|1699485493\n|move|p1b: Noibat|Protect|p1b: Noibat\n|-singleturn|p1b: Noibat|Protect\n|move|p2b: Sinistea|Stored Power|p1b: Noibat\n|-activate|p1b: Noibat|move: Protect\n|move|p2a: Litleo|Fire Blast|p1b: Noibat\n|-activate|p1b: Noibat|move: Protect\n|\n|-damage|p2b: Sinistea|54\/100 brn|[from] brn\n|upkeep\n|turn|3\n|\n|t:|1699485506\n|-terastallize|p1b: Noibat|Steel\n|move|p2b: Sinistea|Stored Power|p1b: Noibat\n|-resisted|p1b: Noibat\n|-damage|p1b: Noibat|43\/100\n|move|p2a: Litleo|Fire Blast|p1b: Noibat\n|-supereffective|p1b: Noibat\n|-damage|p1b: Noibat|0 fnt\n|faint|p1b: Noibat\n|\n|win|Mevejuma\n|n|\u2606fabianclaros|fabianclaros\n|n|\u2606Mevejuma|mevejuma\n|n|*Lady Monita \u263d|ladymonita\n","uploadtime":1699485507,"views":9,"p1id":"fabianclaros","p2id":"mevejuma","formatid":"gen9doublesou","rating":0,"private":0,"password":""}