{"id":"gen9doublesou-1987767234","p1":"Phasmosix","p2":"CrazyWhiteMan16","format":"[Gen 9] Doubles OU","log":"|j|\u2606Phasmosix\n|j|\u2606CrazyWhiteMan16\n|t:|1699635037\n|gametype|doubles\n|player|p1|Phasmosix|n-masters|1174\n|player|p2|CrazyWhiteMan16|266|1136\n|teamsize|p1|6\n|teamsize|p2|6\n|gen|9\n|tier|[Gen 9] Doubles OU\n|rated|\n|rule|Species Clause: Limit one of each Pok\u00e9mon\n|rule|OHKO Clause: OHKO moves are banned\n|rule|Evasion Moves Clause: Evasion moves are banned\n|rule|Gravity Sleep Clause: The combination of sleep-inducing moves with imperfect accuracy and Gravity or Gigantamax Orbeetle are banned\n|rule|Endless Battle Clause: Forcing endless battles is banned\n|rule|HP Percentage Mod: HP is shown in percentages\n|clearpoke\n|poke|p1|Maushold-Four|\n|poke|p1|Armarouge, F|\n|poke|p1|Indeedee-F, F|\n|poke|p1|Scream Tail|\n|poke|p1|Regieleki|\n|poke|p1|Flutter Mane|\n|poke|p2|Tauros-Paldea-Blaze, M|\n|poke|p2|Meowscarada, F|\n|poke|p2|Maushold|\n|poke|p2|Sinistcha-Masterpiece|\n|poke|p2|Torkoal, M|\n|poke|p2|Kingambit, F|\n|teampreview\n|\n|t:|1699635047\n|start\n|switch|p1a: Flutter Mane|Flutter Mane|100\/100\n|switch|p1b: Scream Tail|Scream Tail|100\/100\n|switch|p2a: Tauros|Tauros-Paldea-Blaze, M|100\/100\n|switch|p2b: Meowscarada|Meowscarada, F|100\/100\n|turn|1\n|\n|t:|1699635061\n|-terastallize|p1b: Scream Tail|Normal\n|move|p1a: Flutter Mane|Dazzling Gleam|p2a: Tauros|[spread] p2a,p2b\n|-supereffective|p2b: Meowscarada\n|-damage|p2a: Tauros|74\/100\n|-damage|p2b: Meowscarada|14\/100\n|-enditem|p2b: Meowscarada|Aguav Berry|[eat]\n|-heal|p2b: Meowscarada|47\/100|[from] item: Aguav Berry\n|move|p2b: Meowscarada|Flower Trick|p2a: Tauros\n|-resisted|p2a: Tauros\n|-crit|p2a: Tauros\n|-damage|p2a: Tauros|57\/100\n|-setboost|p2a: Tauros|atk|6|[from] ability: Anger Point\n|move|p2a: Tauros|Raging Bull|p1b: Scream Tail\n|-damage|p1b: Scream Tail|0 fnt\n|faint|p1b: Scream Tail\n|-end|p1b: Scream Tail|Protosynthesis|[silent]\n|\n|upkeep\n|\n|t:|1699635077\n|switch|p1b: Regieleki|Regieleki|100\/100\n|turn|2\n|\n|t:|1699635090\n|-terastallize|p2a: Tauros|Fire\n|move|p1b: Regieleki|Thunderbolt|p2a: Tauros\n|-damage|p2a: Tauros|6\/100\n|move|p1a: Flutter Mane|Dazzling Gleam|p2a: Tauros|[spread] p2a,p2b\n|-resisted|p2a: Tauros\n|-supereffective|p2b: Meowscarada\n|-damage|p2a: Tauros|0 fnt\n|-damage|p2b: Meowscarada|0 fnt\n|faint|p2a: Tauros\n|faint|p2b: Meowscarada\n|\n|upkeep\n|-message|CrazyWhiteMan16 forfeited.\n|\n|win|Phasmosix\n|raw|Phasmosix's rating: 1174 &rarr; <strong>1196<\/strong><br \/>(+22 for winning)\n|raw|CrazyWhiteMan16's rating: 1136 &rarr; <strong>1114<\/strong><br \/>(-22 for losing)\n|l|\u2606CrazyWhiteMan16\n","uploadtime":1699635111,"views":14,"p1id":"phasmosix","p2id":"crazywhiteman16","formatid":"gen9doublesou","rating":1114,"private":0,"password":""}