{"id":"gen9doublesou-1980899396","p1":"zeref203","p2":"Uchaku","format":"[Gen 9] Doubles OU","log":"|j|\u2606zeref203\n|j|\u2606Uchaku\n|t:|1698847191\n|gametype|doubles\n|player|p1|zeref203|265|1156\n|player|p2|Uchaku|colress|1249\n|teamsize|p1|6\n|teamsize|p2|6\n|gen|9\n|tier|[Gen 9] Doubles OU\n|rated|\n|rule|Species Clause: Limit one of each Pok\u00e9mon\n|rule|OHKO Clause: OHKO moves are banned\n|rule|Evasion Moves Clause: Evasion moves are banned\n|rule|Gravity Sleep Clause: The combination of sleep-inducing moves with imperfect accuracy and Gravity or Gigantamax Orbeetle are banned\n|rule|Endless Battle Clause: Forcing endless battles is banned\n|rule|HP Percentage Mod: HP is shown in percentages\n|clearpoke\n|poke|p1|Great Tusk|\n|poke|p1|Ninetales, M|\n|poke|p1|Sableye, M|\n|poke|p1|Flutter Mane|\n|poke|p1|Goodra-Hisui, M|\n|poke|p1|Arboliva, F|\n|poke|p2|Ursaluna-Bloodmoon, M|\n|poke|p2|Slowbro, M|\n|poke|p2|Spiritomb, M|\n|poke|p2|Copperajah, M|\n|poke|p2|Diancie|\n|poke|p2|Scovillain, F|\n|teampreview\n|inactive|Battle timer is ON: inactive players will automatically lose when time's up. (requested by zeref203)\n|inactive|Uchaku has 120 seconds left.\n|\n|t:|1698847222\n|start\n|switch|p1a: Benimaru|Ninetales, M|100\/100\n|switch|p1b: Milim|Flutter Mane|100\/100\n|switch|p2a: Ursaluna|Ursaluna-Bloodmoon, M|100\/100\n|switch|p2b: Slowbro|Slowbro, M, shiny|100\/100\n|-weather|SunnyDay|[from] ability: Drought|[of] p1a: Benimaru\n|-activate|p1b: Milim|ability: Protosynthesis\n|-start|p1b: Milim|protosynthesisspe\n|turn|1\n|inactive|Uchaku has 120 seconds left.\n|c|\u2606zeref203|Glhf\n|\n|t:|1698847263\n|move|p1b: Milim|Imprison|p1b: Milim\n|-start|p1b: Milim|move: Imprison\n|move|p1a: Benimaru|Dark Pulse|p2b: Slowbro\n|-supereffective|p2b: Slowbro\n|-damage|p2b: Slowbro|63\/100\n|move|p2a: Ursaluna|Earth Power|p1a: Benimaru\n|-supereffective|p1a: Benimaru\n|-damage|p1a: Benimaru|0 fnt\n|faint|p1a: Benimaru\n|-damage|p2a: Ursaluna|90\/100|[from] item: Life Orb\n|cant|p2b: Slowbro|flinch\n|\n|-weather|SunnyDay|[upkeep]\n|-heal|p2b: Slowbro|69\/100|[from] item: Leftovers\n|upkeep\n|inactive|zeref203 has 120 seconds left.\n|\n|t:|1698847286\n|switch|p1a: Geld|Great Tusk|100\/100\n|-activate|p1a: Geld|ability: Protosynthesis\n|-start|p1a: Geld|protosynthesisatk\n|turn|2\n|inactive|Uchaku has 120 seconds left.\n|inactive|Uchaku has 90 seconds left.\n|inactive|Uchaku has 60 seconds left.\n|\n|t:|1698847369\n|move|p1b: Milim|Shadow Ball|p2b: Slowbro\n|-supereffective|p2b: Slowbro\n|-damage|p2b: Slowbro|0 fnt\n|faint|p2b: Slowbro\n|move|p1a: Geld|Close Combat|p2a: Ursaluna\n|-supereffective|p2a: Ursaluna\n|-damage|p2a: Ursaluna|0 fnt\n|-unboost|p1a: Geld|def|1\n|-unboost|p1a: Geld|spd|1\n|-enditem|p1a: Geld|Eject Pack\n|faint|p2a: Ursaluna\n|\n|t:|1698847392\n|-end|p1a: Geld|Protosynthesis|[silent]\n|switch|p1a: RIimiru|Goodra-Hisui, M|100\/100\n|\n|-weather|SunnyDay|[upkeep]\n|upkeep\n|\n|t:|1698847400\n|switch|p2a: Copperajah|Copperajah, M, shiny|100\/100\n|switch|p2b: Spiritomb|Spiritomb, M, shiny|100\/100\n|turn|3\n|inactive|Uchaku has 60 seconds left.\n|\n|t:|1698847453\n|-terastallize|p1a: RIimiru|Water\n|-terastallize|p2a: Copperajah|Fire\n|move|p1b: Milim|Dazzling Gleam|p2b: Spiritomb|[spread] p2a,p2b\n|-resisted|p2a: Copperajah\n|-supereffective|p2b: Spiritomb\n|-damage|p2a: Copperajah|83\/100\n|-damage|p2b: Spiritomb|29\/100\n|move|p1a: RIimiru|Rock Slide|p2a: Copperajah|[spread] p2a,p2b\n|-supereffective|p2a: Copperajah\n|-damage|p2a: Copperajah|49\/100\n|-damage|p2b: Spiritomb|8\/100\n|move|p2a: Copperajah|Heat Crash|p1b: Milim\n|-damage|p1b: Milim|0 fnt\n|faint|p1b: Milim\n|-end|p1b: Milim|Protosynthesis|[silent]\n|move|p2b: Spiritomb|Poltergeist|p1a: RIimiru\n|-activate|p1a: RIimiru|move: Poltergeist|Assault Vest\n|-crit|p1a: RIimiru\n|-damage|p1a: RIimiru|39\/100\n|\n|-weather|SunnyDay|[upkeep]\n|upkeep\n|inactive|zeref203 has 120 seconds left.\n|\n|t:|1698847483\n|switch|p1b: Geld|Great Tusk|100\/100\n|-activate|p1b: Geld|ability: Protosynthesis\n|-start|p1b: Geld|protosynthesisatk\n|turn|4\n|\n|t:|1698847492\n|move|p1b: Geld|Headlong Rush|p2a: Copperajah\n|-supereffective|p2a: Copperajah\n|-damage|p2a: Copperajah|0 fnt\n|-unboost|p1b: Geld|def|1\n|-unboost|p1b: Geld|spd|1\n|faint|p2a: Copperajah\n|move|p1a: RIimiru|Rock Slide|p2b: Spiritomb\n|-damage|p2b: Spiritomb|0 fnt\n|faint|p2b: Spiritomb\n|\n|-weather|SunnyDay|[upkeep]\n|upkeep\n|inactive|Uchaku has 60 seconds left.\n|inactive|Uchaku has 30 seconds left.\n|inactive|Uchaku has 20 seconds left.\n|inactive|Uchaku has 15 seconds left.\n|inactive|Uchaku has 10 seconds left.\n|inactive|Uchaku has 5 seconds left.\n|-message|Uchaku lost due to inactivity.\n|\n|win|zeref203\n|raw|zeref203's rating: 1156 &rarr; <strong>1188<\/strong><br \/>(+32 for winning)\n|raw|Uchaku's rating: 1249 &rarr; <strong>1217<\/strong><br \/>(-32 for losing)\n","uploadtime":1698847575,"views":25,"p1id":"zeref203","p2id":"uchaku","formatid":"gen9doublesou","rating":1188,"private":0,"password":""}