{"id":"gen9doublesou-1974719655","p1":"Justin150910","p2":"Metal Jester","format":"[Gen 9] Doubles OU","log":"|j|\u2606Justin150910\n|j|\u2606Metal Jester\n|t:|1698113970\n|gametype|doubles\n|player|p1|Justin150910|102|1112\n|player|p2|Metal Jester|guitarist|1222\n|teamsize|p1|6\n|teamsize|p2|6\n|gen|9\n|tier|[Gen 9] Doubles OU\n|rated|\n|rule|Species Clause: Limit one of each Pok\u00e9mon\n|rule|OHKO Clause: OHKO moves are banned\n|rule|Evasion Moves Clause: Evasion moves are banned\n|rule|Gravity Sleep Clause: The combination of sleep-inducing moves with imperfect accuracy and Gravity or Gigantamax Orbeetle are banned\n|rule|Endless Battle Clause: Forcing endless battles is banned\n|rule|HP Percentage Mod: HP is shown in percentages\n|clearpoke\n|poke|p1|Espathra, F|\n|poke|p1|Clefable, F|\n|poke|p1|Armarouge, M|\n|poke|p1|Basculegion-F, F|\n|poke|p1|Amoonguss, M|\n|poke|p1|Zapdos|\n|poke|p2|Scizor, M|\n|poke|p2|Scyther, M|\n|poke|p2|Kleavor, M|\n|poke|p2|Volcarona, F|\n|poke|p2|Vivillon-Fancy, F|\n|poke|p2|Great Tusk|\n|teampreview\n|\n|t:|1698113977\n|start\n|switch|p1a: Espathra|Espathra, F, shiny|100\/100\n|switch|p1b: Clefable|Clefable, F, shiny|100\/100\n|switch|p2a: Scyther|Scyther, M|100\/100\n|switch|p2b: Vivillon|Vivillon-Fancy, F, shiny|100\/100\n|turn|1\n|inactive|Battle timer is ON: inactive players will automatically lose when time's up. (requested by Metal Jester)\n|c|\u2606Justin150910|!weak buy\n|c| Justin150910|\/raw <div class=\"infobox\">buy isn't a recognized type or Pokemon.<\/div>\n|c|\u2606Justin150910|!weak psychic\n|c| Justin150910|\/raw <div class=\"infobox\">Psychic:<br \/><span class=\"message-effect-weak\">Weaknesses<\/span>: Bug, Dark, Ghost<br \/><span class=\"message-effect-resist\">Resistances<\/span>: Fighting, Psychic<br \/><span class=\"message-effect-immune\">Immunities<\/span>: <font color=#999999>None<\/font><\/div>\n|\n|t:|1698114000\n|move|p1b: Clefable|Follow Me|p1b: Clefable\n|-singleturn|p1b: Clefable|move: Follow Me\n|move|p2a: Scyther|Tailwind|p2a: Scyther\n|-sidestart|p2: Metal Jester|move: Tailwind\n|move|p2b: Vivillon|Sleep Powder|p1b: Clefable\n|-status|p1b: Clefable|slp|[from] move: Sleep Powder\n|move|p1a: Espathra|Calm Mind|p1a: Espathra\n|-boost|p1a: Espathra|spa|1\n|-boost|p1a: Espathra|spd|1\n|\n|-ability|p1a: Espathra|Speed Boost|boost\n|-boost|p1a: Espathra|spe|1\n|upkeep\n|turn|2\n|inactive|Justin150910 has 120 seconds left.\n|\n|t:|1698114039\n|move|p2a: Scyther|Dual Wingbeat|p1a: Espathra\n|-damage|p1a: Espathra|77\/100\n|-damage|p1a: Espathra|50\/100\n|-hitcount|p1a: Espathra|2\n|move|p2b: Vivillon|Sleep Powder|p1a: Espathra\n|-status|p1a: Espathra|slp|[from] move: Sleep Powder\n|cant|p1a: Espathra|slp\n|cant|p1b: Clefable|slp\n|\n|-heal|p1a: Espathra|56\/100 slp|[from] item: Leftovers\n|-ability|p1a: Espathra|Speed Boost|boost\n|-boost|p1a: Espathra|spe|1\n|upkeep\n|turn|3\n|c|\u2606Justin150910|gay\n|\n|t:|1698114059\n|cant|p1b: Clefable|slp\n|move|p2a: Scyther|U-turn|p1a: Espathra\n|-supereffective|p1a: Espathra\n|-damage|p1a: Espathra|0 fnt\n|faint|p1a: Espathra\n|-message|Justin150910 forfeited.\n|\n|win|Metal Jester\n|raw|Justin150910's rating: 1112 &rarr; <strong>1095<\/strong><br \/>(-17 for losing)\n|raw|Metal Jester's rating: 1222 &rarr; <strong>1239<\/strong><br \/>(+17 for winning)\n|l|\u2606Justin150910\n","uploadtime":1698114067,"views":23,"p1id":"justin150910","p2id":"metaljester","formatid":"gen9doublesou","rating":1095,"private":0,"password":""}