{"id":"gen9doublesou-1991888534","p1":"Vgjgghjk","p2":"le shiny huntrr","format":"[Gen 9] Doubles OU","log":"|j|\u2606Vgjgghjk\n|j|\u2606le shiny huntrr\n|t:|1700134007\n|gametype|doubles\n|player|p1|Vgjgghjk|265|1058\n|player|p2|le shiny huntrr|2|1000\n|teamsize|p1|6\n|teamsize|p2|6\n|gen|9\n|tier|[Gen 9] Doubles OU\n|rated|\n|rule|Species Clause: Limit one of each Pok\u00e9mon\n|rule|OHKO Clause: OHKO moves are banned\n|rule|Evasion Moves Clause: Evasion moves are banned\n|rule|Gravity Sleep Clause: The combination of sleep-inducing moves with imperfect accuracy and Gravity or Gigantamax Orbeetle are banned\n|rule|Endless Battle Clause: Forcing endless battles is banned\n|rule|HP Percentage Mod: HP is shown in percentages\n|clearpoke\n|poke|p1|Ursaluna, F|\n|poke|p1|Oranguru, M|\n|poke|p1|Tornadus, M|\n|poke|p1|Sableye, F|\n|poke|p1|Dragonite, F|\n|poke|p1|Skeledirge, M|\n|poke|p2|Arbok, F|\n|poke|p2|Sinistcha|\n|poke|p2|Chien-Pao|\n|poke|p2|Mightyena, M|\n|poke|p2|Gholdengo|\n|poke|p2|Palossand, M|\n|teampreview\n|inactive|Battle timer is ON: inactive players will automatically lose when time's up. (requested by Vgjgghjk)\n|\n|t:|1700134026\n|start\n|switch|p1a: Sableye|Sableye, F|100\/100\n|switch|p1b: Oranguru|Oranguru, M|100\/100\n|switch|p2a: Chien-Pao|Chien-Pao|100\/100\n|switch|p2b: Palossand|Palossand, M|100\/100\n|-ability|p2a: Chien-Pao|Sword of Ruin\n|turn|1\n|\n|t:|1700134039\n|move|p1a: Sableye|Skill Swap|p1b: Oranguru\n|-activate|p1a: Sableye|move: Skill Swap|||[of] p1b: Oranguru\n|move|p1b: Oranguru|Substitute|p1b: Oranguru\n|-start|p1b: Oranguru|Substitute\n|-damage|p1b: Oranguru|76\/100\n|move|p2a: Chien-Pao|Blizzard|p1b: Oranguru|[spread] p1b\n|-miss|p2a: Chien-Pao|p1a: Sableye\n|-enditem|p2a: Chien-Pao|Blunder Policy\n|-boost|p2a: Chien-Pao|spe|2\n|-activate|p1b: Oranguru|move: Substitute|[damage]\n|move|p2b: Palossand|Curse|p1a: Sableye\n|-start|p1a: Sableye|Curse|[of] p2b: Palossand\n|-damage|p2b: Palossand|50\/100\n|\n|-heal|p2b: Palossand|57\/100|[from] item: Leftovers\n|-damage|p1a: Sableye|76\/100|[from] Curse\n|upkeep\n|turn|2\n|c|\u2606le shiny huntrr|hi\n|\n|t:|1700134065\n|move|p1b: Oranguru|Protect|p1b: Oranguru\n|-singleturn|p1b: Oranguru|Protect\n|move|p2a: Chien-Pao|Acrobatics|p1a: Sableye\n|-damage|p1a: Sableye|37\/100\n|-enditem|p1a: Sableye|Eject Button\n|\n|t:|1700134067\n|switch|p1a: Ursaluna|Ursaluna, F|100\/100\n|move|p2b: Palossand|Sandstorm|p2b: Palossand\n|-weather|Sandstorm\n|\n|-weather|Sandstorm|[upkeep]\n|-damage|p2a: Chien-Pao|94\/100|[from] Sandstorm\n|-damage|p1b: Oranguru|70\/100|[from] Sandstorm\n|-heal|p2b: Palossand|63\/100|[from] item: Leftovers\n|-status|p1a: Ursaluna|brn|[from] item: Flame Orb\n|upkeep\n|turn|3\n|\n|t:|1700134094\n|move|p1b: Oranguru|After You|p1a: Ursaluna\n|-activate|p1a: Ursaluna|move: After You\n|move|p1a: Ursaluna|Facade|p2a: Chien-Pao\n|-damage|p2a: Chien-Pao|0 fnt\n|faint|p2a: Chien-Pao\n|move|p2b: Palossand|Chilling Water|p1a: Ursaluna\n|-supereffective|p1a: Ursaluna\n|-damage|p1a: Ursaluna|72\/100 brn\n|-unboost|p1a: Ursaluna|atk|1\n|\n|-weather|Sandstorm|[upkeep]\n|-damage|p1b: Oranguru|64\/100|[from] Sandstorm\n|-heal|p2b: Palossand|69\/100|[from] item: Leftovers\n|-damage|p1a: Ursaluna|66\/100 brn|[from] brn\n|upkeep\n|inactive|le shiny huntrr has 120 seconds left.\n|\n|t:|1700134112\n|switch|p2a: Gholdengo|Gholdengo|100\/100\n|turn|4\n|inactive|Vgjgghjk has 120 seconds left.\n|inactive|Vgjgghjk has 90 seconds left.\n|n|!le shiny huntrr|leshinyhuntrr\n|inactive|Vgjgghjk has 60 seconds left.\n|inactive|Vgjgghjk has 30 seconds left.\n|inactive|Vgjgghjk has 20 seconds left.\n|inactive|Vgjgghjk has 15 seconds left.\n|inactive|Vgjgghjk has 10 seconds left.\n|inactive|Vgjgghjk has 5 seconds left.\n|-message|Vgjgghjk lost due to inactivity.\n|\n|win|le shiny huntrr\n|raw|Vgjgghjk's rating: 1058 &rarr; <strong>1036<\/strong><br \/>(-22 for losing)\n|raw|le shiny huntrr's rating: 1000 &rarr; <strong>1047<\/strong><br \/>(+47 for winning)\n","uploadtime":1700134181,"views":13,"p1id":"vgjgghjk","p2id":"leshinyhuntrr","formatid":"gen9doublesou","rating":1036,"private":0,"password":""}