{"id":"gen9doublesou-1997289447","p1":"MattCol","p2":"panelaquemada","format":"[Gen 9] Doubles OU","log":"|j|\u2606MattCol\n|j|\u2606panelaquemada\n|t:|1700785165\n|gametype|doubles\n|player|p1|MattCol|1|1097\n|player|p2|panelaquemada|2|1053\n|teamsize|p1|6\n|teamsize|p2|6\n|gen|9\n|tier|[Gen 9] Doubles OU\n|rated|\n|rule|Species Clause: Limit one of each Pok\u00e9mon\n|rule|OHKO Clause: OHKO moves are banned\n|rule|Evasion Moves Clause: Evasion moves are banned\n|rule|Gravity Sleep Clause: The combination of sleep-inducing moves with imperfect accuracy and Gravity or Gigantamax Orbeetle are banned\n|rule|Endless Battle Clause: Forcing endless battles is banned\n|rule|HP Percentage Mod: HP is shown in percentages\n|clearpoke\n|poke|p1|Quaquaval, M|\n|poke|p1|Baxcalibur, F|\n|poke|p1|Cinderace, F|\n|poke|p1|Slowbro-Galar, F|\n|poke|p1|Zarude-Dada|\n|poke|p1|Pelipper, F|\n|poke|p2|Amoonguss, F|\n|poke|p2|Lucario, M|\n|poke|p2|Meowscarada, M|\n|poke|p2|Cresselia, F|\n|poke|p2|Dragapult, F|\n|poke|p2|Weavile, F|\n|teampreview\n|\n|t:|1700785175\n|start\n|switch|p1a: Cinderace|Cinderace, F|100\/100\n|switch|p1b: Slowbro|Slowbro-Galar, F|100\/100\n|switch|p2a: Lucario|Lucario, M|100\/100\n|switch|p2b: Weavile|Weavile, F|100\/100\n|-ability|p2b: Weavile|Pressure\n|turn|1\n|-activate|p1b: Slowbro|ability: Quick Draw\n|\n|t:|1700785189\n|move|p1b: Slowbro|Psychic|p2a: Lucario\n|-damage|p2a: Lucario|34\/100\n|move|p1a: Cinderace|Pyro Ball|p2a: Lucario\n|-supereffective|p2a: Lucario\n|-damage|p2a: Lucario|0 fnt\n|faint|p2a: Lucario\n|move|p2b: Weavile|Beat Up|p2: Lucario|[notarget]\n|-fail|p2b: Weavile\n|\n|upkeep\n|-message|panelaquemada forfeited.\n|\n|win|MattCol\n|raw|MattCol's rating: 1097 &rarr; <strong>1119<\/strong><br \/>(+22 for winning)\n|raw|panelaquemada's rating: 1053 &rarr; <strong>1037<\/strong><br \/>(-16 for losing)\n|l|\u2606panelaquemada\n","uploadtime":1700785201,"views":5,"p1id":"mattcol","p2id":"panelaquemada","formatid":"gen9doublesou","rating":1037,"private":0,"password":""}