{"id":"gen9doublesou-1972592733","p1":"freerangeasian","p2":"ZileanMaster","format":"[Gen 9] Doubles OU","log":"|j|\u2606freerangeasian\n|j|\u2606ZileanMaster\n|t:|1697861383\n|gametype|doubles\n|player|p1|freerangeasian|wallace|1563\n|player|p2|ZileanMaster|cynthia|1464\n|teamsize|p1|6\n|teamsize|p2|6\n|gen|9\n|tier|[Gen 9] Doubles OU\n|rated|\n|rule|Species Clause: Limit one of each Pok\u00e9mon\n|rule|OHKO Clause: OHKO moves are banned\n|rule|Evasion Moves Clause: Evasion moves are banned\n|rule|Gravity Sleep Clause: The combination of sleep-inducing moves with imperfect accuracy and Gravity or Gigantamax Orbeetle are banned\n|rule|Endless Battle Clause: Forcing endless battles is banned\n|rule|HP Percentage Mod: HP is shown in percentages\n|clearpoke\n|poke|p1|Clefairy, F|\n|poke|p1|Ogerpon-Wellspring, F|\n|poke|p1|Kommo-o, F|\n|poke|p1|Flamigo, M|\n|poke|p1|Indeedee, M|\n|poke|p1|Ditto|\n|poke|p2|Weezing, F|\n|poke|p2|Ogerpon-Hearthflame, F|\n|poke|p2|Iron Bundle|\n|poke|p2|Iron Hands|\n|poke|p2|Indeedee-F, F|\n|poke|p2|Moltres-Galar|\n|teampreview\n|inactive|Battle timer is ON: inactive players will automatically lose when time's up. (requested by freerangeasian)\n|\n|t:|1697861393\n|start\n|switch|p1a: Clefairy|Clefairy, F|100\/100\n|switch|p1b: Kommo-o|Kommo-o, F|100\/100\n|switch|p2a: Weezing|Weezing, F|100\/100\n|switch|p2b: Iron Bundle|Iron Bundle|100\/100\n|-ability|p2a: Weezing|Neutralizing Gas\n|-enditem|p2b: Iron Bundle|Booster Energy\n|-activate|p2b: Iron Bundle|ability: Quark Drive|[fromitem]\n|-start|p2b: Iron Bundle|quarkdrivespe\n|turn|1\n|\n|t:|1697861405\n|move|p2b: Iron Bundle|Protect|p2b: Iron Bundle\n|-singleturn|p2b: Iron Bundle|Protect\n|move|p1a: Clefairy|Follow Me|p1a: Clefairy\n|-singleturn|p1a: Clefairy|move: Follow Me\n|move|p1b: Kommo-o|Clangorous Soul|p1b: Kommo-o\n|-boost|p1b: Kommo-o|atk|1\n|-boost|p1b: Kommo-o|def|1\n|-boost|p1b: Kommo-o|spa|1\n|-boost|p1b: Kommo-o|spd|1\n|-boost|p1b: Kommo-o|spe|1\n|-damage|p1b: Kommo-o|68\/100\n|-enditem|p1b: Kommo-o|Throat Spray\n|-boost|p1b: Kommo-o|spa|1|[from] item: Throat Spray\n|move|p2a: Weezing|Taunt|p1a: Clefairy\n|-start|p1a: Clefairy|move: Taunt\n|\n|upkeep\n|turn|2\n|inactive|freerangeasian has 120 seconds left.\n|\n|t:|1697861444\n|switch|p1a: Flamigo|Flamigo, M|100\/100\n|-terastallize|p1b: Kommo-o|Steel\n|move|p2b: Iron Bundle|Freeze-Dry|p1b: Kommo-o\n|-resisted|p1b: Kommo-o\n|-damage|p1b: Kommo-o|55\/100\n|move|p1b: Kommo-o|Clanging Scales|p2b: Iron Bundle|[spread] p2a,p2b\n|-damage|p2a: Weezing|21\/100\n|-damage|p2b: Iron Bundle|0 fnt\n|faint|p2b: Iron Bundle\n|-end|p2b: Iron Bundle|Quark Drive|[silent]\n|-unboost|p1b: Kommo-o|def|1\n|move|p2a: Weezing|Sludge Bomb|p1a: Flamigo\n|-damage|p1a: Flamigo|54\/100\n|\n|upkeep\n|inactive|ZileanMaster has 120 seconds left.\n|j| TestthisChampp\n|\n|t:|1697861481\n|switch|p2b: Indeedee|Indeedee-F, F|100\/100\n|turn|3\n|\n|t:|1697861495\n|move|p1b: Kommo-o|Clanging Scales|p2a: Weezing|[spread] p2a,p2b\n|-damage|p2a: Weezing|0 fnt\n|-damage|p2b: Indeedee|44\/100\n|-enditem|p2b: Indeedee|Sitrus Berry|[eat]\n|-heal|p2b: Indeedee|69\/100|[from] item: Sitrus Berry\n|faint|p2a: Weezing\n|-end|p2a: Weezing|ability: Neutralizing Gas\n|-copyboost|p1a: Flamigo|p1b: Kommo-o|[from] ability: Costar\n|-fieldstart|move: Psychic Terrain|[from] ability: Psychic Surge|[of] p2b: Indeedee\n|-unboost|p1b: Kommo-o|def|1\n|move|p1a: Flamigo|Close Combat|p2b: Indeedee\n|-damage|p2b: Indeedee|0 fnt\n|-unboost|p1a: Flamigo|def|1\n|-unboost|p1a: Flamigo|spd|1\n|faint|p2b: Indeedee\n|\n|upkeep\n|-message|ZileanMaster forfeited.\n|\n|win|freerangeasian\n|raw|freerangeasian's rating: 1563 &rarr; <strong>1577<\/strong><br \/>(+14 for winning)\n|raw|ZileanMaster's rating: 1464 &rarr; <strong>1450<\/strong><br \/>(-14 for losing)\n|l|\u2606ZileanMaster\n","uploadtime":1697861562,"views":13,"p1id":"freerangeasian","p2id":"zileanmaster","formatid":"gen9doublesou","rating":1450,"private":0,"password":""}