{"id":"gen9doublesou-1972348440","p1":"wingminmon","p2":"Juiicyyy","format":"[Gen 9] Doubles OU","log":"|j|\u2606wingminmon\n|j|\u2606Juiicyyy\n|t:|1697833652\n|gametype|doubles\n|player|p1|wingminmon|preschooler|1196\n|player|p2|Juiicyyy|1|1103\n|teamsize|p1|6\n|teamsize|p2|6\n|gen|9\n|tier|[Gen 9] Doubles OU\n|rated|\n|rule|Species Clause: Limit one of each Pok\u00e9mon\n|rule|OHKO Clause: OHKO moves are banned\n|rule|Evasion Moves Clause: Evasion moves are banned\n|rule|Gravity Sleep Clause: The combination of sleep-inducing moves with imperfect accuracy and Gravity or Gigantamax Orbeetle are banned\n|rule|Endless Battle Clause: Forcing endless battles is banned\n|rule|HP Percentage Mod: HP is shown in percentages\n|clearpoke\n|poke|p1|Dragapult, M|\n|poke|p1|Heatran, M|\n|poke|p1|Ogerpon, F|\n|poke|p1|Cresselia, F|\n|poke|p1|Landorus-Therian, M|\n|poke|p1|Tornadus, M|\n|poke|p2|Oricorio-Pom-Pom, F|\n|poke|p2|Empoleon, M|\n|poke|p2|Garganacl, M|\n|poke|p2|Volcarona, F|\n|poke|p2|Dragapult, F|\n|poke|p2|Flutter Mane|\n|teampreview\n|inactive|Battle timer is ON: inactive players will automatically lose when time's up. (requested by wingminmon)\n|\n|t:|1697833683\n|start\n|switch|p1a: Landorus|Landorus-Therian, M|100\/100\n|switch|p1b: Tornadus|Tornadus, M|100\/100\n|switch|p2a: Oricorio|Oricorio-Pom-Pom, F, shiny|100\/100\n|switch|p2b: Volcarona|Volcarona, F, shiny|100\/100\n|-ability|p1a: Landorus|Intimidate|boost\n|-unboost|p2a: Oricorio|atk|1\n|-unboost|p2b: Volcarona|atk|1\n|turn|1\n|\n|t:|1697833694\n|move|p1b: Tornadus|Taunt|p2b: Volcarona\n|-start|p2b: Volcarona|move: Taunt\n|move|p1a: Landorus|Rock Slide|p2b: Volcarona|[spread] p2a,p2b\n|-supereffective|p2a: Oricorio\n|-supereffective|p2b: Volcarona\n|-damage|p2a: Oricorio|35\/100\n|-damage|p2b: Volcarona|17\/100\n|cant|p2b: Volcarona|move: Taunt|Quiver Dance\n|move|p2a: Oricorio|Substitute|p2a: Oricorio\n|-start|p2a: Oricorio|Substitute\n|-damage|p2a: Oricorio|10\/100\n|\n|-heal|p2a: Oricorio|16\/100|[from] item: Leftovers\n|upkeep\n|turn|2\n|\n|t:|1697833711\n|move|p1a: Landorus|Rock Slide|p2a: Oricorio|[spread] p2a,p2b\n|-supereffective|p2a: Oricorio\n|-end|p2a: Oricorio|Substitute\n|-supereffective|p2b: Volcarona\n|-damage|p2b: Volcarona|0 fnt\n|faint|p2b: Volcarona\n|move|p2a: Oricorio|Revelation Dance|p1b: Tornadus\n|-supereffective|p1b: Tornadus\n|-damage|p1b: Tornadus|11\/100\n|move|p1b: Tornadus|Icy Wind|p2a: Oricorio\n|-supereffective|p2a: Oricorio\n|-damage|p2a: Oricorio|0 fnt\n|faint|p2a: Oricorio\n|\n|upkeep\n|-message|Juiicyyy forfeited.\n|\n|win|wingminmon\n|raw|wingminmon's rating: 1196 &rarr; <strong>1214<\/strong><br \/>(+18 for winning)\n|raw|Juiicyyy's rating: 1103 &rarr; <strong>1085<\/strong><br \/>(-18 for losing)\n|l|\u2606Juiicyyy\n","uploadtime":1697833737,"views":10,"p1id":"wingminmon","p2id":"juiicyyy","formatid":"gen9doublesou","rating":1085,"private":0,"password":""}