{"id":"gen9doublesou-1975205278","p1":"The_Kael","p2":"Blonking","format":"[Gen 9] Doubles OU","log":"|j|\u2606The_Kael\n|j|\u2606Blonking\n|inactive|Battle timer is ON: inactive players will automatically lose when time's up.\n|t:|1698170067\n|gametype|doubles\n|player|p1|The_Kael|n-masters|\n|player|p2|Blonking|169|\n|teamsize|p1|2\n|teamsize|p2|2\n|gen|9\n|tier|[Gen 9] Doubles OU\n|rated|Tournament battle\n|rule|Species Clause: Limit one of each Pok\u00e9mon\n|rule|OHKO Clause: OHKO moves are banned\n|rule|Evasion Moves Clause: Evasion moves are banned\n|rule|Gravity Sleep Clause: The combination of sleep-inducing moves with imperfect accuracy and Gravity or Gigantamax Orbeetle are banned\n|rule|Endless Battle Clause: Forcing endless battles is banned\n|rule|HP Percentage Mod: HP is shown in percentages\n|clearpoke\n|poke|p1|Rillaboom, M|\n|poke|p1|Arcanine, M|\n|poke|p2|Pyroar, F|\n|poke|p2|Basculegion-F, F|\n|teampreview\n|j|*Lady Monita \u263d\n|inactive|Blonking also wants the timer to be on.\n|\n|t:|1698170071\n|start\n|switch|p1a: Rillaboom|Rillaboom, M|100\/100\n|switch|p1b: Arcanine|Arcanine, M|100\/100\n|switch|p2a: Basculegion|Basculegion-F, F|100\/100\n|switch|p2b: Pyroar|Pyroar, F|100\/100\n|-ability|p2b: Pyroar|Unnerve\n|-ability|p1b: Arcanine|Intimidate|boost\n|-unboost|p2a: Basculegion|atk|1\n|-unboost|p2b: Pyroar|atk|1\n|-fieldstart|move: Grassy Terrain|[from] ability: Grassy Surge|[of] p1a: Rillaboom\n|turn|1\n|inactive|The_Kael has 120 seconds left.\n|j| Zwellish\n|inactive|The_Kael has 90 seconds left.\n|inactive|The_Kael has 60 seconds left.\n|\n|t:|1698170184\n|-terastallize|p1b: Arcanine|Grass\n|move|p1a: Rillaboom|Fake Out|p2b: Pyroar\n|-damage|p2b: Pyroar|83\/100\n|cant|p2b: Pyroar|flinch\n|move|p1b: Arcanine|Snarl|p2b: Pyroar|[spread] p2a,p2b\n|-supereffective|p2a: Basculegion\n|-damage|p2a: Basculegion|85\/100\n|-damage|p2b: Pyroar|70\/100\n|-unboost|p2a: Basculegion|spa|1\n|-unboost|p2b: Pyroar|spa|1\n|move|p2a: Basculegion|Wave Crash|p1b: Arcanine\n|-resisted|p1b: Arcanine\n|-damage|p1b: Arcanine|77\/100\n|-damage|p2a: Basculegion|78\/100|[from] Recoil\n|\n|-heal|p2b: Pyroar|76\/100|[from] Grassy Terrain\n|-heal|p1b: Arcanine|83\/100|[from] Grassy Terrain\n|-heal|p2a: Basculegion|85\/100|[from] Grassy Terrain\n|upkeep\n|turn|2\n|inactive|The_Kael has 60 seconds left.\n|\n|t:|1698170210\n|-terastallize|p2b: Pyroar|Fire\n|move|p2b: Pyroar|Heat Wave|p1a: Rillaboom|[spread] p1b\n|-miss|p2b: Pyroar|p1a: Rillaboom\n|-supereffective|p1b: Arcanine\n|-damage|p1b: Arcanine|0 fnt\n|faint|p1b: Arcanine\n|move|p2a: Basculegion|Wave Crash|p1a: Rillaboom\n|-resisted|p1a: Rillaboom\n|-damage|p1a: Rillaboom|81\/100\n|-damage|p2a: Basculegion|79\/100|[from] Recoil\n|move|p1a: Rillaboom|Drain Punch|p2b: Pyroar\n|-damage|p2b: Pyroar|42\/100\n|-heal|p1a: Rillaboom|94\/100|[from] drain|[of] p2b: Pyroar\n|\n|-heal|p2b: Pyroar|48\/100|[from] Grassy Terrain\n|-heal|p2a: Basculegion|85\/100|[from] Grassy Terrain\n|-heal|p1a: Rillaboom|100\/100|[from] Grassy Terrain\n|upkeep\n|turn|3\n|inactive|The_Kael has 60 seconds left.\n|\n|t:|1698170235\n|move|p2b: Pyroar|Heat Wave|p1a: Rillaboom\n|-supereffective|p1a: Rillaboom\n|-damage|p1a: Rillaboom|24\/100\n|move|p2a: Basculegion|Wave Crash|p1a: Rillaboom\n|-resisted|p1a: Rillaboom\n|-damage|p1a: Rillaboom|1\/100\n|-damage|p2a: Basculegion|78\/100|[from] Recoil\n|move|p1a: Rillaboom|Wood Hammer|p2b: Pyroar\n|-resisted|p2b: Pyroar\n|-damage|p2b: Pyroar|0 fnt\n|faint|p2b: Pyroar\n|-damage|p1a: Rillaboom|0 fnt|[from] Recoil\n|faint|p1a: Rillaboom\n|\n|win|Blonking\n|n|\u2606The_Kael|thekael\n|n|\u2606Blonking|blonking\n|n|*Lady Monita \u263d|ladymonita\n|n| Zwellish|zwellish\n|l|*Lady Monita \u263d\n","uploadtime":1698170236,"views":13,"p1id":"thekael","p2id":"blonking","formatid":"gen9doublesou","rating":0,"private":0,"password":""}