{"id":"gen9doublesou-1967825435","p1":"Test Botz","p2":"doufb time","format":"[Gen 9] Doubles OU","log":"|j|\u2606Test Botz\n|j|\u2606doufb time\n|inactive|Battle timer is ON: inactive players will automatically lose when time's up.\n|t:|1697343159\n|gametype|doubles\n|player|p1|Test Botz|iono|\n|player|p2|doufb time|lusamine-nihilego|\n|teamsize|p1|6\n|teamsize|p2|6\n|gen|9\n|tier|[Gen 9] Doubles OU\n|rated|Tournament battle\n|rule|Species Clause: Limit one of each Pok\u00e9mon\n|rule|OHKO Clause: OHKO moves are banned\n|rule|Evasion Moves Clause: Evasion moves are banned\n|rule|Gravity Sleep Clause: The combination of sleep-inducing moves with imperfect accuracy and Gravity or Gigantamax Orbeetle are banned\n|rule|Endless Battle Clause: Forcing endless battles is banned\n|rule|HP Percentage Mod: HP is shown in percentages\n|clearpoke\n|poke|p1|Flutter Mane|\n|poke|p1|Volcanion|\n|poke|p1|Landorus-Therian, M|\n|poke|p1|Chien-Pao|\n|poke|p1|Rillaboom, M|\n|poke|p1|Tornadus, M|\n|poke|p2|Torkoal, M|\n|poke|p2|Indeedee-F, F|\n|poke|p2|Armarouge, M|\n|poke|p2|Ursaluna, F|\n|poke|p2|Tornadus, M|\n|poke|p2|Lilligant-Hisui, F|\n|teampreview\n|inactive|doufb time also wants the timer to be on.\n|j| Kenpwnchi\n|j|#Arcticblast\n|inactive|doufb time has 120 seconds left.\n|\n|t:|1697343211\n|start\n|switch|p1a: Volcanion|Volcanion|100\/100\n|switch|p1b: Flutter Mane|Flutter Mane|100\/100\n|switch|p2a: Lilligant|Lilligant-Hisui, F|100\/100\n|switch|p2b: :torky:|Torkoal, M|100\/100\n|-weather|SunnyDay|[from] ability: Drought|[of] p2b: :torky:\n|-activate|p1b: Flutter Mane|ability: Protosynthesis\n|-start|p1b: Flutter Mane|protosynthesisspe\n|turn|1\n|inactive|doufb time has 120 seconds left.\n|\n|t:|1697343264\n|switch|p2b: Tornadus|Tornadus, M|100\/100\n|move|p1b: Flutter Mane|Protect|p1b: Flutter Mane\n|-singleturn|p1b: Flutter Mane|Protect\n|move|p2a: Lilligant|Sleep Powder|p1b: Flutter Mane\n|-activate|p1b: Flutter Mane|move: Protect\n|move|p1a: Volcanion|Fire Blast|p2a: Lilligant\n|-supereffective|p2a: Lilligant\n|-enditem|p2a: Lilligant|Focus Sash\n|-damage|p2a: Lilligant|1\/100\n|\n|-weather|SunnyDay|[upkeep]\n|upkeep\n|turn|2\n|inactive|doufb time has 120 seconds left.\n|inactive|Test Botz has 120 seconds left.\n|j|@ryo yamada2001\n|\n|t:|1697343305\n|-end|p1b: Flutter Mane|Protosynthesis|[silent]\n|switch|p1b: Rillaboom|Rillaboom, M|100\/100\n|-fieldstart|move: Grassy Terrain|[from] ability: Grassy Surge|[of] p1b: Rillaboom\n|-terastallize|p1a: Volcanion|Grass\n|move|p2a: Lilligant|Close Combat|p1a: Volcanion\n|-damage|p1a: Volcanion|60\/100\n|-unboost|p2a: Lilligant|def|1\n|-unboost|p2a: Lilligant|spd|1\n|move|p2b: Tornadus|Bleakwind Storm|p1a: Volcanion|[spread] p1a,p1b\n|-supereffective|p1a: Volcanion\n|-supereffective|p1b: Rillaboom\n|-damage|p1a: Volcanion|0 fnt\n|-damage|p1b: Rillaboom|26\/100\n|faint|p1a: Volcanion\n|-damage|p2b: Tornadus|91\/100|[from] item: Life Orb\n|\n|-weather|SunnyDay|[upkeep]\n|-heal|p2a: Lilligant|7\/100|[from] Grassy Terrain\n|-heal|p1b: Rillaboom|33\/100|[from] Grassy Terrain\n|upkeep\n|c|\u2606Test Botz|oh man\n|inactive|Test Botz has 90 seconds left.\n|\n|t:|1697343333\n|switch|p1a: Tornadus|Tornadus, M|100\/100\n|turn|3\n|c|#Arcticblast|you sure did just Tera Grass in front of a Tornadus\n|c|\u2606Test Botz|yeah\n|inactive|doufb time has 120 seconds left.\n|\n|t:|1697343361\n|move|p2a: Lilligant|Protect|p2a: Lilligant\n|-singleturn|p2a: Lilligant|Protect\n|move|p1b: Rillaboom|Fake Out|p2a: Lilligant\n|-activate|p2a: Lilligant|move: Protect\n|move|p2b: Tornadus|Heat Wave|p1a: Tornadus|[spread] p1a,p1b\n|-supereffective|p1b: Rillaboom\n|-damage|p1a: Tornadus|34\/100\n|-damage|p1b: Rillaboom|0 fnt\n|faint|p1b: Rillaboom\n|-damage|p2b: Tornadus|81\/100|[from] item: Life Orb\n|move|p1a: Tornadus|Bleakwind Storm|p2b: Tornadus|[spread] p2b\n|-activate|p2a: Lilligant|move: Protect\n|-damage|p2b: Tornadus|31\/100\n|\n|-weather|SunnyDay|[upkeep]\n|-heal|p2a: Lilligant|13\/100|[from] Grassy Terrain\n|upkeep\n|c|\u2606Test Botz|yeah i give\n|inactive|Test Botz has 90 seconds left.\n|-message|Test Botz forfeited.\n|\n|win|doufb time\n|n|\u2606Test Botz|testbotz\n|n|\u2606doufb time|doufbtime\n|n| Kenpwnchi|kenpwnchi\n|n|+Arcticblast|arcticblast\n|n| ryo yamada2001|ryoyamada2001\n|l|\u2606Test Botz\n","uploadtime":1697343378,"views":21,"p1id":"testbotz","p2id":"doufbtime","formatid":"gen9doublesou","rating":0,"private":0,"password":""}