{"id":"gen9doublesou-1998202527","p1":"1Asiate","p2":"redpkmntrainer14","format":"[Gen 9] Doubles OU","log":"|j|\u26061Asiate\n|j|\u2606redpkmntrainer14\n|t:|1700911824\n|gametype|doubles\n|player|p1|1Asiate|cynthia|1317\n|player|p2|redpkmntrainer14|guitarist|1537\n|teamsize|p1|6\n|teamsize|p2|6\n|gen|9\n|tier|[Gen 9] Doubles OU\n|rated|\n|rule|Species Clause: Limit one of each Pok\u00e9mon\n|rule|OHKO Clause: OHKO moves are banned\n|rule|Evasion Moves Clause: Evasion moves are banned\n|rule|Gravity Sleep Clause: The combination of sleep-inducing moves with imperfect accuracy and Gravity or Gigantamax Orbeetle are banned\n|rule|Endless Battle Clause: Forcing endless battles is banned\n|rule|HP Percentage Mod: HP is shown in percentages\n|clearpoke\n|poke|p1|Lilligant-Hisui, F|\n|poke|p1|Torkoal, F|\n|poke|p1|Iron Hands|\n|poke|p1|Walking Wake|\n|poke|p1|Arcanine-Hisui, M|\n|poke|p1|Farigiraf, F|\n|poke|p2|Articuno-Galar|\n|poke|p2|Bruxish, F|\n|poke|p2|Scizor, F|\n|poke|p2|Pelipper, M|\n|poke|p2|Chien-Pao|\n|poke|p2|Sneasler, F|\n|teampreview\n|\n|t:|1700911844\n|start\n|switch|p1a: Catch these|Iron Hands|100\/100\n|switch|p1b: Toby Fox|Arcanine-Hisui, M|100\/100\n|switch|p2a: homixide meechie|Sneasler, F|100\/100\n|switch|p2b: ken carson|Chien-Pao|100\/100\n|-ability|p2b: ken carson|Sword of Ruin\n|-ability|p1b: Toby Fox|Intimidate|boost\n|-unboost|p2a: homixide meechie|atk|1\n|-unboost|p2b: ken carson|atk|1\n|turn|1\n|l|\u26061Asiate\n|player|p1|\n|j|\u26061Asiate\n|player|p1|1Asiate|cynthia\n|\n|t:|1700911867\n|switch|p2b: bigchill|Pelipper, M, shiny|100\/100\n|-weather|RainDance|[from] ability: Drizzle|[of] p2b: bigchill\n|switch|p1b: Neck|Farigiraf, F|100\/100\n|move|p2a: homixide meechie|Brick Break|p1b: Neck\n|-damage|p1b: Neck|72\/100\n|-enditem|p1b: Neck|Red Card|[of] p2a: homixide meechie\n|drag|p2a: jetray|Articuno-Galar|100\/100\n|move|p1a: Catch these|Wild Charge|p2b: bigchill\n|-supereffective|p2b: bigchill\n|-crit|p2b: bigchill\n|-damage|p2b: bigchill|0 fnt\n|faint|p2b: bigchill\n|-damage|p1a: Catch these|88\/100|[from] Recoil\n|\n|-weather|RainDance|[upkeep]\n|upkeep\n|\n|t:|1700911888\n|switch|p2b: ripjaws|Bruxish, F, shiny|100\/100\n|turn|2\n|\n|t:|1700911903\n|-terastallize|p1a: Catch these|Steel\n|move|p2a: jetray|Freezing Glare|p1a: Catch these\n|-resisted|p1a: Catch these\n|-damage|p1a: Catch these|68\/100\n|-damage|p2a: jetray|91\/100|[from] item: Life Orb\n|move|p2b: ripjaws|Psychic Fangs|p1a: Catch these\n|-resisted|p1a: Catch these\n|-damage|p1a: Catch these|50\/100\n|-damage|p2b: ripjaws|91\/100|[from] item: Life Orb\n|move|p1a: Catch these|Wild Charge|p2a: jetray\n|-supereffective|p2a: jetray\n|-damage|p2a: jetray|0 fnt\n|faint|p2a: jetray\n|-damage|p1a: Catch these|36\/100|[from] Recoil\n|move|p1b: Neck|Trick Room|p1b: Neck\n|-fieldstart|move: Trick Room|[of] p1b: Neck\n|\n|-weather|RainDance|[upkeep]\n|upkeep\n|\n|t:|1700911914\n|switch|p2a: kingvamp|Scizor, F, shiny|100\/100\n|turn|3\n|\n|t:|1700911928\n|move|p1a: Catch these|Wild Charge|p2b: ripjaws\n|-supereffective|p2b: ripjaws\n|-damage|p2b: ripjaws|0 fnt\n|faint|p2b: ripjaws\n|-damage|p1a: Catch these|24\/100|[from] Recoil\n|move|p1b: Neck|Wish|p1b: Neck\n|move|p2a: kingvamp|Close Combat|p1a: Catch these\n|-supereffective|p1a: Catch these\n|-damage|p1a: Catch these|0 fnt\n|-unboost|p2a: kingvamp|def|1\n|-unboost|p2a: kingvamp|spd|1\n|faint|p1a: Catch these\n|-end|p1a: Catch these|Quark Drive|[silent]\n|-damage|p2a: kingvamp|91\/100|[from] item: Life Orb\n|\n|-weather|RainDance|[upkeep]\n|upkeep\n|\n|t:|1700911942\n|switch|p1a: The Nuke|Torkoal, F, shiny|100\/100\n|switch|p2b: ken carson|Chien-Pao|100\/100\n|-weather|SunnyDay|[from] ability: Drought|[of] p1a: The Nuke\n|-ability|p2b: ken carson|Sword of Ruin\n|turn|4\n|-message|redpkmntrainer14 forfeited.\n|\n|win|1Asiate\n|raw|1Asiate's rating: 1317 &rarr; <strong>1348<\/strong><br \/>(+31 for winning)\n|raw|redpkmntrainer14's rating: 1537 &rarr; <strong>1506<\/strong><br \/>(-31 for losing)\n|l|\u2606redpkmntrainer14\n","uploadtime":1700911966,"views":5,"p1id":"1asiate","p2id":"redpkmntrainer14","formatid":"gen9doublesou","rating":1348,"private":0,"password":""}