{"id":"gen9doublesou-2000316322","p1":"joel.hi","p2":"Rainbozo","format":"[Gen 9] Doubles OU","log":"|j|\u2606joel.hi\n|j|\u2606Rainbozo\n|t:|1701184313\n|gametype|doubles\n|player|p1|joel.hi|hilbert-wonderlauncher|1000\n|player|p2|Rainbozo|169|1100\n|teamsize|p1|4\n|teamsize|p2|6\n|gen|9\n|tier|[Gen 9] Doubles OU\n|rated|\n|rule|Species Clause: Limit one of each Pok\u00e9mon\n|rule|OHKO Clause: OHKO moves are banned\n|rule|Evasion Moves Clause: Evasion moves are banned\n|rule|Gravity Sleep Clause: The combination of sleep-inducing moves with imperfect accuracy and Gravity or Gigantamax Orbeetle are banned\n|rule|Endless Battle Clause: Forcing endless battles is banned\n|rule|HP Percentage Mod: HP is shown in percentages\n|clearpoke\n|poke|p1|Geodude, L1, F|\n|poke|p1|Leafeon, M|\n|poke|p1|Chien-Pao|\n|poke|p1|Arcanine, M|\n|poke|p2|Meowscarada, F|\n|poke|p2|Krookodile, M|\n|poke|p2|Amoonguss, M|\n|poke|p2|Ogerpon-Wellspring, F|\n|poke|p2|Volcarona, F|\n|poke|p2|Dragapult, M|\n|teampreview\n|\n|t:|1701184323\n|start\n|switch|p1a: Geodude|Geodude, L1, F|100\/100\n|switch|p1b: Arcanine|Arcanine, M|100\/100\n|switch|p2a: Meowscarada|Meowscarada, F|100\/100\n|switch|p2b: Krookodile|Krookodile, M, shiny|100\/100\n|turn|1\n|c|\u2606joel.hi|:)\n|inactive|Battle timer is ON: inactive players will automatically lose when time's up. (requested by joel.hi)\n|c|\u2606Rainbozo|Ok\n|c|\u2606joel.hi|ok?\n|c|\u2606Rainbozo|why do u only have 6 pokemon\n|inactive|joel.hi has 120 seconds left.\n|c|\u2606joel.hi|:)\n|c|\u2606Rainbozo|Ok buddy\n|c|\u2606joel.hi|...\n|c|\u2606Rainbozo|Do your turn\n|inactive|joel.hi has 90 seconds left.\n|\n|t:|1701184447\n|-terastallize|p2b: Krookodile|Steel\n|-terastallize|p1a: Geodude|Ghost\n|move|p2a: Meowscarada|Flower Trick|p2b: Krookodile\n|-start|p2a: Meowscarada|typechange|Grass|[from] ability: Protean\n|-resisted|p2b: Krookodile\n|-crit|p2b: Krookodile\n|-damage|p2b: Krookodile|65\/100\n|-setboost|p2b: Krookodile|atk|6|[from] ability: Anger Point\n|move|p2b: Krookodile|Earthquake|p1b: Arcanine|[spread] p2a,p1a,p1b\n|-resisted|p2a: Meowscarada\n|-supereffective|p1b: Arcanine\n|-enditem|p2a: Meowscarada|Focus Sash\n|-damage|p2a: Meowscarada|1\/100\n|-ability|p1a: Geodude|Sturdy\n|-damage|p1a: Geodude|9\/100\n|-enditem|p1b: Arcanine|Focus Sash\n|-damage|p1b: Arcanine|1\/100\n|move|p1b: Arcanine|Fire Blast|p2a: Meowscarada|[miss]\n|-miss|p1b: Arcanine|p2a: Meowscarada\n|move|p1a: Geodude|Earthquake|p2b: Krookodile|[spread] p1b,p2a,p2b\n|-supereffective|p1b: Arcanine\n|-resisted|p2a: Meowscarada\n|-supereffective|p2b: Krookodile\n|-damage|p1b: Arcanine|0 fnt\n|-damage|p2a: Meowscarada|0 fnt\n|-damage|p2b: Krookodile|65\/100\n|faint|p1b: Arcanine\n|faint|p2a: Meowscarada\n|-heal|p1a: Geodude|17\/100|[from] item: Shell Bell|[of] p2b: Krookodile\n|\n|upkeep\n|inactive|Rainbozo has 120 seconds left.\n|c|\u2606Rainbozo|?\n|c|\u2606Rainbozo|whats ur plan\n|\n|t:|1701184491\n|switch|p2a: Ogerpon|Ogerpon-Wellspring, F|100\/100\n|switch|p1b: Leafeon|Leafeon, M|100\/100\n|turn|2\n|\n|t:|1701184513\n|move|p2a: Ogerpon|Follow Me|p2a: Ogerpon\n|-singleturn|p2a: Ogerpon|move: Follow Me\n|move|p2b: Krookodile|Rock Slide|p1b: Leafeon|[spread] p1a,p1b\n|-crit|p1b: Leafeon\n|-damage|p1a: Geodude|0 fnt\n|-damage|p1b: Leafeon|8\/100\n|faint|p1a: Geodude\n|cant|p1b: Leafeon|flinch\n|\n|upkeep\n|\n|t:|1701184525\n|switch|p1a: Chien-Pao|Chien-Pao|100\/100\n|-ability|p1a: Chien-Pao|Sword of Ruin\n|turn|3\n|c|\u2606Rainbozo|:)\n|\n|t:|1701184540\n|move|p2a: Ogerpon|Follow Me|p2a: Ogerpon\n|-singleturn|p2a: Ogerpon|move: Follow Me\n|move|p1a: Chien-Pao|Blizzard|p2a: Ogerpon|[spread] p2a,p2b\n|-resisted|p2b: Krookodile\n|-crit|p2b: Krookodile\n|-damage|p2a: Ogerpon|74\/100\n|-damage|p2b: Krookodile|39\/100\n|move|p2b: Krookodile|Rock Slide|p1b: Leafeon|[spread] p1a,p1b\n|-supereffective|p1a: Chien-Pao\n|-enditem|p1a: Chien-Pao|Focus Sash\n|-damage|p1a: Chien-Pao|1\/100\n|-damage|p1b: Leafeon|0 fnt\n|faint|p1b: Leafeon\n|\n|upkeep\n|turn|4\n|\n|t:|1701184563\n|move|p2a: Ogerpon|Follow Me|p2a: Ogerpon\n|-singleturn|p2a: Ogerpon|move: Follow Me\n|move|p1a: Chien-Pao|Blizzard|p2a: Ogerpon|[spread] p2a,p2b\n|-resisted|p2b: Krookodile\n|-crit|p2b: Krookodile\n|-damage|p2a: Ogerpon|49\/100\n|-damage|p2b: Krookodile|12\/100\n|-status|p2a: Ogerpon|frz\n|move|p2b: Krookodile|Earthquake|p1a: Chien-Pao|[spread] p2a,p1a\n|-resisted|p2a: Ogerpon\n|-crit|p1a: Chien-Pao\n|-damage|p2a: Ogerpon|0 fnt\n|-damage|p1a: Chien-Pao|0 fnt\n|faint|p2a: Ogerpon\n|faint|p1a: Chien-Pao\n|\n|win|Rainbozo\n|raw|joel.hi's rating: 1000 &rarr; <strong>1000<\/strong><br \/>(+0 for losing)\n|raw|Rainbozo's rating: 1100 &rarr; <strong>1118<\/strong><br \/>(+18 for winning)\n|l|\u2606joel.hi\n|l|\u2606Rainbozo\n|j|\u2606Rainbozo\n|player|p2|Rainbozo|169\n","uploadtime":1701184600,"views":5,"p1id":"joelhi","p2id":"rainbozo","formatid":"gen9doublesou","rating":1000,"private":0,"password":""}