{"id":"gen9doublesou-1997143097","p1":"PokemonOG92 #4489","p2":"Rainbozo","format":"[Gen 9] Doubles OU","log":"|j|\u2606PokemonOG92 #4489\n|j|\u2606Rainbozo\n|t:|1700768860\n|gametype|doubles\n|player|p1|PokemonOG92 #4489|hilbert|1122\n|player|p2|Rainbozo|101|1079\n|teamsize|p1|6\n|teamsize|p2|6\n|gen|9\n|tier|[Gen 9] Doubles OU\n|rated|\n|rule|Species Clause: Limit one of each Pok\u00e9mon\n|rule|OHKO Clause: OHKO moves are banned\n|rule|Evasion Moves Clause: Evasion moves are banned\n|rule|Gravity Sleep Clause: The combination of sleep-inducing moves with imperfect accuracy and Gravity or Gigantamax Orbeetle are banned\n|rule|Endless Battle Clause: Forcing endless battles is banned\n|rule|HP Percentage Mod: HP is shown in percentages\n|clearpoke\n|poke|p1|Trevenant, M|\n|poke|p1|Chandelure, M|\n|poke|p1|Sinistcha|\n|poke|p1|Tornadus, M|\n|poke|p1|Torkoal, M|\n|poke|p1|Snorlax, F|\n|poke|p2|Amoonguss, F|\n|poke|p2|Volcarona, M|\n|poke|p2|Sinistcha-Masterpiece|\n|poke|p2|Kommo-o, F|\n|poke|p2|Armarouge, F|\n|poke|p2|Indeedee, M|\n|teampreview\n|inactive|Battle timer is ON: inactive players will automatically lose when time's up. (requested by PokemonOG92 #4489)\n|inactive|PokemonOG92 #4489 has 120 seconds left.\n|\n|t:|1700768893\n|start\n|switch|p1a: Tornadus|Tornadus, M|100\/100\n|switch|p1b: Torkoal|Torkoal, M|100\/100\n|switch|p2a: Amoonguss|Amoonguss, F|100\/100\n|switch|p2b: Volcarona|Volcarona, M|100\/100\n|-weather|SunnyDay|[from] ability: Drought|[of] p1b: Torkoal\n|turn|1\n|inactive|PokemonOG92 #4489 has 120 seconds left.\n|inactive|Rainbozo has 120 seconds left.\n|\n|t:|1700768941\n|move|p2a: Amoonguss|Rage Powder|p2a: Amoonguss\n|-singleturn|p2a: Amoonguss|move: Rage Powder\n|move|p1a: Tornadus|Taunt|p2a: Amoonguss\n|-start|p2a: Amoonguss|move: Taunt\n|move|p2b: Volcarona|Quiver Dance|p2b: Volcarona\n|-boost|p2b: Volcarona|spa|1\n|-boost|p2b: Volcarona|spd|1\n|-boost|p2b: Volcarona|spe|1\n|move|p1b: Torkoal|Yawn|p2a: Amoonguss\n|-start|p2a: Amoonguss|move: Yawn|[of] p1b: Torkoal\n|\n|-weather|SunnyDay|[upkeep]\n|upkeep\n|turn|2\n|inactive|Rainbozo has 120 seconds left.\n|\n|t:|1700768960\n|switch|p1b: Chandelure|Chandelure, M|100\/100\n|move|p2b: Volcarona|Quiver Dance|p2b: Volcarona\n|-boost|p2b: Volcarona|spa|1\n|-boost|p2b: Volcarona|spd|1\n|-boost|p2b: Volcarona|spe|1\n|move|p1a: Tornadus|Fling|p1b: Chandelure\n|-supereffective|p1b: Chandelure\n|-damage|p1b: Chandelure|94\/100\n|-start|p1b: Chandelure|move: Focus Energy\n|-enditem|p1b: Chandelure|Weakness Policy\n|-boost|p1b: Chandelure|atk|2|[from] item: Weakness Policy\n|-boost|p1b: Chandelure|spa|2|[from] item: Weakness Policy\n|-enditem|p1a: Tornadus|Lansat Berry|[from] move: Fling\n|move|p2a: Amoonguss|Pollen Puff|p2b: Volcarona\n|-immune|p2b: Volcarona\n|\n|-weather|SunnyDay|[upkeep]\n|-end|p2a: Amoonguss|move: Yawn|[silent]\n|-status|p2a: Amoonguss|slp\n|upkeep\n|turn|3\n|inactive|Rainbozo has 120 seconds left.\n|inactive|PokemonOG92 #4489 has 120 seconds left.\n|\n|t:|1700768992\n|switch|p1a: Trevenant|Trevenant, M|100\/100\n|-terastallize|p1b: Chandelure|Grass\n|move|p2b: Volcarona|Bug Buzz|p1b: Chandelure\n|-supereffective|p1b: Chandelure\n|-crit|p1b: Chandelure\n|-damage|p1b: Chandelure|0 fnt\n|faint|p1b: Chandelure\n|-damage|p2b: Volcarona|91\/100|[from] item: Life Orb\n|cant|p2a: Amoonguss|slp\n|\n|-weather|SunnyDay|[upkeep]\n|upkeep\n|inactive|PokemonOG92 #4489 has 120 seconds left.\n|-message|PokemonOG92 #4489 forfeited.\n|\n|win|Rainbozo\n|raw|PokemonOG92 #4489's rating: 1122 &rarr; <strong>1094<\/strong><br \/>(-28 for losing)\n|raw|Rainbozo's rating: 1079 &rarr; <strong>1111<\/strong><br \/>(+32 for winning)\n|l|\u2606PokemonOG92 #4489\n","uploadtime":1700769010,"views":4,"p1id":"pokemonog924489","p2id":"rainbozo","formatid":"gen9doublesou","rating":1094,"private":0,"password":""}