{"id":"gen9doublesou-1970986095","p1":"scamisha iman","p2":"mf_salvador","format":"[Gen 9] Doubles OU","log":"|j|\u2606scamisha iman\n|j|\u2606mf_salvador\n|inactive|Battle timer is ON: inactive players will automatically lose when time's up.\n|t:|1697688626\n|gametype|doubles\n|player|p1|scamisha iman|winona|\n|player|p2|mf_salvador|169|\n|teamsize|p1|2\n|teamsize|p2|2\n|gen|9\n|tier|[Gen 9] Doubles OU\n|rated|Tournament battle\n|rule|Species Clause: Limit one of each Pok\u00e9mon\n|rule|OHKO Clause: OHKO moves are banned\n|rule|Evasion Moves Clause: Evasion moves are banned\n|rule|Gravity Sleep Clause: The combination of sleep-inducing moves with imperfect accuracy and Gravity or Gigantamax Orbeetle are banned\n|rule|Endless Battle Clause: Forcing endless battles is banned\n|rule|HP Percentage Mod: HP is shown in percentages\n|clearpoke\n|poke|p1|Crawdaunt, M|\n|poke|p1|Gardevoir, M|\n|poke|p2|Grimmsnarl, M|\n|poke|p2|Maushold-Four|\n|teampreview\n|j|*Lady Monita \u263d\n|c|\u2606mf_salvador|glhf\n|j| ZacianBoi101\n|\n|t:|1697688631\n|start\n|switch|p1a: Crawdaunt|Crawdaunt, M|100\/100\n|switch|p1b: Gardevoir|Gardevoir, M, shiny|100\/100\n|switch|p2a: Grimmsnarl|Grimmsnarl, M|100\/100\n|switch|p2b: Maushold|Maushold-Four|100\/100\n|-ability|p1b: Gardevoir|Technician|[from] ability: Trace|[of] p2b: Maushold\n|turn|1\n|\n|t:|1697688647\n|-terastallize|p2b: Maushold|Normal\n|-terastallize|p1a: Crawdaunt|Poison\n|move|p2a: Grimmsnarl|Fake Out|p1b: Gardevoir\n|-damage|p1b: Gardevoir|75\/100\n|cant|p1b: Gardevoir|flinch\n|move|p2b: Maushold|Population Bomb|p1a: Crawdaunt\n|-damage|p1a: Crawdaunt|80\/100\n|-damage|p1a: Crawdaunt|58\/100\n|-damage|p1a: Crawdaunt|37\/100\n|-damage|p1a: Crawdaunt|15\/100\n|-damage|p1a: Crawdaunt|0 fnt\n|faint|p1a: Crawdaunt\n|-hitcount|p1: Crawdaunt|5\n|\n|upkeep\n|turn|2\n|\n|t:|1697688662\n|move|p2a: Grimmsnarl|Sucker Punch|p1b: Gardevoir\n|-damage|p1b: Gardevoir|12\/100\n|move|p1b: Gardevoir|Psychic|p2b: Maushold\n|-damage|p2b: Maushold|38\/100\n|move|p2b: Maushold|Population Bomb|p1b: Gardevoir\n|-damage|p1b: Gardevoir|0 fnt\n|faint|p1b: Gardevoir\n|-hitcount|p1: Gardevoir|1\n|\n|win|mf_salvador\n|n|\u2606scamisha iman|scamishaiman\n|n|\u2606mf_salvador|mfsalvador\n|n|*Lady Monita \u263d|ladymonita\n|n| ZacianBoi101|zacianboi101\n","uploadtime":1697688663,"views":8,"p1id":"scamishaiman","p2id":"mfsalvador","formatid":"gen9doublesou","rating":0,"private":0,"password":""}