{"id":"gen9doublesou-1978719198","p1":"Kelp5854","p2":"CastDeezNuts","format":"[Gen 9] Doubles OU","log":"|j|\u2606Kelp5854\n|j|\u2606CastDeezNuts\n|t:|1698586528\n|gametype|doubles\n|player|p1|Kelp5854|brawly|1139\n|player|p2|CastDeezNuts|n|1250\n|teamsize|p1|6\n|teamsize|p2|6\n|gen|9\n|tier|[Gen 9] Doubles OU\n|rated|\n|rule|Species Clause: Limit one of each Pok\u00e9mon\n|rule|OHKO Clause: OHKO moves are banned\n|rule|Evasion Moves Clause: Evasion moves are banned\n|rule|Gravity Sleep Clause: The combination of sleep-inducing moves with imperfect accuracy and Gravity or Gigantamax Orbeetle are banned\n|rule|Endless Battle Clause: Forcing endless battles is banned\n|rule|HP Percentage Mod: HP is shown in percentages\n|clearpoke\n|poke|p1|Iron Hands|\n|poke|p1|Gholdengo|\n|poke|p1|Snorlax, M|\n|poke|p1|Sinistcha|\n|poke|p1|Landorus-Therian, M|\n|poke|p1|Ogerpon-Wellspring, F|\n|poke|p2|Chi-Yu|\n|poke|p2|Torkoal, M|\n|poke|p2|Tornadus, M|\n|poke|p2|Flutter Mane|\n|poke|p2|Lilligant-Hisui, F|\n|poke|p2|Walking Wake|\n|teampreview\n|inactive|Battle timer is ON: inactive players will automatically lose when time's up. (requested by CastDeezNuts)\n|inactive|Kelp5854 has 120 seconds left.\n|\n|t:|1698586583\n|start\n|switch|p1a: Snorlax|Snorlax, M|100\/100\n|switch|p1b: Sinistcha|Sinistcha|100\/100\n|switch|p2a: Torkoal|Torkoal, M|100\/100\n|switch|p2b: Chi-Yu|Chi-Yu|100\/100\n|-ability|p2b: Chi-Yu|Beads of Ruin\n|-weather|SunnyDay|[from] ability: Drought|[of] p2a: Torkoal\n|turn|1\n|\n|t:|1698586611\n|-terastallize|p1b: Sinistcha|Fire\n|move|p1a: Snorlax|Protect|p1a: Snorlax\n|-singleturn|p1a: Snorlax|Protect\n|move|p2b: Chi-Yu|Heat Wave|p1b: Sinistcha|[spread] p1b\n|-activate|p1a: Snorlax|move: Protect\n|-resisted|p1b: Sinistcha\n|-damage|p1b: Sinistcha|58\/100\n|move|p2a: Torkoal|Eruption|p1a: Snorlax|[spread] p1b\n|-activate|p1a: Snorlax|move: Protect\n|-resisted|p1b: Sinistcha\n|-damage|p1b: Sinistcha|10\/100\n|move|p1b: Sinistcha|Trick Room|p1b: Sinistcha\n|-fieldstart|move: Trick Room|[of] p1b: Sinistcha\n|\n|-weather|SunnyDay|[upkeep]\n|upkeep\n|turn|2\n|inactive|Kelp5854 has 120 seconds left.\n|\n|t:|1698586641\n|switch|p1b: Landorus|Landorus-Therian, M|100\/100\n|-ability|p1b: Landorus|Intimidate|boost\n|-unboost|p2a: Torkoal|atk|1\n|-unboost|p2b: Chi-Yu|atk|1\n|move|p2b: Chi-Yu|Protect|p2b: Chi-Yu\n|-singleturn|p2b: Chi-Yu|Protect\n|move|p2a: Torkoal|Heat Wave|p1a: Snorlax|[spread] p1a,p1b\n|-damage|p1a: Snorlax|54\/100\n|-damage|p1b: Landorus|7\/100\n|move|p1a: Snorlax|Earthquake|p2b: Chi-Yu|[spread] p2a\n|-activate|p2b: Chi-Yu|move: Protect\n|-immune|p1b: Landorus\n|-supereffective|p2a: Torkoal\n|-damage|p2a: Torkoal|75\/100\n|\n|-weather|SunnyDay|[upkeep]\n|upkeep\n|turn|3\n|inactive|Kelp5854 has 120 seconds left.\n|\n|t:|1698586675\n|switch|p2b: Tornadus|Tornadus, M|100\/100\n|move|p2a: Torkoal|Eruption|p1a: Snorlax|[spread] p1a,p1b\n|-damage|p1a: Snorlax|16\/100\n|-damage|p1b: Landorus|0 fnt\n|-enditem|p1a: Snorlax|Sitrus Berry|[eat]\n|-heal|p1a: Snorlax|41\/100|[from] item: Sitrus Berry\n|faint|p1b: Landorus\n|move|p1a: Snorlax|Earthquake|p2b: Tornadus|[spread] p2a\n|-immune|p2b: Tornadus\n|-supereffective|p2a: Torkoal\n|-damage|p2a: Torkoal|47\/100\n|\n|-weather|SunnyDay|[upkeep]\n|upkeep\n|\n|t:|1698586690\n|switch|p1b: Sinistcha|Sinistcha, tera:Fire|10\/100\n|-heal|p1a: Snorlax|66\/100|[from] ability: Hospitality|[of] p1b: Sinistcha\n|turn|4\n|inactive|Kelp5854 has 120 seconds left.\n|\n|t:|1698586714\n|move|p2a: Torkoal|Heat Wave|p1a: Snorlax|[spread] p1a,p1b\n|-resisted|p1b: Sinistcha\n|-damage|p1a: Snorlax|35\/100\n|-damage|p1b: Sinistcha|0 fnt\n|faint|p1b: Sinistcha\n|move|p1a: Snorlax|Facade|p2a: Torkoal\n|-damage|p2a: Torkoal|27\/100\n|move|p2b: Tornadus|Bleakwind Storm|p1a: Snorlax|[miss]\n|-miss|p2b: Tornadus|p1a: Snorlax\n|\n|-weather|SunnyDay|[upkeep]\n|upkeep\n|-message|Kelp5854 forfeited.\n|\n|win|CastDeezNuts\n|raw|Kelp5854's rating: 1139 &rarr; <strong>1122<\/strong><br \/>(-17 for losing)\n|raw|CastDeezNuts's rating: 1250 &rarr; <strong>1267<\/strong><br \/>(+17 for winning)\n|l|\u2606Kelp5854\n","uploadtime":1698586733,"views":26,"p1id":"kelp5854","p2id":"castdeeznuts","formatid":"gen9doublesou","rating":1122,"private":0,"password":""}