{"id":"gen9doublesou-2000220982","p1":"Kondroid","p2":"Stanley7724","format":"[Gen 9] Doubles OU","log":"|j|\u2606Kondroid\n|j|\u2606Stanley7724\n|t:|1701173974\n|gametype|doubles\n|player|p1|Kondroid|hilbert-wonderlauncher|1340\n|player|p2|Stanley7724|2|1204\n|teamsize|p1|6\n|teamsize|p2|6\n|gen|9\n|tier|[Gen 9] Doubles OU\n|rated|\n|rule|Species Clause: Limit one of each Pok\u00e9mon\n|rule|OHKO Clause: OHKO moves are banned\n|rule|Evasion Moves Clause: Evasion moves are banned\n|rule|Gravity Sleep Clause: The combination of sleep-inducing moves with imperfect accuracy and Gravity or Gigantamax Orbeetle are banned\n|rule|Endless Battle Clause: Forcing endless battles is banned\n|rule|HP Percentage Mod: HP is shown in percentages\n|clearpoke\n|poke|p1|Tyranitar, F|\n|poke|p1|Houndstone, M|\n|poke|p1|Goodra-Hisui, F|\n|poke|p1|Bombirdier, M|\n|poke|p1|Sandaconda, M|\n|poke|p1|Glimmora, F|\n|poke|p2|Amoonguss, M|\n|poke|p2|Tsareena, F|\n|poke|p2|Rillaboom, M|\n|poke|p2|Arboliva, M|\n|poke|p2|Meowscarada, M|\n|poke|p2|Sinistcha-Masterpiece|\n|teampreview\n|inactive|Battle timer is ON: inactive players will automatically lose when time's up. (requested by Kondroid)\n|inactive|Stanley7724 has 120 seconds left.\n|\n|t:|1701174009\n|start\n|switch|p1a: Tyranitar|Tyranitar, F|100\/100\n|switch|p1b: Bombirdier|Bombirdier, M|100\/100\n|switch|p2a: Rillaboom|Rillaboom, M, shiny|100\/100\n|switch|p2b: Arboliva|Arboliva, M, shiny|100\/100\n|-fieldstart|move: Grassy Terrain|[from] ability: Grassy Surge|[of] p2a: Rillaboom\n|-weather|Sandstorm|[from] ability: Sand Stream|[of] p1a: Tyranitar\n|turn|1\n|\n|t:|1701174020\n|move|p1a: Tyranitar|Protect|p1a: Tyranitar\n|-singleturn|p1a: Tyranitar|Protect\n|move|p2a: Rillaboom|Fake Out|p1b: Bombirdier\n|-damage|p1b: Bombirdier|82\/100\n|-damage|p2a: Rillaboom|84\/100|[from] item: Rocky Helmet|[of] p1b: Bombirdier\n|cant|p1b: Bombirdier|flinch\n|move|p2b: Arboliva|Hyper Voice|p1a: Tyranitar|[spread] p1b\n|-activate|p1a: Tyranitar|move: Protect\n|-damage|p1b: Bombirdier|40\/100\n|-enditem|p2b: Arboliva|Throat Spray\n|-boost|p2b: Arboliva|spa|1|[from] item: Throat Spray\n|\n|-weather|Sandstorm|[upkeep]\n|-damage|p1b: Bombirdier|34\/100|[from] Sandstorm\n|-damage|p2a: Rillaboom|78\/100|[from] Sandstorm\n|-damage|p2b: Arboliva|95\/100|[from] Sandstorm\n|-heal|p2a: Rillaboom|84\/100|[from] Grassy Terrain\n|-heal|p2b: Arboliva|100\/100|[from] Grassy Terrain\n|upkeep\n|turn|2\n|\n|t:|1701174046\n|switch|p1a: Goodra|Goodra-Hisui, F|100\/100\n|move|p1b: Bombirdier|Brave Bird|p2b: Arboliva\n|-supereffective|p2b: Arboliva\n|-damage|p2b: Arboliva|0 fnt\n|faint|p2b: Arboliva\n|-damage|p1b: Bombirdier|0 fnt|[from] Recoil\n|faint|p1b: Bombirdier\n|move|p2a: Rillaboom|Knock Off|p1a: Goodra\n|-damage|p1a: Goodra|71\/100\n|-enditem|p1a: Goodra|Assault Vest|[from] move: Knock Off|[of] p2a: Rillaboom\n|\n|-weather|Sandstorm|[upkeep]\n|-damage|p2a: Rillaboom|78\/100|[from] Sandstorm\n|-heal|p2a: Rillaboom|84\/100|[from] Grassy Terrain\n|-heal|p1a: Goodra|77\/100|[from] Grassy Terrain\n|upkeep\n|\n|t:|1701174058\n|switch|p1b: Glimmora|Glimmora, F|100\/100\n|switch|p2b: Tsareena|Tsareena, F, shiny|100\/100\n|turn|3\n|\n|t:|1701174065\n|move|p1b: Glimmora|Mortal Spin|p2a: Rillaboom|[spread] p2a,p2b\n|-supereffective|p2a: Rillaboom\n|-supereffective|p2b: Tsareena\n|-damage|p2a: Rillaboom|76\/100\n|-damage|p2b: Tsareena|92\/100\n|-status|p2a: Rillaboom|psn\n|-status|p2b: Tsareena|psn\n|move|p2a: Rillaboom|Swords Dance|p2a: Rillaboom\n|-boost|p2a: Rillaboom|atk|2\n|move|p2b: Tsareena|Knock Off|p1a: Goodra\n|-damage|p1a: Goodra|56\/100\n|move|p1a: Goodra|Sludge Bomb|p2a: Rillaboom\n|-supereffective|p2a: Rillaboom\n|-damage|p2a: Rillaboom|0 fnt\n|faint|p2a: Rillaboom\n|\n|-weather|Sandstorm|[upkeep]\n|-damage|p2b: Tsareena|86\/100 psn|[from] Sandstorm\n|-heal|p2b: Tsareena|92\/100 psn|[from] Grassy Terrain\n|-heal|p1a: Goodra|62\/100|[from] Grassy Terrain\n|-damage|p2b: Tsareena|80\/100 psn|[from] psn\n|upkeep\n|j| CeluiKiConeRi1\n|\n|t:|1701174075\n|switch|p2a: Meowscarada|Meowscarada, M, shiny|100\/100\n|turn|4\n|\n|t:|1701174095\n|-terastallize|p2a: Meowscarada|Grass\n|move|p2a: Meowscarada|Petal Blizzard|p1b: Glimmora|[spread] p2b,p1b\n|-ability|p1a: Goodra|Sap Sipper|boost\n|-boost|p1a: Goodra|atk|1\n|-resisted|p2b: Tsareena\n|-damage|p2b: Tsareena|50\/100 psn\n|-damage|p1b: Glimmora|9\/100\n|-activate|p1b: Glimmora|ability: Toxic Debris\n|-sidestart|p2: Stanley7724|move: Toxic Spikes\n|-damage|p2a: Meowscarada|91\/100|[from] item: Life Orb\n|move|p1b: Glimmora|Dazzling Gleam|p2a: Meowscarada|[spread] p2a,p2b\n|-damage|p2a: Meowscarada|55\/100\n|-damage|p2b: Tsareena|32\/100 psn\n|move|p2b: Tsareena|Power Whip|p1a: Goodra\n|-ability|p1a: Goodra|Sap Sipper|boost\n|-boost|p1a: Goodra|atk|1\n|move|p1a: Goodra|Flamethrower|p2b: Tsareena\n|-supereffective|p2b: Tsareena\n|-damage|p2b: Tsareena|0 fnt\n|faint|p2b: Tsareena\n|\n|-weather|Sandstorm|[upkeep]\n|-damage|p2a: Meowscarada|49\/100|[from] Sandstorm\n|-heal|p2a: Meowscarada|55\/100|[from] Grassy Terrain\n|-heal|p1b: Glimmora|15\/100|[from] Grassy Terrain\n|-heal|p1b: Glimmora|21\/100|[from] item: Leftovers\n|-heal|p1a: Goodra|68\/100|[from] Grassy Terrain\n|upkeep\n|j| Nephtyrix\n|-message|Stanley7724 forfeited.\n|\n|win|Kondroid\n|raw|Kondroid's rating: 1340 &rarr; <strong>1353<\/strong><br \/>(+13 for winning)\n|raw|Stanley7724's rating: 1204 &rarr; <strong>1188<\/strong><br \/>(-16 for losing)\n|l|\u2606Stanley7724\n|c| CeluiKiConeRi1|t con ou quoi\n|c| Nephtyrix|?\n","uploadtime":1701174123,"views":15,"p1id":"kondroid","p2id":"stanley7724","formatid":"gen9doublesou","rating":1188,"private":0,"password":""}