{"id":"gen9doublesou-1991987431","p1":"OPieceOfHeroGhost","p2":"joekerr17","format":"[Gen 9] Doubles OU","log":"|j|\u2606OPieceOfHeroGhost\n|j|\u2606joekerr17\n|t:|1700145385\n|gametype|doubles\n|player|p1|OPieceOfHeroGhost|morty|1524\n|player|p2|joekerr17|dahlia|1393\n|teamsize|p1|6\n|teamsize|p2|6\n|gen|9\n|tier|[Gen 9] Doubles OU\n|rated|\n|rule|Species Clause: Limit one of each Pok\u00e9mon\n|rule|OHKO Clause: OHKO moves are banned\n|rule|Evasion Moves Clause: Evasion moves are banned\n|rule|Gravity Sleep Clause: The combination of sleep-inducing moves with imperfect accuracy and Gravity or Gigantamax Orbeetle are banned\n|rule|Endless Battle Clause: Forcing endless battles is banned\n|rule|HP Percentage Mod: HP is shown in percentages\n|clearpoke\n|poke|p1|Amoonguss, F|\n|poke|p1|Volcanion|\n|poke|p1|Iron Hands|\n|poke|p1|Flutter Mane|\n|poke|p1|Landorus-Therian, M|\n|poke|p1|Rillaboom, F|\n|poke|p2|Arcanine-Hisui, M|\n|poke|p2|Chesnaught, M|\n|poke|p2|Rillaboom, F|\n|poke|p2|Kommo-o, M|\n|poke|p2|Milotic, M|\n|poke|p2|Sandy Shocks|\n|teampreview\n|inactive|Battle timer is ON: inactive players will automatically lose when time's up. (requested by joekerr17)\n|\n|t:|1700145415\n|start\n|switch|p1a: \u62cd\u6253\u7329|Rillaboom, F|100\/100\n|switch|p1b: \u8fd9\u4e2a\u5df4\u5c14\u51ef\u5c3c\u6069\u7942\u80fd\u5e72\u4ec0\u4e48\uff1f|Volcanion|100\/100\n|switch|p2a: Chesnaught|Chesnaught, M|100\/100\n|switch|p2b: Sandy Shocks|Sandy Shocks|100\/100\n|-fieldstart|move: Grassy Terrain|[from] ability: Grassy Surge|[of] p1a: \u62cd\u6253\u7329\n|turn|1\n|\n|t:|1700145443\n|move|p1a: \u62cd\u6253\u7329|Fake Out|p2a: Chesnaught\n|-damage|p2a: Chesnaught|89\/100\n|move|p2b: Sandy Shocks|Thunderbolt|p1b: \u8fd9\u4e2a\u5df4\u5c14\u51ef\u5c3c\u6069\u7942\u80fd\u5e72\u4ec0\u4e48\uff1f\n|-supereffective|p1b: \u8fd9\u4e2a\u5df4\u5c14\u51ef\u5c3c\u6069\u7942\u80fd\u5e72\u4ec0\u4e48\uff1f\n|-damage|p1b: \u8fd9\u4e2a\u5df4\u5c14\u51ef\u5c3c\u6069\u7942\u80fd\u5e72\u4ec0\u4e48\uff1f|41\/100\n|cant|p2a: Chesnaught|flinch\n|move|p1b: \u8fd9\u4e2a\u5df4\u5c14\u51ef\u5c3c\u6069\u7942\u80fd\u5e72\u4ec0\u4e48\uff1f|Heat Wave|p2b: Sandy Shocks|[spread] p2a,p2b\n|-supereffective|p2a: Chesnaught\n|-damage|p2a: Chesnaught|7\/100\n|-damage|p2b: Sandy Shocks|56\/100\n|\n|-heal|p2b: Sandy Shocks|62\/100|[from] Grassy Terrain\n|-heal|p2a: Chesnaught|13\/100|[from] Grassy Terrain\n|-heal|p1b: \u8fd9\u4e2a\u5df4\u5c14\u51ef\u5c3c\u6069\u7942\u80fd\u5e72\u4ec0\u4e48\uff1f|47\/100|[from] Grassy Terrain\n|upkeep\n|turn|2\n|\n|t:|1700145465\n|switch|p1b: \u5de8\u722a\u7f57\u65af|Landorus-Therian, M|100\/100\n|-ability|p1b: \u5de8\u722a\u7f57\u65af|Intimidate|boost\n|-unboost|p2a: Chesnaught|atk|1\n|-unboost|p2b: Sandy Shocks|atk|1\n|move|p2a: Chesnaught|Spiky Shield|p2a: Chesnaught\n|-singleturn|p2a: Chesnaught|move: Protect\n|move|p1a: \u62cd\u6253\u7329|Grassy Glide|p2b: Sandy Shocks\n|-supereffective|p2b: Sandy Shocks\n|-damage|p2b: Sandy Shocks|0 fnt\n|faint|p2b: Sandy Shocks\n|-end|p2b: Sandy Shocks|Protosynthesis|[silent]\n|\n|-heal|p2a: Chesnaught|19\/100|[from] Grassy Terrain\n|upkeep\n|\n|t:|1700145475\n|switch|p2b: Kommo-o|Kommo-o, M|100\/100\n|turn|3\n|\n|t:|1700145488\n|-terastallize|p1b: \u5de8\u722a\u7f57\u65af|Flying\n|move|p2a: Chesnaught|Grassy Glide|p1b: \u5de8\u722a\u7f57\u65af\n|-resisted|p1b: \u5de8\u722a\u7f57\u65af\n|-damage|p1b: \u5de8\u722a\u7f57\u65af|79\/100\n|move|p1b: \u5de8\u722a\u7f57\u65af|Tera Blast|p2b: Kommo-o|[anim] Tera Blast Flying\n|-supereffective|p2b: Kommo-o\n|-damage|p2b: Kommo-o|0 fnt\n|faint|p2b: Kommo-o\n|move|p1a: \u62cd\u6253\u7329|U-turn|p2a: Chesnaught\n|-damage|p2a: Chesnaught|0 fnt\n|faint|p2a: Chesnaught\n|-message|joekerr17 forfeited.\n|\n|win|OPieceOfHeroGhost\n|raw|OPieceOfHeroGhost's rating: 1524 &rarr; <strong>1537<\/strong><br \/>(+13 for winning)\n|raw|joekerr17's rating: 1393 &rarr; <strong>1380<\/strong><br \/>(-13 for losing)\n|l|\u2606joekerr17\n|l|\u2606OPieceOfHeroGhost\n|j|\u2606OPieceOfHeroGhost\n|player|p1|OPieceOfHeroGhost|morty\n","uploadtime":1700145543,"views":9,"p1id":"opieceofheroghost","p2id":"joekerr17","formatid":"gen9doublesou","rating":1380,"private":0,"password":""}