{"id":"gen9doublesou-1974319458","p1":"cotesmcgotes","p2":"miltonrxngell","format":"[Gen 9] Doubles OU","log":"|j|\u2606cotesmcgotes\n|j|\u2606miltonrxngell\n|t:|1698077548\n|gametype|doubles\n|player|p1|cotesmcgotes|flannery|1425\n|player|p2|miltonrxngell|dawn-gen4pt|1323\n|teamsize|p1|6\n|teamsize|p2|6\n|gen|9\n|tier|[Gen 9] Doubles OU\n|rated|\n|rule|Species Clause: Limit one of each Pok\u00e9mon\n|rule|OHKO Clause: OHKO moves are banned\n|rule|Evasion Moves Clause: Evasion moves are banned\n|rule|Gravity Sleep Clause: The combination of sleep-inducing moves with imperfect accuracy and Gravity or Gigantamax Orbeetle are banned\n|rule|Endless Battle Clause: Forcing endless battles is banned\n|rule|HP Percentage Mod: HP is shown in percentages\n|clearpoke\n|poke|p1|Cresselia, F|\n|poke|p1|Manaphy|\n|poke|p1|Okidogi, M|\n|poke|p1|Sinistcha-Masterpiece|\n|poke|p1|Ogerpon-Hearthflame, F|\n|poke|p1|Roaring Moon|\n|poke|p2|Ninetales-Alola, F|\n|poke|p2|Kilowattrel, M|\n|poke|p2|Leavanny, F|\n|poke|p2|Mamoswine, F|\n|poke|p2|Chandelure, M|\n|poke|p2|Milotic, F|\n|teampreview\n|inactive|Battle timer is ON: inactive players will automatically lose when time's up. (requested by cotesmcgotes)\n|\n|t:|1698077584\n|start\n|switch|p1a: Cresselia|Cresselia, F|100\/100\n|switch|p1b: Manaphy|Manaphy|100\/100\n|switch|p2a: Ninetales|Ninetales-Alola, F, shiny|100\/100\n|switch|p2b: Kilowattrel|Kilowattrel, M, shiny|100\/100\n|-weather|Snow|[from] ability: Snow Warning|[of] p2a: Ninetales\n|turn|1\n|inactive|miltonrxngell has 120 seconds left.\n|\n|t:|1698077638\n|-terastallize|p1b: Manaphy|Electric\n|move|p2b: Kilowattrel|Tailwind|p2b: Kilowattrel\n|-sidestart|p2: miltonrxngell|move: Tailwind\n|-start|p2b: Kilowattrel|Charge|Tailwind|[from] ability: Wind Power\n|move|p2a: Ninetales|Aurora Veil|p2a: Ninetales\n|-sidestart|p2: miltonrxngell|move: Aurora Veil\n|move|p1b: Manaphy|Tail Glow|p1b: Manaphy\n|-boost|p1b: Manaphy|spa|3\n|move|p1a: Cresselia|Skill Swap|p1b: Manaphy\n|-activate|p1a: Cresselia|move: Skill Swap|||[of] p1b: Manaphy\n|\n|-weather|Snow|[upkeep]\n|upkeep\n|turn|2\n|inactive|miltonrxngell has 120 seconds left.\n|inactive|miltonrxngell has 90 seconds left.\n|inactive|miltonrxngell has 60 seconds left.\n|\n|t:|1698077725\n|move|p2b: Kilowattrel|Electro Ball|p1a: Cresselia\n|-damage|p1a: Cresselia|50\/100\n|-end|p2b: Kilowattrel|Charge|[silent]\n|move|p2a: Ninetales|Blizzard|p1a: Cresselia|[spread] p1a,p1b\n|-damage|p1a: Cresselia|35\/100\n|-damage|p1b: Manaphy|75\/100\n|move|p1b: Manaphy|Tail Glow|p1b: Manaphy\n|-boost|p1b: Manaphy|spa|3\n|move|p1a: Cresselia|Icy Wind|p2b: Kilowattrel|[spread] p2a,p2b\n|-resisted|p2a: Ninetales\n|-supereffective|p2b: Kilowattrel\n|-damage|p2a: Ninetales|97\/100\n|-damage|p2b: Kilowattrel|83\/100\n|-unboost|p2a: Ninetales|spe|1\n|-unboost|p2b: Kilowattrel|spe|1\n|-start|p2b: Kilowattrel|Charge|Icy Wind|[from] ability: Wind Power\n|\n|-weather|Snow|[upkeep]\n|-heal|p1b: Manaphy|81\/100|[from] item: Leftovers\n|upkeep\n|turn|3\n|inactive|miltonrxngell has 60 seconds left.\n|inactive|miltonrxngell has 30 seconds left.\n|inactive|miltonrxngell has 20 seconds left.\n|\n|t:|1698077771\n|move|p2b: Kilowattrel|Volt Switch|p1a: Cresselia\n|-damage|p1a: Cresselia|5\/100\n|-end|p2b: Kilowattrel|Charge|[silent]\n|inactive|miltonrxngell has 25 seconds left this turn.\n|\n|t:|1698077775\n|switch|p2b: Milotic|Milotic, F, shiny|100\/100|[from] Volt Switch\n|move|p2a: Ninetales|Blizzard|p1b: Manaphy|[spread] p1a,p1b\n|-crit|p1b: Manaphy\n|-damage|p1a: Cresselia|0 fnt\n|-damage|p1b: Manaphy|40\/100\n|faint|p1a: Cresselia\n|move|p1b: Manaphy|Stored Power|p2b: Milotic\n|-damage|p2b: Milotic|9\/100\n|\n|-weather|Snow|[upkeep]\n|-heal|p1b: Manaphy|46\/100|[from] item: Leftovers\n|-status|p2b: Milotic|brn|[from] item: Flame Orb\n|upkeep\n|inactive|miltonrxngell has 30 seconds left this turn.\n|inactive|cotesmcgotes has 120 seconds left.\n|\n|t:|1698077805\n|switch|p1a: Sinistcha|Sinistcha-Masterpiece|100\/100\n|-heal|p1b: Manaphy|71\/100|[from] ability: Hospitality|[of] p1a: Sinistcha\n|turn|4\n|inactive|miltonrxngell has 30 seconds left.\n|inactive|miltonrxngell has 20 seconds left.\n|inactive|miltonrxngell has 15 seconds left.\n|inactive|miltonrxngell has 10 seconds left.\n|inactive|miltonrxngell has 5 seconds left.\n|-message|miltonrxngell lost due to inactivity.\n|\n|win|cotesmcgotes\n|raw|cotesmcgotes's rating: 1425 &rarr; <strong>1439<\/strong><br \/>(+14 for winning)\n|raw|miltonrxngell's rating: 1323 &rarr; <strong>1309<\/strong><br \/>(-14 for losing)\n|l|\u2606miltonrxngell\n","uploadtime":1698077928,"views":21,"p1id":"cotesmcgotes","p2id":"miltonrxngell","formatid":"gen9doublesou","rating":1309,"private":0,"password":""}