{"id":"gen9doublesou-1977665343","p1":"sparkyboii200","p2":"cosmior","format":"[Gen 9] Doubles OU","log":"|j|\u2606sparkyboii200\n|j|\u2606cosmior\n|t:|1698436633\n|gametype|doubles\n|player|p1|sparkyboii200|volkner-masters|\n|player|p2|cosmior|lucas|\n|teamsize|p1|6\n|teamsize|p2|3\n|gen|9\n|tier|[Gen 9] Doubles OU\n|rule|Species Clause: Limit one of each Pok\u00e9mon\n|rule|OHKO Clause: OHKO moves are banned\n|rule|Evasion Moves Clause: Evasion moves are banned\n|rule|Gravity Sleep Clause: The combination of sleep-inducing moves with imperfect accuracy and Gravity or Gigantamax Orbeetle are banned\n|rule|Endless Battle Clause: Forcing endless battles is banned\n|rule|HP Percentage Mod: HP is shown in percentages\n|clearpoke\n|poke|p1|Chien-Pao|\n|poke|p1|Jolteon, M|\n|poke|p1|Ninetales-Alola, F|\n|poke|p1|Chi-Yu|\n|poke|p1|Landorus-Therian, M|\n|poke|p1|Iron Hands|\n|poke|p2|Cramorant, F|\n|poke|p2|Torkoal, M|\n|poke|p2|Leafeon, M|\n|teampreview\n|inactive|Battle timer is ON: inactive players will automatically lose when time's up. (requested by sparkyboii200)\n|\n|t:|1698436647\n|start\n|switch|p1a: Chi-Yu|Chi-Yu|100\/100\n|switch|p1b: Vamp|Ninetales-Alola, F|100\/100\n|switch|p2a: Torkoal|Torkoal, M|100\/100\n|switch|p2b: Leafeon|Leafeon, M|100\/100\n|-weather|Snow|[from] ability: Snow Warning|[of] p1b: Vamp\n|-ability|p1a: Chi-Yu|Beads of Ruin\n|turn|1\n|\n|t:|1698436660\n|move|p2b: Leafeon|Helping Hand|p2a: Torkoal\n|-singleturn|p2a: Torkoal|Helping Hand|[of] p2b: Leafeon\n|move|p1b: Vamp|Blizzard|p2b: Leafeon|[spread] p2a,p2b\n|-resisted|p2a: Torkoal\n|-supereffective|p2b: Leafeon\n|-damage|p2a: Torkoal|74\/100\n|-damage|p2b: Leafeon|0 fnt\n|faint|p2b: Leafeon\n|move|p1a: Chi-Yu|Heat Wave|p2a: Torkoal\n|-resisted|p2a: Torkoal\n|-damage|p2a: Torkoal|8\/100\n|move|p2a: Torkoal|Earthquake|p1b: Vamp|[spread] p1a,p1b\n|-supereffective|p1a: Chi-Yu\n|-damage|p1a: Chi-Yu|3\/100\n|-damage|p1b: Vamp|68\/100\n|\n|-weather|Snow|[upkeep]\n|-heal|p2a: Torkoal|14\/100|[from] item: Leftovers\n|upkeep\n|\n|t:|1698436678\n|switch|p2b: Cramorant|Cramorant, F|100\/100\n|turn|2\n|\n|t:|1698436685\n|move|p1b: Vamp|Blizzard|p2a: Torkoal|[spread] p2a,p2b\n|-resisted|p2a: Torkoal\n|-damage|p2a: Torkoal|0 fnt\n|-damage|p2b: Cramorant|60\/100\n|-status|p2b: Cramorant|frz\n|faint|p2a: Torkoal\n|move|p1a: Chi-Yu|Heat Wave|p2b: Cramorant\n|-resisted|p2b: Cramorant\n|-damage|p2b: Cramorant|6\/100 frz\n|-curestatus|p2b: Cramorant|frz|[msg]\n|move|p2b: Cramorant|Surf|p1b: Vamp|[spread] p1a,p1b\n|-formechange|p2b: Cramorant|Cramorant-Gorging|\n|-supereffective|p1a: Chi-Yu\n|-damage|p1a: Chi-Yu|0 fnt\n|-damage|p1b: Vamp|25\/100\n|faint|p1a: Chi-Yu\n|\n|-weather|Snow|[upkeep]\n|-heal|p2b: Cramorant|12\/100|[from] item: Leftovers\n|upkeep\n|\n|t:|1698436693\n|switch|p1a: Iron Hands|Iron Hands|100\/100\n|turn|3\n|\n|t:|1698436700\n|move|p1a: Iron Hands|Fake Out|p2b: Cramorant\n|-damage|p2b: Cramorant|0 fnt\n|-damage|p1a: Iron Hands|76\/100|[from] ability: Gulp Missile|[of] p2b: Cramorant\n|-formechange|p2b: Cramorant|Cramorant|\n|faint|p2b: Cramorant\n|\n|win|sparkyboii200\n|l|\u2606sparkyboii200\n","uploadtime":1698436772,"views":15,"p1id":"sparkyboii200","p2id":"cosmior","formatid":"gen9doublesou","rating":0,"private":0,"password":""}