{"id":"gen9doublesou-1979066907","p1":"digoxaolin23","p2":"Slimmsnarl","format":"[Gen 9] Doubles OU","log":"|j|\u2606digoxaolin23\n|j|\u2606Slimmsnarl\n|t:|1698627928\n|gametype|doubles\n|player|p1|digoxaolin23|cynthia-gen4|1138\n|player|p2|Slimmsnarl|brycenman|1155\n|teamsize|p1|6\n|teamsize|p2|6\n|gen|9\n|tier|[Gen 9] Doubles OU\n|rated|\n|rule|Species Clause: Limit one of each Pok\u00e9mon\n|rule|OHKO Clause: OHKO moves are banned\n|rule|Evasion Moves Clause: Evasion moves are banned\n|rule|Gravity Sleep Clause: The combination of sleep-inducing moves with imperfect accuracy and Gravity or Gigantamax Orbeetle are banned\n|rule|Endless Battle Clause: Forcing endless battles is banned\n|rule|HP Percentage Mod: HP is shown in percentages\n|clearpoke\n|poke|p1|Heatran, F|\n|poke|p1|Garchomp, F|\n|poke|p1|Chien-Pao|\n|poke|p1|Gholdengo|\n|poke|p1|Murkrow, M|\n|poke|p1|Maushold|\n|poke|p2|Iron Hands|\n|poke|p2|Camerupt, M|\n|poke|p2|Trevenant, F|\n|poke|p2|Torkoal, M|\n|poke|p2|Cresselia, F|\n|poke|p2|Goodra-Hisui, M|\n|teampreview\n|\n|t:|1698627941\n|start\n|switch|p1a: Garchomp|Garchomp, F|100\/100\n|switch|p1b: Murkrow|Murkrow, M, shiny|100\/100\n|switch|p2a: Trevenant|Trevenant, F, shiny|100\/100\n|switch|p2b: Torkoal|Torkoal, M, shiny|100\/100\n|-weather|SunnyDay|[from] ability: Drought|[of] p2b: Torkoal\n|turn|1\n|\n|t:|1698627959\n|move|p2a: Trevenant|Ally Switch|p2a: Trevenant\n|swap|p2a: Trevenant|1|[from] move: Ally Switch\n|move|p1b: Murkrow|Tailwind|p1b: Murkrow\n|-sidestart|p1: digoxaolin23|move: Tailwind\n|move|p1a: Garchomp|Earthquake|p2a: Torkoal|[spread] p2a,p2b\n|-immune|p1b: Murkrow\n|-supereffective|p2a: Torkoal\n|-resisted|p2b: Trevenant\n|-damage|p2a: Torkoal|14\/100\n|-damage|p2b: Trevenant|71\/100\n|-damage|p1a: Garchomp|91\/100|[from] item: Life Orb\n|move|p2a: Torkoal|Eruption|p1a: Garchomp|[spread] p1a,p1b\n|-resisted|p1a: Garchomp\n|-damage|p1a: Garchomp|84\/100\n|-damage|p1b: Murkrow|90\/100\n|\n|-weather|SunnyDay|[upkeep]\n|upkeep\n|turn|2\n|\n|t:|1698627976\n|move|p2a: Torkoal|Protect|p2a: Torkoal\n|-singleturn|p2a: Torkoal|Protect\n|move|p1a: Garchomp|Earthquake|p2a: Torkoal|[spread] p2b\n|-activate|p2a: Torkoal|move: Protect\n|-immune|p1b: Murkrow\n|-resisted|p2b: Trevenant\n|-damage|p2b: Trevenant|41\/100\n|-damage|p1a: Garchomp|74\/100|[from] item: Life Orb\n|move|p1b: Murkrow|Foul Play|p2b: Trevenant\n|-supereffective|p2b: Trevenant\n|-damage|p2b: Trevenant|0 fnt\n|faint|p2b: Trevenant\n|\n|-weather|SunnyDay|[upkeep]\n|upkeep\n|-message|Slimmsnarl forfeited.\n|\n|win|digoxaolin23\n|raw|digoxaolin23's rating: 1138 &rarr; <strong>1164<\/strong><br \/>(+26 for winning)\n|raw|Slimmsnarl's rating: 1155 &rarr; <strong>1129<\/strong><br \/>(-26 for losing)\n|l|\u2606Slimmsnarl\n","uploadtime":1698627999,"views":19,"p1id":"digoxaolin23","p2id":"slimmsnarl","formatid":"gen9doublesou","rating":1129,"private":0,"password":""}