{"id":"gen9doublesou-1989341922","p1":"Aleoncio-z","p2":"Im dumb srly","format":"[Gen 9] Doubles OU","log":"|j|\u2606Aleoncio-z\n|j|\u2606Im dumb srly\n|inactive|Battle timer is ON: inactive players will automatically lose when time's up.\n|t:|1699838478\n|gametype|doubles\n|player|p1|Aleoncio-z|dragontamer|\n|player|p2|Im dumb srly|cheryl|\n|teamsize|p1|2\n|teamsize|p2|2\n|gen|9\n|tier|[Gen 9] Doubles OU\n|rated|Tournament battle\n|rule|Species Clause: Limit one of each Pok\u00e9mon\n|rule|OHKO Clause: OHKO moves are banned\n|rule|Evasion Moves Clause: Evasion moves are banned\n|rule|Gravity Sleep Clause: The combination of sleep-inducing moves with imperfect accuracy and Gravity or Gigantamax Orbeetle are banned\n|rule|Endless Battle Clause: Forcing endless battles is banned\n|rule|HP Percentage Mod: HP is shown in percentages\n|clearpoke\n|poke|p1|Volcarona, F|\n|poke|p1|Toedscruel, M|\n|poke|p2|Gholdengo|\n|poke|p2|Ursaluna-Bloodmoon, M|\n|teampreview\n|j|*Lady Monita \u2746\n|inactive|Aleoncio-z has 120 seconds left.\n|\n|t:|1699838519\n|start\n|switch|p1a: Volcarona|Volcarona, F|100\/100\n|switch|p1b: Toedscruel|Toedscruel, M|100\/100\n|switch|p2a: \u2728|Gholdengo, shiny|100\/100\n|switch|p2b: \ud83d\udc3b|Ursaluna-Bloodmoon, M|100\/100\n|turn|1\n|inactive|Im dumb srly has 120 seconds left.\n|\n|t:|1699838560\n|-terastallize|p2a: \u2728|Water\n|move|p1a: Volcarona|Heat Wave|p2b: \ud83d\udc3b|[spread] p2b\n|-miss|p1a: Volcarona|p2a: \u2728\n|-damage|p2b: \ud83d\udc3b|38\/100\n|move|p1b: Toedscruel|Energy Ball|p2b: \ud83d\udc3b\n|-supereffective|p2b: \ud83d\udc3b\n|-damage|p2b: \ud83d\udc3b|0 fnt\n|faint|p2b: \ud83d\udc3b\n|move|p2a: \u2728|Shadow Ball|p1a: Volcarona\n|-damage|p1a: Volcarona|34\/100\n|\n|upkeep\n|turn|2\n|\n|t:|1699838576\n|move|p1a: Volcarona|Heat Wave|p2a: \u2728|[miss]\n|-miss|p1a: Volcarona|p2a: \u2728\n|move|p1b: Toedscruel|Energy Ball|p2a: \u2728\n|-supereffective|p2a: \u2728\n|-damage|p2a: \u2728|15\/100\n|move|p2a: \u2728|Shadow Ball|p1a: Volcarona\n|-damage|p1a: Volcarona|0 fnt\n|faint|p1a: Volcarona\n|\n|upkeep\n|turn|3\n|c|\u2606Im dumb srly|Gg\n|j| DreamyFleur\n|c|\u2606Im dumb srly|I lost\n|\n|t:|1699838588\n|move|p1b: Toedscruel|Energy Ball|p2a: \u2728\n|-supereffective|p2a: \u2728\n|-damage|p2a: \u2728|0 fnt\n|faint|p2a: \u2728\n|\n|win|Aleoncio-z\n|n|\u2606Aleoncio-z|aleoncioz\n|n|\u2606Im dumb srly|imdumbsrly\n|n|*Lady Monita \u2746|ladymonita\n|n| DreamyFleur|dreamyfleur\n","uploadtime":1699838589,"views":11,"p1id":"aleoncioz","p2id":"imdumbsrly","formatid":"gen9doublesou","rating":0,"private":0,"password":""}