{"id":"gen9doublesou-1967993449","p1":"Propela","p2":"sngm1105","format":"[Gen 9] Doubles OU","log":"|html|<div class=\"broadcast-blue\"><strong>[Gen 9] Doubles OU is currently suspecting Basculegion & Flutter Mane! For information on how to participate check out the <a href=\"https:\/\/www.smogon.com\/forums\/threads\/np-sv-dou-stage-8-double-trouble.3729153\/\">suspect thread<\/a>.<\/strong><\/div>\n|j|\u2606Propela\n|j|\u2606sngm1105\n|t:|1697371164\n|gametype|doubles\n|player|p1|Propela|cynthia|1297\n|player|p2|sngm1105|dawn-gen4pt|1149\n|teamsize|p1|6\n|teamsize|p2|6\n|gen|9\n|tier|[Gen 9] Doubles OU\n|rated|\n|rule|Species Clause: Limit one of each Pok\u00e9mon\n|rule|OHKO Clause: OHKO moves are banned\n|rule|Evasion Moves Clause: Evasion moves are banned\n|rule|Gravity Sleep Clause: The combination of sleep-inducing moves with imperfect accuracy and Gravity or Gigantamax Orbeetle are banned\n|rule|Endless Battle Clause: Forcing endless battles is banned\n|rule|HP Percentage Mod: HP is shown in percentages\n|clearpoke\n|poke|p1|Cresselia, F|\n|poke|p1|Landorus-Therian, M|\n|poke|p1|Ninetales-Alola, M|\n|poke|p1|Greninja-*, M|\n|poke|p1|Heatran, F|\n|poke|p1|Iron Valiant|\n|poke|p2|Ogerpon-Wellspring, F|\n|poke|p2|Tornadus, M|\n|poke|p2|Landorus-Therian, M|\n|poke|p2|Chi-Yu|\n|poke|p2|Flutter Mane|\n|poke|p2|Iron Hands|\n|teampreview\n|inactive|Battle timer is ON: inactive players will automatically lose when time's up. (requested by Propela)\n|\n|t:|1697371178\n|start\n|switch|p1a: Ninetales|Ninetales-Alola, M|100\/100\n|switch|p1b: Cresselia|Cresselia, F|100\/100\n|switch|p2a: Flutter Mane|Flutter Mane|100\/100\n|switch|p2b: Chi-Yu|Chi-Yu|100\/100\n|-weather|Snow|[from] ability: Snow Warning|[of] p1a: Ninetales\n|-ability|p2b: Chi-Yu|Beads of Ruin\n|-enditem|p2a: Flutter Mane|Booster Energy\n|-activate|p2a: Flutter Mane|ability: Protosynthesis|[fromitem]\n|-start|p2a: Flutter Mane|protosynthesisspe\n|turn|1\n|\n|t:|1697371191\n|move|p2a: Flutter Mane|Sunny Day|p2a: Flutter Mane\n|-weather|SunnyDay\n|move|p1a: Ninetales|Aurora Veil||[still]\n|-fail|p1a: Ninetales\n|move|p2b: Chi-Yu|Heat Wave|p1a: Ninetales|[spread] p1a,p1b\n|-supereffective|p1a: Ninetales\n|-damage|p1a: Ninetales|0 fnt\n|-damage|p1b: Cresselia|33\/100\n|faint|p1a: Ninetales\n|-damage|p2b: Chi-Yu|91\/100|[from] item: Life Orb\n|move|p1b: Cresselia|Thunderbolt|p2a: Flutter Mane\n|-damage|p2a: Flutter Mane|72\/100\n|\n|-weather|SunnyDay|[upkeep]\n|-heal|p1b: Cresselia|39\/100|[from] item: Leftovers\n|upkeep\n|\n|t:|1697371200\n|switch|p1a: Landorus|Landorus-Therian, M|100\/100\n|-ability|p1a: Landorus|Intimidate|boost\n|-unboost|p2a: Flutter Mane|atk|1\n|-unboost|p2b: Chi-Yu|atk|1\n|turn|2\n|\n|t:|1697371210\n|-terastallize|p1a: Landorus|Ground\n|move|p1b: Cresselia|Helping Hand|p1a: Landorus\n|-singleturn|p1a: Landorus|Helping Hand|[of] p1b: Cresselia\n|move|p2a: Flutter Mane|Icy Wind|p1b: Cresselia|[spread] p1a,p1b\n|-supereffective|p1a: Landorus\n|-crit|p1a: Landorus\n|-damage|p1a: Landorus|28\/100\n|-damage|p1b: Cresselia|28\/100\n|-unboost|p1a: Landorus|spe|1\n|-unboost|p1b: Cresselia|spe|1\n|move|p2b: Chi-Yu|Heat Wave|p1a: Landorus|[spread] p1a,p1b\n|-crit|p1a: Landorus\n|-damage|p1a: Landorus|0 fnt\n|-damage|p1b: Cresselia|0 fnt\n|faint|p1a: Landorus\n|faint|p1b: Cresselia\n|-damage|p2b: Chi-Yu|81\/100|[from] item: Life Orb\n|\n|-weather|SunnyDay|[upkeep]\n|upkeep\n|l|\u2606Propela\n|inactive|Propela disconnected and has a minute to reconnect!\n|player|p1|\n|inactive|Propela has 30 seconds to reconnect!\n|inactive|Propela has 20 seconds to reconnect!\n|inactive|Propela has 15 seconds to reconnect!\n|inactive|Propela has 10 seconds to reconnect!\n|inactive|Propela has 5 seconds to reconnect!\n|-message|Propela lost due to inactivity.\n|\n|win|sngm1105\n|raw|Propela's rating: 1297 &rarr; <strong>1262<\/strong><br \/>(-35 for losing)\n|raw|sngm1105's rating: 1149 &rarr; <strong>1184<\/strong><br \/>(+35 for winning)\n","uploadtime":1697371293,"views":15,"p1id":"propela","p2id":"sngm1105","formatid":"gen9doublesou","rating":1184,"private":0,"password":""}