{"id":"gen9doublesou-1983349265","p1":"RiloBR","p2":"tipulipa","format":"[Gen 9] Doubles OU","log":"|j|\u2606RiloBR\n|j|\u2606tipulipa\n|t:|1699120824\n|gametype|doubles\n|player|p1|RiloBR|korrina|\n|player|p2|tipulipa|ghetsis-gen5bw|\n|teamsize|p1|6\n|teamsize|p2|6\n|gen|9\n|tier|[Gen 9] Doubles OU\n|rule|Species Clause: Limit one of each Pok\u00e9mon\n|rule|OHKO Clause: OHKO moves are banned\n|rule|Evasion Moves Clause: Evasion moves are banned\n|rule|Gravity Sleep Clause: The combination of sleep-inducing moves with imperfect accuracy and Gravity or Gigantamax Orbeetle are banned\n|rule|Endless Battle Clause: Forcing endless battles is banned\n|rule|HP Percentage Mod: HP is shown in percentages\n|clearpoke\n|poke|p1|Flutter Mane|\n|poke|p1|Chi-Yu|\n|poke|p1|Tornadus, M|\n|poke|p1|Farigiraf, M|\n|poke|p1|Iron Hands|\n|poke|p1|Amoonguss, F|\n|poke|p2|Clefairy, F|\n|poke|p2|Kommo-o, F|\n|poke|p2|Rillaboom, M|\n|poke|p2|Landorus-Therian, M|\n|poke|p2|Ursaluna, M|\n|poke|p2|Sinistcha|\n|teampreview\n|inactive|Battle timer is ON: inactive players will automatically lose when time's up. (requested by RiloBR)\n|c|\u2606tipulipa|porra\n|c|\u2606tipulipa|nunca joguei double na vida\n|c|\u2606RiloBR|kkkkkkkkkkk\n|c|\u2606tipulipa|pega uma tier decente\n|j| SeraphZ\u2605\n|inactive|RiloBR has 270 seconds left.\n|inactive|tipulipa has 270 seconds left.\n|c|\u2606RiloBR|doubles \u00e9 daora\n|c|\u2606tipulipa|nao sei da onde\n|c| SeraphZ\u2605|\u00e9 top\n|\n|t:|1699120880\n|start\n|switch|p1a: Chi-Yu|Chi-Yu|100\/100\n|switch|p1b: Tornadus|Tornadus, M|100\/100\n|switch|p2a: Landorus|Landorus-Therian, M|100\/100\n|switch|p2b: Ursaluna|Ursaluna, M|100\/100\n|-ability|p2a: Landorus|Intimidate|boost\n|-unboost|p1a: Chi-Yu|atk|1\n|-unboost|p1b: Tornadus|atk|1\n|-ability|p1a: Chi-Yu|Beads of Ruin\n|turn|1\n|c| SeraphZ\u2605|prepara\u00e7\u00e3o p dwc rilo\n|inactive|tipulipa has 270 seconds left.\n|c|\u2606RiloBR|s\n|\n|t:|1699120917\n|-terastallize|p1a: Chi-Yu|Ghost\n|move|p2b: Ursaluna|Protect|p2b: Ursaluna\n|-singleturn|p2b: Ursaluna|Protect\n|move|p1b: Tornadus|Sunny Day|p1b: Tornadus\n|-weather|SunnyDay\n|move|p2a: Landorus|U-turn|p1a: Chi-Yu\n|-resisted|p1a: Chi-Yu\n|-damage|p1a: Chi-Yu|78\/100\n|\n|t:|1699120929\n|switch|p2a: Sinistcha|Sinistcha|100\/100|[from] U-turn\n|move|p1a: Chi-Yu|Heat Wave|p2b: Ursaluna|[spread] p2a\n|-activate|p2b: Ursaluna|move: Protect\n|-supereffective|p2a: Sinistcha\n|-damage|p2a: Sinistcha|0 fnt\n|faint|p2a: Sinistcha\n|\n|-weather|SunnyDay|[upkeep]\n|-status|p2b: Ursaluna|brn|[from] item: Flame Orb\n|upkeep\n|\n|t:|1699120949\n|switch|p2a: Kommo-o|Kommo-o, F|100\/100\n|turn|2\n|inactive|tipulipa has 270 seconds left.\n|\n|t:|1699120984\n|move|p1b: Tornadus|Tailwind|p1b: Tornadus\n|-sidestart|p1: RiloBR|move: Tailwind\n|move|p1a: Chi-Yu|Heat Wave|p2a: Kommo-o|[spread] p2b\n|-miss|p1a: Chi-Yu|p2a: Kommo-o\n|-damage|p2b: Ursaluna|0 fnt\n|faint|p2b: Ursaluna\n|move|p2a: Kommo-o|Clangorous Soul|p2a: Kommo-o\n|-boost|p2a: Kommo-o|atk|1\n|-boost|p2a: Kommo-o|def|1\n|-boost|p2a: Kommo-o|spa|1\n|-boost|p2a: Kommo-o|spd|1\n|-boost|p2a: Kommo-o|spe|1\n|-damage|p2a: Kommo-o|68\/100\n|\n|-weather|SunnyDay|[upkeep]\n|upkeep\n|\n|t:|1699120993\n|switch|p2b: Landorus|Landorus-Therian, M|100\/100\n|-ability|p2b: Landorus|Intimidate|boost\n|-unboost|p1a: Chi-Yu|atk|1\n|-unboost|p1b: Tornadus|atk|1\n|turn|3\n|inactive|tipulipa has 240 seconds left.\n|\n|t:|1699121025\n|move|p1b: Tornadus|Bleakwind Storm|p2b: Landorus|[spread] p2a\n|-miss|p1b: Tornadus|p2b: Landorus\n|-supereffective|p2a: Kommo-o\n|-damage|p2a: Kommo-o|3\/100\n|move|p1a: Chi-Yu|Heat Wave|p2a: Kommo-o|[spread] p2a,p2b\n|-resisted|p2a: Kommo-o\n|-damage|p2a: Kommo-o|0 fnt\n|-damage|p2b: Landorus|0 fnt\n|faint|p2a: Kommo-o\n|faint|p2b: Landorus\n|\n|-weather|SunnyDay|[upkeep]\n|upkeep\n|inactive|tipulipa has 240 seconds left.\n|-message|tipulipa forfeited.\n|\n|win|RiloBR\n|c|\u2606tipulipa|gg\n|c|\u2606tipulipa|tier mais chata\n|c|\u2606tipulipa|kkk\n|l| SeraphZ\u2605\n","uploadtime":1699121936,"views":40,"p1id":"rilobr","p2id":"tipulipa","formatid":"gen9doublesou","rating":0,"private":0,"password":""}