{"id":"gen9doublesou-1972661542","p1":"Fragments","p2":"inertialinitiative","format":"[Gen 9] Doubles OU","log":"|j|\u2606Fragments\n|j|\u2606inertialinitiative\n|inactive|Battle timer is ON: inactive players will automatically lose when time's up.\n|t:|1697872830\n|gametype|doubles\n|player|p1|Fragments|#omplxisolgaleos|\n|player|p2|inertialinitiative|pokemonranger-gen4|\n|teamsize|p1|6\n|teamsize|p2|6\n|gen|9\n|tier|[Gen 9] Doubles OU\n|rated|Tournament battle\n|rule|Species Clause: Limit one of each Pok\u00e9mon\n|rule|OHKO Clause: OHKO moves are banned\n|rule|Evasion Moves Clause: Evasion moves are banned\n|rule|Gravity Sleep Clause: The combination of sleep-inducing moves with imperfect accuracy and Gravity or Gigantamax Orbeetle are banned\n|rule|Endless Battle Clause: Forcing endless battles is banned\n|rule|HP Percentage Mod: HP is shown in percentages\n|clearpoke\n|poke|p1|Chien-Pao|\n|poke|p1|Dragonite, F|\n|poke|p1|Flutter Mane|\n|poke|p1|Chi-Yu|\n|poke|p1|Tornadus, M|\n|poke|p1|Landorus, M|\n|poke|p2|Iron Hands|\n|poke|p2|Ogerpon-Hearthflame, F|\n|poke|p2|Chien-Pao|\n|poke|p2|Ninetales-Alola, F|\n|poke|p2|Chimecho, F|\n|poke|p2|Flutter Mane|\n|teampreview\n|j|*Lady Monita \u263d\n|j| BB-8-NU\n|j| vkhss\n|j| PokeArt2004\u2764\n|j| GeniusFromHoenn\n|j| beeboop4\n|inactive|Fragments has 120 seconds left.\n|j| Goomy Guy12345\n|c|\u2606Fragments|that is a chimecho\n|c|\u2606Fragments|what the hell\n|\n|t:|1697872888\n|start\n|switch|p1a: Tornadus|Tornadus, M|100\/100\n|switch|p1b: Flutter Mane|Flutter Mane|100\/100\n|switch|p2a: Iron Hands|Iron Hands|100\/100\n|switch|p2b: Ninetales|Ninetales-Alola, F|100\/100\n|-weather|Snow|[from] ability: Snow Warning|[of] p2b: Ninetales\n|turn|1\n|c| beeboop4|exactly\n|c| PokeArt2004\u2764|I said the same thing\n|c| beeboop4|what the hell\n|c|\u2606inertialinitiative|that is two jenies\n|c|\u2606inertialinitiative|what the hell\n|\n|t:|1697872906\n|move|p2a: Iron Hands|Fake Out|p1a: Tornadus\n|-damage|p1a: Tornadus|85\/100\n|move|p1a: Tornadus|Taunt|p2b: Ninetales\n|-start|p2b: Ninetales|move: Taunt\n|move|p1b: Flutter Mane|Dazzling Gleam|p2a: Iron Hands|[spread] p2a,p2b\n|-supereffective|p2a: Iron Hands\n|-crit|p2a: Iron Hands\n|-crit|p2b: Ninetales\n|-damage|p2a: Iron Hands|0 fnt\n|-damage|p2b: Ninetales|34\/100\n|faint|p2a: Iron Hands\n|-end|p2a: Iron Hands|Quark Drive|[silent]\n|cant|p2b: Ninetales|move: Taunt|Aurora Veil\n|\n|-weather|Snow|[upkeep]\n|upkeep\n|c|\u2606inertialinitiative|what....\n|c|\u2606Fragments|ok chill flutter\n|inactive|inertialinitiative has 120 seconds left.\n|j| Sawario\n|c|\u2606inertialinitiative|oh covert\n|c|\u2606inertialinitiative|right\n|\n|t:|1697872936\n|switch|p2a: Chien-Pao|Chien-Pao|100\/100\n|-ability|p2a: Chien-Pao|Sword of Ruin\n|turn|2\n|l| Sawario\n|inactive|inertialinitiative has 120 seconds left.\n|c| beeboop4|this looks like it wont take 51 turns\n|\n|t:|1697872975\n|switch|p2b: Ogerpon|Ogerpon-Hearthflame, F|100\/100\n|-ability|p2b: Ogerpon|Mold Breaker\n|move|p1a: Tornadus|Tailwind|p1a: Tornadus\n|-sidestart|p1: Fragments|move: Tailwind\n|move|p1b: Flutter Mane|Dazzling Gleam|p2b: Ogerpon|[spread] p2a,p2b\n|-supereffective|p2a: Chien-Pao\n|-resisted|p2b: Ogerpon\n|-enditem|p2a: Chien-Pao|Focus Sash\n|-damage|p2a: Chien-Pao|1\/100\n|-damage|p2b: Ogerpon|75\/100\n|move|p2a: Chien-Pao|Ice Spinner|p1a: Tornadus\n|-supereffective|p1a: Tornadus\n|-damage|p1a: Tornadus|0 fnt\n|faint|p1a: Tornadus\n|\n|-weather|Snow|[upkeep]\n|upkeep\n|c|\u2606Fragments|how did the last game take that long\n|c| beeboop4|uhhh\n|c| beeboop4|stall\n|c| beeboop4|denial\n|c|\u2606Fragments|who brings stall\n|c|\u2606Fragments|to dou\n|c|\u2606Fragments|give me his name\n|c| beeboop4|mostyl denial\n|c|\u2606Fragments|oh it was you\n|inactive|Fragments has 120 seconds left.\n|c| beeboop4|no\n|\n|t:|1697873013\n|switch|p1a: Chi-Yu|Chi-Yu|100\/100\n|-ability|p1a: Chi-Yu|Beads of Ruin\n|turn|3\n|c| PokeArt2004\u2764|it was not him.\n|j|@Gentle Dragonite\n|c|\u2606Fragments|was it inert\n|c| beeboop4|ya\n|c|\u2606inertialinitiative|it's not stall lol\n|inactive|inertialinitiative has 120 seconds left.\n|c| beeboop4|it wasnt\n|inactive|Fragments has 120 seconds left.\n|c| beeboop4|i had no offense\n|\n|t:|1697873043\n|move|p2b: Ogerpon|Protect|p2b: Ogerpon\n|-singleturn|p2b: Ogerpon|Protect\n|move|p2a: Chien-Pao|Sucker Punch|p1b: Flutter Mane\n|-damage|p1b: Flutter Mane|22\/100\n|move|p1a: Chi-Yu|Heat Wave|p2a: Chien-Pao|[spread] p2a\n|-activate|p2b: Ogerpon|move: Protect\n|-supereffective|p2a: Chien-Pao\n|-damage|p2a: Chien-Pao|0 fnt\n|faint|p2a: Chien-Pao\n|move|p1b: Flutter Mane|Dazzling Gleam|p2b: Ogerpon\n|-activate|p2b: Ogerpon|move: Protect\n|\n|-weather|Snow|[upkeep]\n|upkeep\n|\n|t:|1697873053\n|switch|p2a: Flutter Mane|Flutter Mane|100\/100\n|-enditem|p2a: Flutter Mane|Booster Energy\n|-activate|p2a: Flutter Mane|ability: Protosynthesis|[fromitem]\n|-start|p2a: Flutter Mane|protosynthesisspe\n|turn|4\n|inactive|inertialinitiative has 120 seconds left.\n|\n|t:|1697873087\n|move|p1a: Chi-Yu|Heat Wave|p2a: Flutter Mane|[spread] p2a,p2b\n|-damage|p2a: Flutter Mane|48\/100\n|-damage|p2b: Ogerpon|21\/100\n|-status|p2a: Flutter Mane|brn\n|move|p1b: Flutter Mane|Dazzling Gleam|p2b: Ogerpon|[spread] p2a,p2b\n|-resisted|p2b: Ogerpon\n|-damage|p2a: Flutter Mane|0 fnt\n|-damage|p2b: Ogerpon|0 fnt\n|faint|p2a: Flutter Mane\n|-end|p2a: Flutter Mane|Protosynthesis|[silent]\n|faint|p2b: Ogerpon\n|\n|-weather|Snow|[upkeep]\n|upkeep\n|j| Spitfire arcanine\n|\n|t:|1697873098\n|switch|p2a: Chimecho|Chimecho, F|100\/100\n|switch|p2b: Ninetales|Ninetales-Alola, F|34\/100\n|turn|5\n|inactive|inertialinitiative has 120 seconds left.\n|\n|t:|1697873105\n|-terastallize|p2a: Chimecho|Fairy\n|move|p2b: Ninetales|Protect|p2b: Ninetales\n|-singleturn|p2b: Ninetales|Protect\n|move|p1a: Chi-Yu|Heat Wave|p2a: Chimecho|[spread] p2a\n|-activate|p2b: Ninetales|move: Protect\n|-damage|p2a: Chimecho|47\/100\n|move|p1b: Flutter Mane|Dazzling Gleam|p2a: Chimecho|[spread] p2a\n|-activate|p2b: Ninetales|move: Protect\n|-damage|p2a: Chimecho|0 fnt\n|faint|p2a: Chimecho\n|\n|-weather|none\n|-sideend|p1: Fragments|move: Tailwind\n|upkeep\n|turn|6\n|c|\u2606Fragments|gg\n|c| beeboop4|good\n|l| Spitfire arcanine\n|c| beeboop4|kill it before it kills you\n|inactive|inertialinitiative has 120 seconds left.\n|c|\u2606inertialinitiative|it was cosmic stored\n|c|\u2606inertialinitiative|how was it stall\n|c| beeboop4|I KNOW\n|\n|t:|1697873141\n|move|p1a: Chi-Yu|Heat Wave|p2b: Ninetales\n|-supereffective|p2b: Ninetales\n|-damage|p2b: Ninetales|0 fnt\n|faint|p2b: Ninetales\n|\n|win|Fragments\n|n|\u2606Fragments|fragments\n|n|\u2606inertialinitiative|inertialinitiative\n|n|*Lady Monita \u263d|ladymonita\n|n| BB-8-NU|bb8nu\n|n| vkhss|vkhss\n|n| PokeArt2004\u2764|pokeart2004\n|n| GeniusFromHoenn|geniusfromhoenn\n|n| beeboop4|beeboop4\n|n| Goomy Guy12345|goomyguy12345\n|n|+Gentle Dragonite|gentledragonite\n","uploadtime":1697873142,"views":20,"p1id":"fragments","p2id":"inertialinitiative","formatid":"gen9doublesou","rating":0,"private":0,"password":""}