{"id":"gen9doublesou-1996996030","p1":"Pikesito","p2":"TJ799","format":"[Gen 9] Doubles OU","log":"|j|\u2606Pikesito\n|j|\u2606TJ799\n|inactive|Battle timer is ON: inactive players will automatically lose when time's up.\n|t:|1700753807\n|gametype|doubles\n|player|p1|Pikesito|penny|\n|player|p2|TJ799|1|\n|teamsize|p1|2\n|teamsize|p2|2\n|gen|9\n|tier|[Gen 9] Doubles OU\n|rated|Tournament battle\n|rule|Species Clause: Limit one of each Pok\u00e9mon\n|rule|OHKO Clause: OHKO moves are banned\n|rule|Evasion Moves Clause: Evasion moves are banned\n|rule|Gravity Sleep Clause: The combination of sleep-inducing moves with imperfect accuracy and Gravity or Gigantamax Orbeetle are banned\n|rule|Endless Battle Clause: Forcing endless battles is banned\n|rule|HP Percentage Mod: HP is shown in percentages\n|clearpoke\n|poke|p1|Farigiraf, F|\n|poke|p1|Mudsdale, M|\n|poke|p2|Conkeldurr, M|\n|poke|p2|Mienshao, M|\n|teampreview\n|j|*Lady Monita \u2746\n|inactive|Pikesito also wants the timer to be on.\n|j| darthdecidui\n|\n|t:|1700753811\n|start\n|switch|p1a: Farigiraf|Farigiraf, F|100\/100\n|switch|p1b: Mudsdale|Mudsdale, M|100\/100\n|switch|p2a: Mienshao|Mienshao, M|100\/100\n|switch|p2b: Conkeldurr|Conkeldurr, M|100\/100\n|turn|1\n|c|\u2606TJ799|gl\n|c|\u2606TJ799|not sure i make it past this team...\n|inactive|TJ799 has 120 seconds left.\n|\n|t:|1700753851\n|move|p2b: Conkeldurr|Protect|p2b: Conkeldurr\n|-singleturn|p2b: Conkeldurr|Protect\n|move|p2a: Mienshao|Fake Out||[still]\n|cant|p1a: Farigiraf|ability: Armor Tail|Fake Out|[of] p2a: Mienshao\n|move|p1a: Farigiraf|Psychic|p2b: Conkeldurr\n|-activate|p2b: Conkeldurr|move: Protect\n|move|p1b: Mudsdale|High Horsepower|p2a: Mienshao\n|-damage|p2a: Mienshao|25\/100\n|\n|-status|p2b: Conkeldurr|brn|[from] item: Flame Orb\n|upkeep\n|turn|2\n|j|^HEAVY-DUTY B0OTY\n|c|\u2606TJ799|that works on both?\n|c|\u2606TJ799|wow\n|c|\u2606TJ799|thats op as fuck\n|c|^HEAVY-DUTY B0OTY|go TJ!\n|inactive|TJ799 has 120 seconds left.\n|\n|t:|1700753895\n|move|p2a: Mienshao|High Jump Kick|p1a: Farigiraf\n|-damage|p1a: Farigiraf|37\/100\n|move|p1a: Farigiraf|Psychic|p2b: Conkeldurr\n|-supereffective|p2b: Conkeldurr\n|-damage|p2b: Conkeldurr|0 fnt\n|faint|p2b: Conkeldurr\n|move|p1b: Mudsdale|Body Press|p2a: Mienshao\n|-damage|p2a: Mienshao|0 fnt\n|faint|p2a: Mienshao\n|\n|win|Pikesito\n|n|\u2606Pikesito|pikesito\n|n|\u2606TJ799|tj799\n|n|*Lady Monita \u2746|ladymonita\n|n| darthdecidui|darthdecidui\n|n| HEAVY-DUTY B0OTY|heavydutyb0oty\n","uploadtime":1700753900,"views":3,"p1id":"pikesito","p2id":"tj799","formatid":"gen9doublesou","rating":0,"private":0,"password":""}