{"id":"gen9doublesou-1996206300","p1":"Slakings Lefse","p2":"cotesmcgotes","format":"[Gen 9] Doubles OU","log":"|j|\u2606Slakings Lefse\n|j|\u2606cotesmcgotes\n|t:|1700659058\n|gametype|doubles\n|player|p1|Slakings Lefse|170|1220\n|player|p2|cotesmcgotes|flannery|1224\n|teamsize|p1|6\n|teamsize|p2|6\n|gen|9\n|tier|[Gen 9] Doubles OU\n|rated|\n|rule|Species Clause: Limit one of each Pok\u00e9mon\n|rule|OHKO Clause: OHKO moves are banned\n|rule|Evasion Moves Clause: Evasion moves are banned\n|rule|Gravity Sleep Clause: The combination of sleep-inducing moves with imperfect accuracy and Gravity or Gigantamax Orbeetle are banned\n|rule|Endless Battle Clause: Forcing endless battles is banned\n|rule|HP Percentage Mod: HP is shown in percentages\n|clearpoke\n|poke|p1|Bellibolt, M|\n|poke|p1|Slowpoke, M|\n|poke|p1|Torkoal, M|\n|poke|p1|Sinistcha|\n|poke|p1|Ursaluna, M|\n|poke|p1|Iron Hands|\n|poke|p2|Cresselia, F|\n|poke|p2|Overqwil, F|\n|poke|p2|Tornadus, M|\n|poke|p2|Brute Bonnet|\n|poke|p2|Iron Valiant|\n|poke|p2|Walking Wake|\n|teampreview\n|inactive|Battle timer is ON: inactive players will automatically lose when time's up. (requested by cotesmcgotes)\n|\n|t:|1700659071\n|start\n|switch|p1a: Bellibolt|Bellibolt, M|100\/100\n|switch|p1b: Slowpoke|Slowpoke, M|100\/100\n|switch|p2a: Overqwil|Overqwil, F|100\/100\n|switch|p2b: Brute Bonnet|Brute Bonnet|100\/100\n|turn|1\n|\n|t:|1700659082\n|move|p1a: Bellibolt|Protect|p1a: Bellibolt\n|-singleturn|p1a: Bellibolt|Protect\n|move|p2a: Overqwil|Crunch|p1b: Slowpoke\n|-supereffective|p1b: Slowpoke\n|-damage|p1b: Slowpoke|55\/100\n|-unboost|p1b: Slowpoke|def|1\n|move|p2b: Brute Bonnet|Crunch|p1b: Slowpoke\n|-supereffective|p1b: Slowpoke\n|-damage|p1b: Slowpoke|0 fnt\n|faint|p1b: Slowpoke\n|\n|upkeep\n|c|\u2606Slakings Lefse|Whyyyy\n|\n|t:|1700659106\n|switch|p1b: Torkoal|Torkoal, M|100\/100\n|-weather|SunnyDay|[from] ability: Drought|[of] p1b: Torkoal\n|-activate|p2b: Brute Bonnet|ability: Protosynthesis\n|-start|p2b: Brute Bonnet|protosynthesisatk\n|turn|2\n|\n|t:|1700659119\n|move|p2a: Overqwil|Crunch|p1b: Torkoal\n|-damage|p1b: Torkoal|74\/100\n|move|p2b: Brute Bonnet|Crunch|p1b: Torkoal\n|-damage|p1b: Torkoal|28\/100\n|-unboost|p1b: Torkoal|def|1\n|move|p1a: Bellibolt|Discharge|p2a: Overqwil|[spread] p1b,p2a,p2b\n|-resisted|p2b: Brute Bonnet\n|-damage|p1b: Torkoal|0 fnt\n|-damage|p2a: Overqwil|58\/100\n|-damage|p2b: Brute Bonnet|89\/100\n|-status|p2b: Brute Bonnet|par\n|faint|p1b: Torkoal\n|\n|-weather|SunnyDay|[upkeep]\n|-heal|p2a: Overqwil|64\/100|[from] item: Black Sludge\n|-heal|p2b: Brute Bonnet|95\/100 par|[from] item: Leftovers\n|upkeep\n|\n|t:|1700659139\n|switch|p1b: Sinistcha|Sinistcha|100\/100\n|turn|3\n|\n|t:|1700659150\n|move|p2a: Overqwil|Crunch|p1b: Sinistcha\n|-supereffective|p1b: Sinistcha\n|-damage|p1b: Sinistcha|25\/100\n|-unboost|p1b: Sinistcha|def|1\n|move|p1b: Sinistcha|Matcha Gotcha|p2b: Brute Bonnet|[spread] p2a,p2b\n|-resisted|p2a: Overqwil\n|-resisted|p2b: Brute Bonnet\n|-damage|p2a: Overqwil|39\/100\n|-heal|p1b: Sinistcha|40\/100|[from] drain|[of] p2a: Overqwil\n|-damage|p2b: Brute Bonnet|82\/100 par\n|-heal|p1b: Sinistcha|50\/100|[from] drain|[of] p2b: Brute Bonnet\n|move|p1a: Bellibolt|Hyper Voice|p2b: Brute Bonnet|[spread] p2a,p2b\n|-damage|p2a: Overqwil|4\/100\n|-damage|p2b: Brute Bonnet|64\/100 par\n|cant|p2b: Brute Bonnet|par\n|\n|-weather|SunnyDay|[upkeep]\n|-heal|p2a: Overqwil|10\/100|[from] item: Black Sludge\n|-heal|p2b: Brute Bonnet|70\/100 par|[from] item: Leftovers\n|upkeep\n|turn|4\n|\n|t:|1700659175\n|-terastallize|p1a: Bellibolt|Electric\n|move|p2a: Overqwil|Crunch|p1b: Sinistcha\n|-supereffective|p1b: Sinistcha\n|-damage|p1b: Sinistcha|0 fnt\n|faint|p1b: Sinistcha\n|move|p1a: Bellibolt|Discharge|p2b: Brute Bonnet|[spread] p2a,p2b\n|-resisted|p2b: Brute Bonnet\n|-damage|p2a: Overqwil|0 fnt\n|-damage|p2b: Brute Bonnet|54\/100 par\n|faint|p2a: Overqwil\n|move|p2b: Brute Bonnet|Spore|p1a: Bellibolt\n|-status|p1a: Bellibolt|slp|[from] move: Spore\n|\n|-weather|SunnyDay|[upkeep]\n|-heal|p2b: Brute Bonnet|60\/100 par|[from] item: Leftovers\n|upkeep\n|inactive|Slakings Lefse has 120 seconds left.\n|l|\u2606Slakings Lefse\n|inactive|Slakings Lefse disconnected and has a minute to reconnect!\n|player|p1|\n|inactive|Slakings Lefse has 30 seconds to reconnect!\n|inactive|Slakings Lefse has 20 seconds to reconnect!\n|inactive|Slakings Lefse has 15 seconds to reconnect!\n|inactive|Slakings Lefse has 10 seconds to reconnect!\n|inactive|Slakings Lefse has 5 seconds to reconnect!\n|-message|Slakings Lefse lost due to inactivity.\n|\n|win|cotesmcgotes\n|raw|Slakings Lefse's rating: 1220 &rarr; <strong>1195<\/strong><br \/>(-25 for losing)\n|raw|cotesmcgotes's rating: 1224 &rarr; <strong>1249<\/strong><br \/>(+25 for winning)\n","uploadtime":1700659268,"views":0,"p1id":"slakingslefse","p2id":"cotesmcgotes","formatid":"gen9doublesou","rating":1195,"private":0,"password":""}