{"id":"gen9doublesou-1993108509","p1":"Moldycheezi","p2":"Einstein_pickleton","format":"[Gen 9] Doubles OU","log":"|j|\u2606Moldycheezi\n|j|\u2606Einstein_pickleton\n|t:|1700265737\n|gametype|doubles\n|player|p1|Moldycheezi|grimsley-gen7|1318\n|player|p2|Einstein_pickleton|scientist-gen4|1249\n|teamsize|p1|6\n|teamsize|p2|6\n|gen|9\n|tier|[Gen 9] Doubles OU\n|rated|\n|rule|Species Clause: Limit one of each Pok\u00e9mon\n|rule|OHKO Clause: OHKO moves are banned\n|rule|Evasion Moves Clause: Evasion moves are banned\n|rule|Gravity Sleep Clause: The combination of sleep-inducing moves with imperfect accuracy and Gravity or Gigantamax Orbeetle are banned\n|rule|Endless Battle Clause: Forcing endless battles is banned\n|rule|HP Percentage Mod: HP is shown in percentages\n|clearpoke\n|poke|p1|Chien-Pao|\n|poke|p1|Goodra-Hisui, F|\n|poke|p1|Empoleon, F|\n|poke|p1|Flutter Mane|\n|poke|p1|Breloom, F|\n|poke|p1|Iron Moth|\n|poke|p2|Delphox, M|\n|poke|p2|Decidueye, M|\n|poke|p2|Inteleon, M|\n|poke|p2|Baxcalibur, M|\n|poke|p2|Flutter Mane|\n|poke|p2|Shaymin-Sky|\n|teampreview\n|inactive|Battle timer is ON: inactive players will automatically lose when time's up. (requested by Einstein_pickleton)\n|j| cersab\n|\n|t:|1700265749\n|start\n|switch|p1a: Gogeta|Breloom, F, shiny|100\/100\n|switch|p1b: Wolverine|Chien-Pao|100\/100\n|switch|p2a: Inteleon|Inteleon, M|100\/100\n|switch|p2b: Delphox|Delphox, M|100\/100\n|-ability|p1b: Wolverine|Sword of Ruin\n|turn|1\n|\n|t:|1700265764\n|move|p1b: Wolverine|Sucker Punch|p2b: Delphox\n|-supereffective|p2b: Delphox\n|-enditem|p2b: Delphox|Focus Sash\n|-damage|p2b: Delphox|1\/100\n|move|p2a: Inteleon|Water Pledge|p1b: Wolverine\n|-waiting|p2a: Inteleon|p2b: Delphox\n|move|p2b: Delphox|Fire Pledge|p1b: Wolverine|[from]move: Water Pledge\n|-combine\n|-enditem|p1b: Wolverine|Focus Sash\n|-damage|p1b: Wolverine|1\/100\n|-sidestart|p2: Einstein_pickleton|Water Pledge\n|move|p1a: Gogeta|Bullet Seed|p2a: Inteleon\n|-supereffective|p2a: Inteleon\n|-damage|p2a: Inteleon|0 fnt\n|faint|p2a: Inteleon\n|-hitcount|p2: Inteleon|1\n|\n|upkeep\n|l| cersab\n|\n|t:|1700265781\n|switch|p2a: Shaymin|Shaymin-Sky|100\/100\n|turn|2\n|\n|t:|1700265794\n|move|p1a: Gogeta|Mach Punch|p2b: Delphox\n|-resisted|p2b: Delphox\n|-damage|p2b: Delphox|0 fnt\n|faint|p2b: Delphox\n|move|p1b: Wolverine|Ice Spinner|p2a: Shaymin\n|-supereffective|p2a: Shaymin\n|-damage|p2a: Shaymin|0 fnt\n|faint|p2a: Shaymin\n|\n|upkeep\n|\n|t:|1700265800\n|switch|p2a: Baxcalibur|Baxcalibur, M|100\/100\n|switch|p2b: Flutter Mane|Flutter Mane|100\/100\n|turn|3\n|\n|t:|1700265812\n|move|p1b: Wolverine|Sucker Punch|p2b: Flutter Mane\n|-damage|p2b: Flutter Mane|0 fnt\n|faint|p2b: Flutter Mane\n|-end|p2b: Flutter Mane|Protosynthesis|[silent]\n|move|p1a: Gogeta|Mach Punch|p2a: Baxcalibur\n|-supereffective|p2a: Baxcalibur\n|-damage|p2a: Baxcalibur|15\/100\n|move|p2a: Baxcalibur|Dragon Dance|p2a: Baxcalibur\n|-boost|p2a: Baxcalibur|atk|1\n|-boost|p2a: Baxcalibur|spe|1\n|\n|upkeep\n|\n|t:|1700265817\n|switch|p2b: Decidueye|Decidueye, M|100\/100\n|turn|4\n|\n|t:|1700265829\n|move|p1b: Wolverine|Sucker Punch|p2b: Decidueye\n|-supereffective|p2b: Decidueye\n|-damage|p2b: Decidueye|0 fnt\n|faint|p2b: Decidueye\n|move|p1a: Gogeta|Mach Punch|p2a: Baxcalibur\n|-supereffective|p2a: Baxcalibur\n|-damage|p2a: Baxcalibur|0 fnt\n|faint|p2a: Baxcalibur\n|\n|win|Moldycheezi\n|raw|Moldycheezi's rating: 1318 &rarr; <strong>1334<\/strong><br \/>(+16 for winning)\n|raw|Einstein_pickleton's rating: 1249 &rarr; <strong>1229<\/strong><br \/>(-20 for losing)\n|l|\u2606Einstein_pickleton\n","uploadtime":1700265844,"views":8,"p1id":"moldycheezi","p2id":"einsteinpickleton","formatid":"gen9doublesou","rating":1229,"private":0,"password":""}