{"id":"gen9doublesou-1973323995","p1":"Barracuda705","p2":"matics689","format":"[Gen 9] Doubles OU","log":"|j|\u2606Barracuda705\n|j|\u2606matics689\n|inactive|Battle timer is ON: inactive players will automatically lose when time's up.\n|t:|1697954719\n|gametype|doubles\n|player|p1|Barracuda705|lady|\n|player|p2|matics689|ghetsis|\n|teamsize|p1|2\n|teamsize|p2|2\n|gen|9\n|tier|[Gen 9] Doubles OU\n|rated|Tournament battle\n|rule|Species Clause: Limit one of each Pok\u00e9mon\n|rule|OHKO Clause: OHKO moves are banned\n|rule|Evasion Moves Clause: Evasion moves are banned\n|rule|Gravity Sleep Clause: The combination of sleep-inducing moves with imperfect accuracy and Gravity or Gigantamax Orbeetle are banned\n|rule|Endless Battle Clause: Forcing endless battles is banned\n|rule|HP Percentage Mod: HP is shown in percentages\n|clearpoke\n|poke|p1|Delphox, M|\n|poke|p1|Gengar, M|\n|poke|p2|Copperajah, M|\n|poke|p2|Dragalge, M|\n|teampreview\n|j|*Lady Monita \u263d\n|inactive|matics689 also wants the timer to be on.\n|c|\u2606matics689|final\n|c|\u2606matics689|good luck man\n|\n|t:|1697954729\n|start\n|switch|p1a: Delphox|Delphox, M|100\/100\n|switch|p1b: Gengar|Gengar, M|100\/100\n|switch|p2a: Copperajah|Copperajah, M, shiny|100\/100\n|switch|p2b: Dragalge|Dragalge, M, shiny|100\/100\n|turn|1\n|c|\u2606Barracuda705|u2\n|inactive|Barracuda705 has 120 seconds left.\n|\n|t:|1697954767\n|-terastallize|p2b: Dragalge|Water\n|move|p1b: Gengar|Shadow Ball|p2b: Dragalge\n|-damage|p2b: Dragalge|53\/100\n|-damage|p1b: Gengar|91\/100|[from] item: Life Orb\n|move|p1a: Delphox|Psyshock|p2b: Dragalge\n|-damage|p2b: Dragalge|3\/100\n|move|p2b: Dragalge|Surf|p1b: Gengar|[spread] p2a,p1a,p1b\n|-supereffective|p1a: Delphox\n|-damage|p2a: Copperajah|35\/100\n|-damage|p1a: Delphox|0 fnt\n|-damage|p1b: Gengar|0 fnt\n|faint|p1a: Delphox\n|faint|p1b: Gengar\n|\n|win|matics689\n|n|\u2606Barracuda705|barracuda705\n|n|\u2606matics689|matics689\n|n|*Lady Monita \u263d|ladymonita\n","uploadtime":1697954768,"views":16,"p1id":"barracuda705","p2id":"matics689","formatid":"gen9doublesou","rating":0,"private":0,"password":""}