{"id":"gen9doublesou-1978439633","p1":"49lo","p2":"CastDeezNuts","format":"[Gen 9] Doubles OU","log":"|j|\u260649lo\n|j|\u2606CastDeezNuts\n|t:|1698539148\n|gametype|doubles\n|player|p1|49lo|265|1133\n|player|p2|CastDeezNuts|n|1207\n|teamsize|p1|6\n|teamsize|p2|6\n|gen|9\n|tier|[Gen 9] Doubles OU\n|rated|\n|rule|Species Clause: Limit one of each Pok\u00e9mon\n|rule|OHKO Clause: OHKO moves are banned\n|rule|Evasion Moves Clause: Evasion moves are banned\n|rule|Gravity Sleep Clause: The combination of sleep-inducing moves with imperfect accuracy and Gravity or Gigantamax Orbeetle are banned\n|rule|Endless Battle Clause: Forcing endless battles is banned\n|rule|HP Percentage Mod: HP is shown in percentages\n|clearpoke\n|poke|p1|Dipplin, F|\n|poke|p1|Leavanny, F|\n|poke|p1|Volcarona, M|\n|poke|p1|Yanmega, M|\n|poke|p1|Vikavolt, M|\n|poke|p1|Ribombee, M|\n|poke|p2|Chi-Yu|\n|poke|p2|Torkoal, F|\n|poke|p2|Tornadus, M|\n|poke|p2|Flutter Mane|\n|poke|p2|Lilligant-Hisui, F|\n|poke|p2|Walking Wake|\n|teampreview\n|inactive|Battle timer is ON: inactive players will automatically lose when time's up. (requested by CastDeezNuts)\n|\n|t:|1698539159\n|start\n|switch|p1a: Nami|Leavanny, F|100\/100\n|switch|p1b: Robin|Yanmega, M|100\/100\n|switch|p2a: Torkoal|Torkoal, F|100\/100\n|switch|p2b: Chi-Yu|Chi-Yu|100\/100\n|-ability|p2b: Chi-Yu|Beads of Ruin\n|-weather|SunnyDay|[from] ability: Drought|[of] p2a: Torkoal\n|turn|1\n|\n|t:|1698539172\n|move|p1b: Robin|Protect|p1b: Robin\n|-singleturn|p1b: Robin|Protect\n|move|p2b: Chi-Yu|Heat Wave|p1a: Nami|[spread] p1a\n|-activate|p1b: Robin|move: Protect\n|-supereffective|p1a: Nami\n|-enditem|p1a: Nami|Focus Sash\n|-damage|p1a: Nami|1\/100\n|move|p1a: Nami|Sticky Web|p2a: Torkoal\n|-sidestart|p2: CastDeezNuts|move: Sticky Web\n|move|p2a: Torkoal|Heat Wave|p1a: Nami|[spread] p1a\n|-activate|p1b: Robin|move: Protect\n|-supereffective|p1a: Nami\n|-damage|p1a: Nami|0 fnt\n|faint|p1a: Nami\n|\n|-weather|SunnyDay|[upkeep]\n|-ability|p1b: Robin|Speed Boost|boost\n|-boost|p1b: Robin|spe|1\n|upkeep\n|\n|t:|1698539192\n|switch|p1a: Sanji|Volcarona, M|100\/100\n|turn|2\n|\n|t:|1698539200\n|move|p1b: Robin|Ancient Power|p2b: Chi-Yu\n|-supereffective|p2b: Chi-Yu\n|-damage|p2b: Chi-Yu|30\/100\n|-damage|p1b: Robin|91\/100|[from] item: Life Orb\n|move|p2b: Chi-Yu|Heat Wave|p1b: Robin|[spread] p1a,p1b\n|-supereffective|p1b: Robin\n|-damage|p1a: Sanji|5\/100\n|-damage|p1b: Robin|0 fnt\n|faint|p1b: Robin\n|move|p1a: Sanji|Quiver Dance|p1a: Sanji\n|-boost|p1a: Sanji|spa|1\n|-boost|p1a: Sanji|spd|1\n|-boost|p1a: Sanji|spe|1\n|move|p2a: Torkoal|Eruption|p1a: Sanji\n|-damage|p1a: Sanji|0 fnt\n|faint|p1a: Sanji\n|\n|-weather|SunnyDay|[upkeep]\n|upkeep\n|\n|t:|1698539210\n|switch|p1a: Zoro|Vikavolt, M|100\/100\n|switch|p1b: Chopper|Ribombee, M|100\/100\n|turn|3\n|\n|t:|1698539225\n|move|p2b: Chi-Yu|Protect|p2b: Chi-Yu\n|-singleturn|p2b: Chi-Yu|Protect\n|move|p1b: Chopper|Dazzling Gleam|p2a: Torkoal|[spread] p2a\n|-activate|p2b: Chi-Yu|move: Protect\n|-resisted|p2a: Torkoal\n|-damage|p2a: Torkoal|78\/100\n|move|p1a: Zoro|Wild Charge|p2b: Chi-Yu\n|-activate|p2b: Chi-Yu|move: Protect\n|move|p2a: Torkoal|Eruption|p1b: Chopper|[spread] p1a,p1b\n|-supereffective|p1a: Zoro\n|-supereffective|p1b: Chopper\n|-damage|p1a: Zoro|0 fnt\n|-damage|p1b: Chopper|0 fnt\n|faint|p1a: Zoro\n|faint|p1b: Chopper\n|\n|-weather|SunnyDay|[upkeep]\n|upkeep\n|\n|t:|1698539231\n|switch|p1b: Luffy|Dipplin, F|100\/100\n|-ability|p1b: Luffy|Supersweet Syrup\n|-ability|p1b: Luffy|Supersweet Syrup|boost\n|-unboost|p2a: Torkoal|evasion|1\n|-unboost|p2b: Chi-Yu|evasion|1\n|turn|4\n|\n|t:|1698539242\n|move|p2b: Chi-Yu|Overheat|p1b: Luffy\n|-crit|p1b: Luffy\n|-damage|p1b: Luffy|0 fnt\n|-unboost|p2b: Chi-Yu|spa|2\n|faint|p1b: Luffy\n|\n|win|CastDeezNuts\n|raw|49lo's rating: 1133 &rarr; <strong>1113<\/strong><br \/>(-20 for losing)\n|raw|CastDeezNuts's rating: 1207 &rarr; <strong>1227<\/strong><br \/>(+20 for winning)\n|l|\u260649lo\n","uploadtime":1698539253,"views":12,"p1id":"49lo","p2id":"castdeeznuts","formatid":"gen9doublesou","rating":1113,"private":0,"password":""}