{"id":"gen9doublesou-1993421899","p1":"brightland","p2":"Gasgar4","format":"[Gen 9] Doubles OU","log":"|j|\u2606brightland\n|j|\u2606Gasgar4\n|t:|1700315780\n|gametype|doubles\n|player|p1|brightland|2|1693\n|player|p2|Gasgar4|ghetsis|1557\n|teamsize|p1|6\n|teamsize|p2|6\n|gen|9\n|tier|[Gen 9] Doubles OU\n|rated|\n|rule|Species Clause: Limit one of each Pok\u00e9mon\n|rule|OHKO Clause: OHKO moves are banned\n|rule|Evasion Moves Clause: Evasion moves are banned\n|rule|Gravity Sleep Clause: The combination of sleep-inducing moves with imperfect accuracy and Gravity or Gigantamax Orbeetle are banned\n|rule|Endless Battle Clause: Forcing endless battles is banned\n|rule|HP Percentage Mod: HP is shown in percentages\n|clearpoke\n|poke|p1|Tornadus, M|\n|poke|p1|Amoonguss, F|\n|poke|p1|Flutter Mane|\n|poke|p1|Chi-Yu|\n|poke|p1|Kleavor, F|\n|poke|p1|Ogerpon-Hearthflame, F|\n|poke|p2|Dragonite, F|\n|poke|p2|Rillaboom, F|\n|poke|p2|Ursaluna-Bloodmoon, M|\n|poke|p2|Chien-Pao|\n|poke|p2|Landorus, M|\n|poke|p2|Dragapult, M|\n|teampreview\n|inactive|Battle timer is ON: inactive players will automatically lose when time's up. (requested by Gasgar4)\n|inactive|brightland also wants the timer to be on.\n|\n|t:|1700315806\n|start\n|switch|p1a: Tornadus|Tornadus, M|100\/100\n|switch|p1b: Flutter Mane|Flutter Mane|100\/100\n|switch|p2a: Dragonite|Dragonite, F|100\/100\n|switch|p2b: Chien-Pao|Chien-Pao|100\/100\n|-ability|p2b: Chien-Pao|Sword of Ruin\n|-enditem|p1b: Flutter Mane|Booster Energy\n|-activate|p1b: Flutter Mane|ability: Protosynthesis|[fromitem]\n|-start|p1b: Flutter Mane|protosynthesisspa\n|turn|1\n|\n|t:|1700315827\n|-end|p1b: Flutter Mane|Protosynthesis|[silent]\n|switch|p1b: Kleavor|Kleavor, F|100\/100\n|-terastallize|p1a: Tornadus|Steel\n|-terastallize|p2a: Dragonite|Normal\n|move|p2a: Dragonite|Extreme Speed|p1a: Tornadus\n|-resisted|p1a: Tornadus\n|-damage|p1a: Tornadus|35\/100\n|move|p2b: Chien-Pao|Ice Shard|p1a: Tornadus\n|-resisted|p1a: Tornadus\n|-damage|p1a: Tornadus|12\/100\n|move|p1a: Tornadus|Tailwind|p1a: Tornadus\n|-sidestart|p1: brightland|move: Tailwind\n|\n|upkeep\n|turn|2\n|\n|t:|1700315843\n|move|p2a: Dragonite|Extreme Speed|p1b: Kleavor\n|-resisted|p1b: Kleavor\n|-damage|p1b: Kleavor|42\/100\n|move|p1a: Tornadus|Sunny Day|p1a: Tornadus\n|-weather|SunnyDay\n|move|p2b: Chien-Pao|Sucker Punch|p1b: Kleavor\n|-damage|p1b: Kleavor|0 fnt\n|faint|p1b: Kleavor\n|\n|-weather|SunnyDay|[upkeep]\n|upkeep\n|\n|t:|1700315851\n|switch|p1b: Flutter Mane|Flutter Mane|100\/100\n|-activate|p1b: Flutter Mane|ability: Protosynthesis\n|-start|p1b: Flutter Mane|protosynthesisspa\n|turn|3\n|\n|t:|1700315864\n|move|p2a: Dragonite|Extreme Speed|p1a: Tornadus\n|-resisted|p1a: Tornadus\n|-damage|p1a: Tornadus|0 fnt\n|faint|p1a: Tornadus\n|move|p2b: Chien-Pao|Sucker Punch|p1b: Flutter Mane\n|-damage|p1b: Flutter Mane|0 fnt\n|faint|p1b: Flutter Mane\n|-end|p1b: Flutter Mane|Protosynthesis|[silent]\n|\n|-weather|SunnyDay|[upkeep]\n|upkeep\n|-message|brightland forfeited.\n|\n|win|Gasgar4\n|raw|brightland's rating: 1693 &rarr; <strong>1666<\/strong><br \/>(-27 for losing)\n|raw|Gasgar4's rating: 1557 &rarr; <strong>1584<\/strong><br \/>(+27 for winning)\n|l|\u2606brightland\n","uploadtime":1700315886,"views":9,"p1id":"brightland","p2id":"gasgar4","formatid":"gen9doublesou","rating":1584,"private":0,"password":""}