{"id":"gen9doublesou-1992317768","p1":"aidan amoongus","p2":"pedrofielalninanu","format":"[Gen 9] Doubles OU","log":"|j|\u2606aidan amoongus\n|j|\u2606pedrofielalninanu\n|t:|1700174102\n|gametype|doubles\n|player|p1|aidan amoongus|170|1042\n|player|p2|pedrofielalninanu|rocketgrunt|1000\n|teamsize|p1|6\n|teamsize|p2|2\n|gen|9\n|tier|[Gen 9] Doubles OU\n|rated|\n|rule|Species Clause: Limit one of each Pok\u00e9mon\n|rule|OHKO Clause: OHKO moves are banned\n|rule|Evasion Moves Clause: Evasion moves are banned\n|rule|Gravity Sleep Clause: The combination of sleep-inducing moves with imperfect accuracy and Gravity or Gigantamax Orbeetle are banned\n|rule|Endless Battle Clause: Forcing endless battles is banned\n|rule|HP Percentage Mod: HP is shown in percentages\n|clearpoke\n|poke|p1|Enamorus, F|\n|poke|p1|Thundurus, M|\n|poke|p1|Ursaluna-Bloodmoon, M|\n|poke|p1|Sinistcha-Masterpiece|\n|poke|p1|Rillaboom, M|\n|poke|p1|Roaring Moon|\n|poke|p2|Ursaluna-Bloodmoon, M|\n|poke|p2|Sylveon, M|\n|teampreview\n|inactive|Battle timer is ON: inactive players will automatically lose when time's up. (requested by aidan amoongus)\n|c|\u2606aidan amoongus|testing?\n|\n|t:|1700174128\n|start\n|switch|p1a: Thundurus|Thundurus, M|100\/100\n|switch|p1b: Roaring Moon|Roaring Moon, shiny|100\/100\n|switch|p2a: Ursaluna|Ursaluna-Bloodmoon, M|100\/100\n|switch|p2b: Sylveon|Sylveon, M|100\/100\n|-enditem|p1b: Roaring Moon|Booster Energy\n|-activate|p1b: Roaring Moon|ability: Protosynthesis|[fromitem]\n|-start|p1b: Roaring Moon|protosynthesisatk\n|turn|1\n|c|\u2606pedrofielalninanu|yup\n|\n|t:|1700174157\n|-terastallize|p2b: Sylveon|Fairy\n|move|p1a: Thundurus|Eerie Impulse|p1b: Roaring Moon\n|-unboost|p1b: Roaring Moon|spa|2\n|move|p1b: Roaring Moon|Lash Out|p2a: Ursaluna\n|-damage|p2a: Ursaluna|28\/100\n|move|p2a: Ursaluna|Blood Moon|p1a: Thundurus\n|-damage|p1a: Thundurus|11\/100\n|-damage|p2a: Ursaluna|18\/100|[from] item: Life Orb\n|move|p2b: Sylveon|Copycat|p2b: Sylveon\n|move|p2b: Sylveon|Blood Moon|p1a: Thundurus|[from]move: Copycat\n|-damage|p1a: Thundurus|0 fnt\n|faint|p1a: Thundurus\n|-damage|p2b: Sylveon|91\/100|[from] item: Life Orb\n|\n|upkeep\n|-message|pedrofielalninanu forfeited.\n|\n|win|aidan amoongus\n|raw|aidan amoongus's rating: 1042 &rarr; <strong>1072<\/strong><br \/>(+30 for winning)\n|raw|pedrofielalninanu's rating: 1000 &rarr; <strong>1000<\/strong><br \/>(+0 for losing)\n|l|\u2606pedrofielalninanu\n","uploadtime":1700174178,"views":12,"p1id":"aidanamoongus","p2id":"pedrofielalninanu","formatid":"gen9doublesou","rating":1000,"private":0,"password":""}