{"id":"gen9doublesou-2000466609","p1":"Mongoose556","p2":"Harri1994","format":"[Gen 9] Doubles OU","log":"|j|\u2606Mongoose556\n|j|\u2606Harri1994\n|t:|1701197200\n|gametype|doubles\n|player|p1|Mongoose556|roxanne|1123\n|player|p2|Harri1994|wallace|1082\n|teamsize|p1|6\n|teamsize|p2|6\n|gen|9\n|tier|[Gen 9] Doubles OU\n|rated|\n|rule|Species Clause: Limit one of each Pok\u00e9mon\n|rule|OHKO Clause: OHKO moves are banned\n|rule|Evasion Moves Clause: Evasion moves are banned\n|rule|Gravity Sleep Clause: The combination of sleep-inducing moves with imperfect accuracy and Gravity or Gigantamax Orbeetle are banned\n|rule|Endless Battle Clause: Forcing endless battles is banned\n|rule|HP Percentage Mod: HP is shown in percentages\n|clearpoke\n|poke|p1|Kleavor, M|\n|poke|p1|Arboliva, M|\n|poke|p1|Iron Valiant|\n|poke|p1|Meowscarada, M|\n|poke|p1|Zoroark-Hisui, M|\n|poke|p1|Cryogonal|\n|poke|p2|Gholdengo|\n|poke|p2|Iron Treads|\n|poke|p2|Orthworm, M|\n|poke|p2|Klefki, F|\n|poke|p2|Heatran, M|\n|poke|p2|Lucario, M|\n|teampreview\n|\n|t:|1701197223\n|start\n|switch|p1a: Kleavor|Kleavor, M, shiny|100\/100\n|switch|p1b: Iron Valiant|Iron Valiant|100\/100\n|switch|p2a: Mastodonte novo|Iron Treads|100\/100\n|switch|p2b: Minhoco\u00e7u|Orthworm, M|100\/100\n|-enditem|p1b: Iron Valiant|Booster Energy\n|-activate|p1b: Iron Valiant|ability: Quark Drive|[fromitem]\n|-start|p1b: Iron Valiant|quarkdriveatk\n|turn|1\n|\n|t:|1701197240\n|move|p1b: Iron Valiant|Drain Punch|p2a: Mastodonte novo\n|-supereffective|p2a: Mastodonte novo\n|-damage|p2a: Mastodonte novo|14\/100\n|move|p1a: Kleavor|Flamethrower|p2b: Minhoco\u00e7u\n|-supereffective|p2b: Minhoco\u00e7u\n|-damage|p2b: Minhoco\u00e7u|20\/100\n|move|p2a: Mastodonte novo|Iron Head|p1b: Iron Valiant\n|-supereffective|p1b: Iron Valiant\n|-damage|p1b: Iron Valiant|27\/100\n|move|p2b: Minhoco\u00e7u|Coil|p2b: Minhoco\u00e7u\n|-boost|p2b: Minhoco\u00e7u|atk|1\n|-boost|p2b: Minhoco\u00e7u|def|1\n|-boost|p2b: Minhoco\u00e7u|accuracy|1\n|\n|-heal|p2b: Minhoco\u00e7u|26\/100|[from] item: Leftovers\n|upkeep\n|turn|2\n|\n|t:|1701197262\n|-end|p2a: Mastodonte novo|Quark Drive|[silent]\n|switch|p2a: N\u00famero mil|Gholdengo|100\/100\n|switch|p2b: Magma\u00e7o|Heatran, M|100\/100\n|move|p1b: Iron Valiant|Drain Punch|p2b: Magma\u00e7o\n|-supereffective|p2b: Magma\u00e7o\n|-damage|p2b: Magma\u00e7o|4\/100\n|-heal|p1b: Iron Valiant|80\/100|[from] drain|[of] p2b: Magma\u00e7o\n|move|p1a: Kleavor|Flamethrower|p2a: N\u00famero mil\n|-supereffective|p2a: N\u00famero mil\n|-damage|p2a: N\u00famero mil|60\/100\n|\n|upkeep\n|turn|3\n|-message|Harri1994 forfeited.\n|\n|win|Mongoose556\n|raw|Mongoose556's rating: 1123 &rarr; <strong>1145<\/strong><br \/>(+22 for winning)\n|raw|Harri1994's rating: 1082 &rarr; <strong>1062<\/strong><br \/>(-20 for losing)\n|l|\u2606Harri1994\n","uploadtime":1701197278,"views":3,"p1id":"mongoose556","p2id":"harri1994","formatid":"gen9doublesou","rating":1062,"private":0,"password":""}