{"id":"gen9doublesou-1989091098","p1":"FireFrostDragon","p2":"HEAVY-DUTY B0OTY","format":"[Gen 9] Doubles OU","log":"|j|\u2606FireFrostDragon\n|j|\u2606HEAVY-DUTY B0OTY\n|inactive|Battle timer is ON: inactive players will automatically lose when time's up.\n|t:|1699811171\n|gametype|doubles\n|player|p1|FireFrostDragon|acetrainerf|\n|player|p2|HEAVY-DUTY B0OTY|swimmerf-gen6|\n|teamsize|p1|2\n|teamsize|p2|2\n|gen|9\n|tier|[Gen 9] Doubles OU\n|rated|Tournament battle\n|rule|Species Clause: Limit one of each Pok\u00e9mon\n|rule|OHKO Clause: OHKO moves are banned\n|rule|Evasion Moves Clause: Evasion moves are banned\n|rule|Gravity Sleep Clause: The combination of sleep-inducing moves with imperfect accuracy and Gravity or Gigantamax Orbeetle are banned\n|rule|Endless Battle Clause: Forcing endless battles is banned\n|rule|HP Percentage Mod: HP is shown in percentages\n|clearpoke\n|poke|p1|Nacli, F|\n|poke|p1|Turtwig, F|\n|poke|p2|Axew, F|\n|poke|p2|Scorbunny, M|\n|teampreview\n|j|*Lady Monita \u2746\n|c|\u2606HEAVY-DUTY B0OTY|hf\n|\n|t:|1699811186\n|start\n|switch|p1a: Nacli|Nacli, F|100\/100\n|switch|p1b: Turtwig|Turtwig, F|100\/100\n|switch|p2a: Axew|Axew, F, shiny|100\/100\n|switch|p2b: Scorbunny|Scorbunny, M|100\/100\n|-ability|p2a: Axew|Mold Breaker\n|turn|1\n|j| SweetNSourSpinda\n|c|\u2606FireFrostDragon|you too\n|\n|t:|1699811216\n|move|p2a: Axew|First Impression|p1b: Turtwig\n|-supereffective|p1b: Turtwig\n|-damage|p1b: Turtwig|30\/100\n|move|p2b: Scorbunny|Taunt|p1a: Nacli\n|-start|p2b: Scorbunny|typechange|Dark|[from] ability: Libero\n|-start|p1a: Nacli|move: Taunt\n|move|p1b: Turtwig|Shell Smash|p1b: Turtwig\n|-unboost|p1b: Turtwig|def|1\n|-unboost|p1b: Turtwig|spd|1\n|-boost|p1b: Turtwig|atk|2\n|-boost|p1b: Turtwig|spa|2\n|-boost|p1b: Turtwig|spe|2\n|cant|p1a: Nacli|move: Taunt|Curse\n|\n|upkeep\n|turn|2\n|inactive|FireFrostDragon has 120 seconds left.\n|\n|t:|1699811248\n|-terastallize|p2a: Axew|Steel\n|move|p1b: Turtwig|Superpower|p2b: Scorbunny\n|-supereffective|p2b: Scorbunny\n|-damage|p2b: Scorbunny|0 fnt\n|-unboost|p1b: Turtwig|atk|1\n|-unboost|p1b: Turtwig|def|1\n|faint|p2b: Scorbunny\n|move|p2a: Axew|Iron Head|p1b: Turtwig\n|-damage|p1b: Turtwig|0 fnt\n|faint|p1b: Turtwig\n|move|p1a: Nacli|Stone Edge|p2a: Axew\n|-resisted|p2a: Axew\n|-damage|p2a: Axew|85\/100\n|\n|upkeep\n|turn|3\n|\n|t:|1699811263\n|move|p2a: Axew|Swords Dance|p2a: Axew\n|-boost|p2a: Axew|atk|2\n|move|p1a: Nacli|Earthquake|p2a: Axew\n|-supereffective|p2a: Axew\n|-damage|p2a: Axew|47\/100\n|\n|-end|p1a: Nacli|move: Taunt\n|upkeep\n|turn|4\n|\n|t:|1699811268\n|-terastallize|p1a: Nacli|Fairy\n|move|p2a: Axew|Iron Head|p1a: Nacli\n|-supereffective|p1a: Nacli\n|-damage|p1a: Nacli|0 fnt\n|faint|p1a: Nacli\n|\n|win|HEAVY-DUTY B0OTY\n|n|\u2606FireFrostDragon|firefrostdragon\n|n|\u2606HEAVY-DUTY B0OTY|heavydutyb0oty\n|n|*Lady Monita \u2746|ladymonita\n|n| SweetNSourSpinda|sweetnsourspinda\n","uploadtime":1699811269,"views":4,"p1id":"firefrostdragon","p2id":"heavydutyb0oty","formatid":"gen9doublesou","rating":0,"private":0,"password":""}