{"id":"gen9doublesou-1994416417","p1":"IDKwhattocallme25","p2":"Kuzwa","format":"[Gen 9] Doubles OU","log":"|j|\u2606IDKwhattocallme25\n|j|\u2606Kuzwa\n|t:|1700441481\n|gametype|doubles\n|player|p1|IDKwhattocallme25|crasherwake|1329\n|player|p2|Kuzwa|pokemonbreeder-gen4|1319\n|teamsize|p1|6\n|teamsize|p2|6\n|gen|9\n|tier|[Gen 9] Doubles OU\n|rated|\n|rule|Species Clause: Limit one of each Pok\u00e9mon\n|rule|OHKO Clause: OHKO moves are banned\n|rule|Evasion Moves Clause: Evasion moves are banned\n|rule|Gravity Sleep Clause: The combination of sleep-inducing moves with imperfect accuracy and Gravity or Gigantamax Orbeetle are banned\n|rule|Endless Battle Clause: Forcing endless battles is banned\n|rule|HP Percentage Mod: HP is shown in percentages\n|clearpoke\n|poke|p1|Kingambit, M|\n|poke|p1|Flutter Mane|\n|poke|p1|Ogerpon-Hearthflame, F|\n|poke|p1|Clefairy, F|\n|poke|p1|Kommo-o, M|\n|poke|p1|Palafin, M|\n|poke|p2|Chi-Yu|\n|poke|p2|Torkoal, M|\n|poke|p2|Glimmora, M|\n|poke|p2|Gallade, M|\n|poke|p2|Cinderace, M|\n|poke|p2|Gardevoir, F|\n|teampreview\n|inactive|Battle timer is ON: inactive players will automatically lose when time's up. (requested by Kuzwa)\n|\n|t:|1700441506\n|start\n|switch|p1a: Clefairy|Clefairy, F|100\/100\n|switch|p1b: Kommo-o|Kommo-o, M|100\/100\n|switch|p2a: Strega|Glimmora, M|100\/100\n|switch|p2b: Nyx|Gardevoir, F, shiny|100\/100\n|-item|p2a: Strega|Air Balloon\n|turn|1\n|\n|t:|1700441520\n|move|p1a: Clefairy|Follow Me|p1a: Clefairy\n|-singleturn|p1a: Clefairy|move: Follow Me\n|move|p2a: Strega|Sludge Wave|p1b: Kommo-o|[spread] p1a,p1b\n|-activate|p2b: Nyx|ability: Telepathy\n|-supereffective|p1a: Clefairy\n|-damage|p1a: Clefairy|46\/100\n|-damage|p1b: Kommo-o|67\/100\n|-status|p1b: Kommo-o|psn\n|move|p1b: Kommo-o|Clangorous Soul|p1b: Kommo-o\n|-boost|p1b: Kommo-o|atk|1\n|-boost|p1b: Kommo-o|def|1\n|-boost|p1b: Kommo-o|spa|1\n|-boost|p1b: Kommo-o|spd|1\n|-boost|p1b: Kommo-o|spe|1\n|-damage|p1b: Kommo-o|34\/100 psn\n|-enditem|p1b: Kommo-o|Throat Spray\n|-boost|p1b: Kommo-o|spa|1|[from] item: Throat Spray\n|move|p2b: Nyx|Trick Room|p2b: Nyx\n|-fieldstart|move: Trick Room|[of] p2b: Nyx\n|\n|-damage|p1b: Kommo-o|22\/100 psn|[from] psn\n|upkeep\n|turn|2\n|\n|t:|1700441544\n|-terastallize|p1b: Kommo-o|Steel\n|move|p1a: Clefairy|Follow Me|p1a: Clefairy\n|-singleturn|p1a: Clefairy|move: Follow Me\n|move|p2b: Nyx|Dazzling Gleam|p1b: Kommo-o|[spread] p1a,p1b\n|-resisted|p1b: Kommo-o\n|-damage|p1a: Clefairy|21\/100\n|-damage|p1b: Kommo-o|11\/100 psn\n|move|p2a: Strega|Sludge Wave|p1a: Clefairy|[spread] p1a\n|-activate|p2b: Nyx|ability: Telepathy\n|-immune|p1b: Kommo-o\n|-supereffective|p1a: Clefairy\n|-damage|p1a: Clefairy|0 fnt\n|faint|p1a: Clefairy\n|move|p1b: Kommo-o|Clangorous Soul||[still]\n|-fail|p1b: Kommo-o\n|\n|-damage|p1b: Kommo-o|0 fnt|[from] psn\n|faint|p1b: Kommo-o\n|upkeep\n|c|\u2606IDKwhattocallme25|Misclick\n|-message|IDKwhattocallme25 forfeited.\n|\n|win|Kuzwa\n|raw|IDKwhattocallme25's rating: 1329 &rarr; <strong>1308<\/strong><br \/>(-21 for losing)\n|raw|Kuzwa's rating: 1319 &rarr; <strong>1340<\/strong><br \/>(+21 for winning)\n|l|\u2606IDKwhattocallme25\n","uploadtime":1700441561,"views":3,"p1id":"idkwhattocallme25","p2id":"kuzwa","formatid":"gen9doublesou","rating":1308,"private":0,"password":""}