{"id":"gen9doublesou-1974493696","p1":"Schister","p2":"TripleESama","format":"[Gen 9] Doubles OU","log":"|j|\u2606Schister\n|j|\u2606TripleESama\n|t:|1698091591\n|gametype|doubles\n|player|p1|Schister|clair|1721\n|player|p2|TripleESama|cynthia-gen4|1637\n|teamsize|p1|6\n|teamsize|p2|6\n|gen|9\n|tier|[Gen 9] Doubles OU\n|rated|\n|rule|Species Clause: Limit one of each Pok\u00e9mon\n|rule|OHKO Clause: OHKO moves are banned\n|rule|Evasion Moves Clause: Evasion moves are banned\n|rule|Gravity Sleep Clause: The combination of sleep-inducing moves with imperfect accuracy and Gravity or Gigantamax Orbeetle are banned\n|rule|Endless Battle Clause: Forcing endless battles is banned\n|rule|HP Percentage Mod: HP is shown in percentages\n|clearpoke\n|poke|p1|Rillaboom, M|\n|poke|p1|Glimmora, F|\n|poke|p1|Basculegion-F, F|\n|poke|p1|Iron Hands|\n|poke|p1|Chien-Pao|\n|poke|p1|Ogerpon-Hearthflame, F|\n|poke|p2|Diancie|\n|poke|p2|Cresselia, F|\n|poke|p2|Amoonguss, M|\n|poke|p2|Snorlax, M|\n|poke|p2|Kleavor, M|\n|poke|p2|Volcanion|\n|teampreview\n|inactive|Battle timer is ON: inactive players will automatically lose when time's up. (requested by TripleESama)\n|inactive|Schister also wants the timer to be on.\n|\n|t:|1698091609\n|start\n|switch|p1a: Glimmora|Glimmora, F|100\/100\n|switch|p1b: Rillaboom|Rillaboom, M|100\/100\n|switch|p2a: Kleavor|Kleavor, M, shiny|100\/100\n|switch|p2b: Cresselia|Cresselia, F, shiny|100\/100\n|-fieldstart|move: Grassy Terrain|[from] ability: Grassy Surge|[of] p1b: Rillaboom\n|turn|1\n|\n|t:|1698091615\n|-terastallize|p1b: Rillaboom|Grass\n|move|p1a: Glimmora|Power Gem|p2a: Kleavor\n|-supereffective|p2a: Kleavor\n|-enditem|p2a: Kleavor|Focus Sash\n|-damage|p2a: Kleavor|1\/100\n|move|p2a: Kleavor|X-Scissor|p1b: Rillaboom\n|-supereffective|p1b: Rillaboom\n|-crit|p1b: Rillaboom\n|-damage|p1b: Rillaboom|0 fnt\n|faint|p1b: Rillaboom\n|move|p2b: Cresselia|Trick Room|p2b: Cresselia\n|-fieldstart|move: Trick Room|[of] p2b: Cresselia\n|\n|-heal|p2a: Kleavor|7\/100|[from] Grassy Terrain\n|upkeep\n|-message|Schister forfeited.\n|\n|win|TripleESama\n|raw|Schister's rating: 1721 &rarr; <strong>1696<\/strong><br \/>(-25 for losing)\n|raw|TripleESama's rating: 1637 &rarr; <strong>1662<\/strong><br \/>(+25 for winning)\n","uploadtime":1698091628,"views":13,"p1id":"schister","p2id":"tripleesama","formatid":"gen9doublesou","rating":1662,"private":0,"password":""}