{"id":"gen9doublesou-1972085754","p1":"Rodrigo1543","p2":"simondie","format":"[Gen 9] Doubles OU","log":"|j|\u2606Rodrigo1543\n|j|\u2606simondie\n|t:|1697811608\n|gametype|doubles\n|player|p1|Rodrigo1543|roughneck|1045\n|player|p2|simondie|caitlin|1040\n|teamsize|p1|6\n|teamsize|p2|6\n|gen|9\n|tier|[Gen 9] Doubles OU\n|rated|\n|rule|Species Clause: Limit one of each Pok\u00e9mon\n|rule|OHKO Clause: OHKO moves are banned\n|rule|Evasion Moves Clause: Evasion moves are banned\n|rule|Gravity Sleep Clause: The combination of sleep-inducing moves with imperfect accuracy and Gravity or Gigantamax Orbeetle are banned\n|rule|Endless Battle Clause: Forcing endless battles is banned\n|rule|HP Percentage Mod: HP is shown in percentages\n|clearpoke\n|poke|p1|Heracross, M|\n|poke|p1|Glimmora, F|\n|poke|p1|Ting-Lu|\n|poke|p1|Indeedee-F, F|\n|poke|p1|Arcanine, M|\n|poke|p1|Murkrow, M|\n|poke|p2|Torkoal, M|\n|poke|p2|Typhlosion, M|\n|poke|p2|Arcanine-Hisui, M|\n|poke|p2|Rotom-Wash|\n|poke|p2|Torterra, M|\n|poke|p2|Flutter Mane|\n|teampreview\n|inactive|Battle timer is ON: inactive players will automatically lose when time's up. (requested by simondie)\n|inactive|Rodrigo1543 also wants the timer to be on.\n|inactive|Rodrigo1543 has 120 seconds left.\n|c|\u2606simondie|ugh\n|c|\u2606simondie|=w=\n|c|\u2606simondie|ur crin ass mofo\n|inactive|Rodrigo1543 has 90 seconds left.\n|c|\u2606simondie|die in hell you fucken loser\n|c|\u2606simondie|ky6\n|c|\u2606simondie|nobody fucken likes u L\n|c|\u2606simondie|dickhead baldass doofus\n|n|\u203dsimondie|simondie\n|c|&|\/log simondie was locked from talking by Artemis. (\u2606simondie: dickhead baldass doofus)\n|c|&|\/raw <small>This action was done automatically. Want to learn more about the AI? <a href=\"https:\/\/www.smogon.com\/forums\/threads\/3570628\/#post-9056769\">Visit the information thread<\/a>.<\/small>\n|inactive|Rodrigo1543 has 60 seconds left.\n|\n|t:|1697811716\n|start\n|switch|p1a: Glimmora|Glimmora, F, shiny|100\/100\n|switch|p1b: Murkrow|Murkrow, M|100\/100\n|switch|p2a: Typhlosion|Typhlosion, M, shiny|100\/100\n|switch|p2b: Torkoal|Torkoal, M, shiny|100\/100\n|-weather|SunnyDay|[from] ability: Drought|[of] p2b: Torkoal\n|turn|1\n|\n|t:|1697811731\n|switch|p2b: Rotom|Rotom-Wash, shiny|100\/100\n|-terastallize|p2a: Typhlosion|Fire\n|move|p1b: Murkrow|Tailwind|p1b: Murkrow\n|-sidestart|p1: Rodrigo1543|move: Tailwind\n|move|p1a: Glimmora|Mortal Spin|p2a: Typhlosion|[spread] p2a,p2b\n|-damage|p2a: Typhlosion|93\/100\n|-damage|p2b: Rotom|95\/100\n|-status|p2a: Typhlosion|psn\n|-status|p2b: Rotom|psn\n|move|p2a: Typhlosion|Eruption|p1a: Glimmora|[spread] p1a,p1b\n|-resisted|p1a: Glimmora\n|-damage|p1a: Glimmora|7\/100\n|-damage|p1b: Murkrow|0 fnt\n|faint|p1b: Murkrow\n|\n|-weather|SunnyDay|[upkeep]\n|-heal|p2b: Rotom|100\/100 psn|[from] item: Leftovers\n|-damage|p2a: Typhlosion|81\/100 psn|[from] psn\n|-damage|p2b: Rotom|88\/100 psn|[from] psn\n|upkeep\n|inactive|Rodrigo1543 has 120 seconds left.\n|-message|simondie forfeited.\n|\n|win|Rodrigo1543\n|raw|Rodrigo1543's rating: 1045 &rarr; <strong>1078<\/strong><br \/>(+33 for winning)\n|raw|simondie's rating: 1040 &rarr; <strong>1024<\/strong><br \/>(-16 for losing)\n|l|\u203dsimondie\n","uploadtime":1697811678,"views":10,"p1id":"rodrigo1543","p2id":"simondie","formatid":"gen9doublesou","rating":1024,"private":0,"password":""}