{"id":"gen9doublesou-1992535792","p1":"Pigeon.exe","p2":"DONDISCUS","format":"[Gen 9] Doubles OU","log":"|j|\u2606Pigeon.exe\n|j|\u2606DONDISCUS\n|t:|1700201388\n|gametype|doubles\n|player|p1|Pigeon.exe|alec-anime|1155\n|player|p2|DONDISCUS|101|1157\n|teamsize|p1|6\n|teamsize|p2|6\n|gen|9\n|tier|[Gen 9] Doubles OU\n|rated|\n|rule|Species Clause: Limit one of each Pok\u00e9mon\n|rule|OHKO Clause: OHKO moves are banned\n|rule|Evasion Moves Clause: Evasion moves are banned\n|rule|Gravity Sleep Clause: The combination of sleep-inducing moves with imperfect accuracy and Gravity or Gigantamax Orbeetle are banned\n|rule|Endless Battle Clause: Forcing endless battles is banned\n|rule|HP Percentage Mod: HP is shown in percentages\n|clearpoke\n|poke|p1|Fezandipiti, M|\n|poke|p1|Moltres-Galar|\n|poke|p1|Great Tusk|\n|poke|p1|Ogerpon-Hearthflame, F|\n|poke|p1|Ninetales, F|\n|poke|p1|Iron Hands|\n|poke|p2|Hoopa-Unbound|\n|poke|p2|Cyclizar, F|\n|poke|p2|Dachsbun, M|\n|poke|p2|Thundurus-Therian, M|\n|poke|p2|Milotic, M|\n|poke|p2|Illumise, F|\n|teampreview\n|c|\u2606Pigeon.exe|Hi\n|inactive|Battle timer is ON: inactive players will automatically lose when time's up. (requested by DONDISCUS)\n|\n|t:|1700201411\n|start\n|switch|p1a: Demon|Ogerpon-Hearthflame, F|100\/100\n|switch|p1b: Kiriko|Ninetales, F, shiny|100\/100\n|switch|p2a: Cyclizar|Cyclizar, F, shiny|100\/100\n|switch|p2b: Illumise|Illumise, F, shiny|100\/100\n|-ability|p1a: Demon|Mold Breaker\n|-weather|SunnyDay|[from] ability: Drought|[of] p1b: Kiriko\n|turn|1\n|\n|t:|1700201429\n|-terastallize|p1a: Demon|Fire\n|detailschange|p1a: Demon|Ogerpon-Hearthflame-Tera, F, tera:Fire\n|-ability|p1a: Demon|Embody Aspect (Hearthflame)|boost\n|-boost|p1a: Demon|atk|1\n|move|p2b: Illumise|Tailwind|p2b: Illumise\n|-sidestart|p2: DONDISCUS|move: Tailwind\n|move|p2a: Cyclizar|Shed Tail|p2a: Cyclizar\n|-start|p2a: Cyclizar|Substitute|[from] move: Shed Tail\n|-damage|p2a: Cyclizar|50\/100\n|\n|t:|1700201443\n|switch|p2a: Thundurus|Thundurus-Therian, M, shiny|100\/100|[from] Shed Tail\n|move|p1a: Demon|Horn Leech|p2a: Thundurus\n|-resisted|p2a: Thundurus\n|-end|p2a: Thundurus|Substitute\n|move|p1b: Kiriko|Heat Wave|p2b: Illumise|[spread] p2a,p2b\n|-supereffective|p2b: Illumise\n|-damage|p2a: Thundurus|49\/100\n|-damage|p2b: Illumise|30\/100\n|\n|-weather|SunnyDay|[upkeep]\n|upkeep\n|turn|2\n|\n|t:|1700201457\n|move|p1a: Demon|Spiky Shield|p1a: Demon\n|-singleturn|p1a: Demon|move: Protect\n|move|p2a: Thundurus|Wildbolt Storm|p1b: Kiriko|[spread] \n|-activate|p1a: Demon|move: Protect\n|-miss|p2a: Thundurus|p1b: Kiriko\n|move|p2b: Illumise|U-turn|p1a: Demon\n|-activate|p1a: Demon|move: Protect\n|-damage|p2b: Illumise|18\/100|[from] Spiky Shield|[of] p1a: Demon\n|move|p1b: Kiriko|Heat Wave|p2a: Thundurus|[spread] p2a,p2b\n|-supereffective|p2b: Illumise\n|-damage|p2a: Thundurus|0 fnt\n|-damage|p2b: Illumise|0 fnt\n|faint|p2a: Thundurus\n|faint|p2b: Illumise\n|\n|-weather|SunnyDay|[upkeep]\n|upkeep\n|-message|DONDISCUS forfeited.\n|\n|win|Pigeon.exe\n|raw|Pigeon.exe's rating: 1155 &rarr; <strong>1180<\/strong><br \/>(+25 for winning)\n|raw|DONDISCUS's rating: 1157 &rarr; <strong>1132<\/strong><br \/>(-25 for losing)\n|l|\u2606DONDISCUS\n","uploadtime":1700201511,"views":6,"p1id":"pigeonexe","p2id":"dondiscus","formatid":"gen9doublesou","rating":1132,"private":0,"password":""}