{"id":"gen9nationaldexubers-1991709417","p1":"Jothis","p2":"u lost da game","format":"[Gen 9] National Dex Ubers","log":"|j|\u2606Jothis\n|j|\u2606u lost da game\n|t:|1700105360\n|gametype|singles\n|player|p1|Jothis|palmer|1293\n|player|p2|u lost da game|266|1149\n|teamsize|p1|6\n|teamsize|p2|6\n|gen|9\n|tier|[Gen 9] National Dex Ubers\n|rated|\n|rule|HP Percentage Mod: HP is shown in percentages\n|rule|Endless Battle Clause: Forcing endless battles is banned\n|rule|OHKO Clause: OHKO moves are banned\n|rule|Evasion Moves Clause: Evasion moves are banned\n|rule|Evasion Items Clause: Evasion items are banned\n|rule|Species Clause: Limit one of each Pok\u00e9mon\n|rule|Sleep Clause Mod: Limit one foe put to sleep\n|rule|Mega Rayquaza Clause: You cannot mega evolve Rayquaza\n|clearpoke\n|poke|p1|Palkia-Origin|\n|poke|p1|Glimmora, F|\n|poke|p1|Arceus-Ghost|\n|poke|p1|Darmanitan-Galar, F|\n|poke|p1|Ogerpon-Hearthflame, F|\n|poke|p1|Zacian-*|\n|poke|p2|Greninja-*, M|\n|poke|p2|Melmetal|\n|poke|p2|Naganadel|\n|poke|p2|Lucario, F|\n|poke|p2|Dracovish|\n|poke|p2|Gliscor, F|\n|teampreview\n|inactive|Battle timer is ON: inactive players will automatically lose when time's up. (requested by Jothis)\n|\n|t:|1700105367\n|start\n|switch|p1a: Palkia|Palkia-Origin|100\/100\n|switch|p2a: Gliscor|Gliscor, F|100\/100\n|-ability|p1a: Palkia|Pressure\n|turn|1\n|\n|t:|1700105371\n|move|p1a: Palkia|Hydro Pump|p2a: Gliscor|[miss]\n|-miss|p1a: Palkia|p2a: Gliscor\n|move|p2a: Gliscor|Spikes|p1a: Palkia\n|-sidestart|p1: Jothis|Spikes\n|\n|-status|p2a: Gliscor|tox|[from] item: Toxic Orb\n|upkeep\n|turn|2\n|\n|t:|1700105379\n|switch|p2a: Dracovish|Dracovish|100\/100\n|move|p1a: Palkia|Hydro Pump|p2a: Dracovish\n|-resisted|p2a: Dracovish\n|-damage|p2a: Dracovish|78\/100\n|\n|upkeep\n|turn|3\n|\n|t:|1700105390\n|move|p2a: Dracovish|Bite|p1a: Palkia\n|-damage|p1a: Palkia|76\/100\n|cant|p1a: Palkia|flinch\n|\n|upkeep\n|turn|4\n|\n|t:|1700105395\n|move|p2a: Dracovish|Bite|p1a: Palkia\n|-damage|p1a: Palkia|50\/100\n|move|p1a: Palkia|Spacial Rend|p2a: Dracovish\n|-supereffective|p2a: Dracovish\n|-damage|p2a: Dracovish|0 fnt\n|faint|p2a: Dracovish\n|\n|upkeep\n|\n|t:|1700105401\n|switch|p2a: Greninja|Greninja, M|100\/100\n|turn|5\n|\n|t:|1700105406\n|move|p2a: Greninja|Ice Beam|p1a: Palkia\n|-damage|p1a: Palkia|28\/100\n|move|p1a: Palkia|Thunderbolt|p2a: Greninja\n|-supereffective|p2a: Greninja\n|-damage|p2a: Greninja|0 fnt\n|faint|p2a: Greninja\n|\n|upkeep\n|-message|u lost da game forfeited.\n|\n|win|Jothis\n|raw|Jothis's rating: 1293 &rarr; <strong>1308<\/strong><br \/>(+15 for winning)\n|raw|u lost da game's rating: 1149 &rarr; <strong>1134<\/strong><br \/>(-15 for losing)\n|l|\u2606u lost da game\n","uploadtime":1700105419,"views":8,"p1id":"jothis","p2id":"ulostdagame","formatid":"gen9nationaldexubers","rating":1134,"private":0,"password":""}