{"id":"gen9nationaldexubers-1994856897","p1":"olocozoco","p2":"The N00B Guy","format":"[Gen 9] National Dex Ubers","log":"|j|\u2606olocozoco\n|j|\u203dThe N00B Guy\n|t:|1700499096\n|gametype|singles\n|player|p1|olocozoco|2|1014\n|player|p2|The N00B Guy|170|1012\n|teamsize|p1|6\n|teamsize|p2|2\n|gen|9\n|tier|[Gen 9] National Dex Ubers\n|rated|\n|rule|HP Percentage Mod: HP is shown in percentages\n|rule|Endless Battle Clause: Forcing endless battles is banned\n|rule|OHKO Clause: OHKO moves are banned\n|rule|Evasion Moves Clause: Evasion moves are banned\n|rule|Evasion Items Clause: Evasion items are banned\n|rule|Species Clause: Limit one of each Pok\u00e9mon\n|rule|Sleep Clause Mod: Limit one foe put to sleep\n|rule|Mega Rayquaza Clause: You cannot mega evolve Rayquaza\n|clearpoke\n|poke|p1|Charizard, M|\n|poke|p1|Klefki, M|\n|poke|p1|Pheromosa|\n|poke|p1|Komala, M|\n|poke|p1|Kommo-o, M|\n|poke|p1|Braviary, M|\n|poke|p2|Regieleki|\n|poke|p2|Charizard, F|\n|teampreview\n|\n|t:|1700499110\n|start\n|switch|p1a: Kommo-o|Kommo-o, M|100\/100\n|switch|p2a: Regieleki|Regieleki|100\/100\n|turn|1\n|\n|t:|1700499117\n|move|p2a: Regieleki|Light Screen|p2a: Regieleki\n|-sidestart|p2: The N00B Guy|move: Light Screen\n|-zpower|p1a: Kommo-o\n|move|p1a: Kommo-o|Clangorous Soulblaze|p2a: Regieleki|[zeffect]\n|-damage|p2a: Regieleki|40\/100\n|-boost|p1a: Kommo-o|atk|1\n|-boost|p1a: Kommo-o|def|1\n|-boost|p1a: Kommo-o|spa|1\n|-boost|p1a: Kommo-o|spd|1\n|-boost|p1a: Kommo-o|spe|1\n|\n|upkeep\n|turn|2\n|\n|t:|1700499136\n|move|p2a: Regieleki|Reflect|p2a: Regieleki\n|-sidestart|p2: The N00B Guy|Reflect\n|move|p1a: Kommo-o|Earthquake|p2a: Regieleki\n|-supereffective|p2a: Regieleki\n|-damage|p2a: Regieleki|0 fnt\n|faint|p2a: Regieleki\n|\n|upkeep\n|\n|t:|1700499143\n|switch|p2a: Charizard|Charizard, F|100\/100\n|turn|3\n|\n|t:|1700499149\n|move|p1a: Kommo-o|Outrage|p2a: Charizard\n|-crit|p2a: Charizard\n|-damage|p2a: Charizard|0 fnt\n|faint|p2a: Charizard\n|\n|win|olocozoco\n|raw|olocozoco's rating: 1014 &rarr; <strong>1057<\/strong><br \/>(+43 for winning)\n|raw|The N00B Guy's rating: 1057 &rarr; <strong>1036<\/strong><br \/>(-21 for losing)\n|l|\u203dThe N00B Guy\n","uploadtime":1700499158,"views":1,"p1id":"olocozoco","p2id":"then00bguy","formatid":"gen9nationaldexubers","rating":1036,"private":0,"password":""}