{"id":"gen9nationaldexubers-1986127978","p1":"Rhyfinn sr.","p2":"Cohozilla","format":"[Gen 9] National Dex Ubers","log":"|j|\u2606Rhyfinn sr.\n|j|\u2606Cohozilla\n|t:|1699452889\n|gametype|singles\n|player|p1|Rhyfinn sr.|alder|1182\n|player|p2|Cohozilla|drake-gen3|1114\n|teamsize|p1|6\n|teamsize|p2|6\n|gen|9\n|tier|[Gen 9] National Dex Ubers\n|rated|\n|rule|HP Percentage Mod: HP is shown in percentages\n|rule|Endless Battle Clause: Forcing endless battles is banned\n|rule|OHKO Clause: OHKO moves are banned\n|rule|Evasion Moves Clause: Evasion moves are banned\n|rule|Evasion Items Clause: Evasion items are banned\n|rule|Species Clause: Limit one of each Pok\u00e9mon\n|rule|Sleep Clause Mod: Limit one foe put to sleep\n|rule|Mega Rayquaza Clause: You cannot mega evolve Rayquaza\n|clearpoke\n|poke|p1|Groudon|\n|poke|p1|Ho-Oh|\n|poke|p1|Xerneas-*|\n|poke|p1|Marshadow|\n|poke|p1|Necrozma-Dusk-Mane|\n|poke|p1|Kyurem-White|\n|poke|p2|Dracovish|\n|poke|p2|Kyogre|\n|poke|p2|Palafin, F|\n|poke|p2|Swampert, F|\n|poke|p2|Pelipper, F|\n|poke|p2|Iron Bundle|\n|teampreview\n|inactive|Battle timer is ON: inactive players will automatically lose when time's up. (requested by Cohozilla)\n|inactive|Rhyfinn sr. also wants the timer to be on.\n|\n|t:|1699452901\n|start\n|switch|p1a: Groudon|Groudon, shiny|100\/100\n|switch|p2a: Pelipper|Pelipper, F|100\/100\n|-weather|RainDance|[from] ability: Drizzle|[of] p2a: Pelipper\n|detailschange|p1a: Groudon|Groudon-Primal, shiny\n|-primal|p1a: Groudon|Red Orb\n|-weather|DesolateLand|[from] ability: Desolate Land|[of] p1a: Groudon\n|turn|1\n|\n|t:|1699452910\n|move|p1a: Groudon|Rock Polish|p1a: Groudon\n|-boost|p1a: Groudon|spe|2\n|move|p2a: Pelipper|Tailwind|p2a: Pelipper\n|-sidestart|p2: Cohozilla|move: Tailwind\n|\n|-weather|DesolateLand|[upkeep]\n|upkeep\n|turn|2\n|\n|t:|1699452920\n|switch|p2a: Swampert|Swampert, F|100\/100\n|move|p1a: Groudon|Rock Polish|p1a: Groudon\n|-boost|p1a: Groudon|spe|2\n|\n|-weather|DesolateLand|[upkeep]\n|upkeep\n|turn|3\n|\n|t:|1699452925\n|detailschange|p2a: Swampert|Swampert-Mega, F\n|-mega|p2a: Swampert|Swampert|Swampertite\n|move|p1a: Groudon|Solar Beam||[still]\n|-prepare|p1a: Groudon|Solar Beam\n|-anim|p1a: Groudon|Solar Beam|p2a: Swampert\n|-supereffective|p2a: Swampert\n|-damage|p2a: Swampert|0 fnt\n|faint|p2a: Swampert\n|\n|-weather|DesolateLand|[upkeep]\n|upkeep\n|-message|Cohozilla forfeited.\n|\n|win|Rhyfinn sr.\n|raw|Rhyfinn sr.'s rating: 1201 &rarr; <strong>1220<\/strong><br \/>(+19 for winning)\n|raw|Cohozilla's rating: 1114 &rarr; <strong>1095<\/strong><br \/>(-19 for losing)\n|l|\u2606Cohozilla\n","uploadtime":1699452942,"views":6,"p1id":"rhyfinnsr","p2id":"cohozilla","formatid":"gen9nationaldexubers","rating":1095,"private":0,"password":""}