{"id":"gen9nationaldexubers-1985718759","p1":"IncandescentCandle","p2":"SkillzBP","format":"[Gen 9] National Dex Ubers","log":"|j|\u2606IncandescentCandle\n|j|\u2606SkillzBP\n|t:|1699398962\n|gametype|singles\n|player|p1|IncandescentCandle|dawn|\n|player|p2|SkillzBP|hau|\n|teamsize|p1|6\n|teamsize|p2|6\n|gen|9\n|tier|[Gen 9] National Dex Ubers\n|rule|HP Percentage Mod: HP is shown in percentages\n|rule|Endless Battle Clause: Forcing endless battles is banned\n|rule|OHKO Clause: OHKO moves are banned\n|rule|Evasion Moves Clause: Evasion moves are banned\n|rule|Evasion Items Clause: Evasion items are banned\n|rule|Species Clause: Limit one of each Pok\u00e9mon\n|rule|Sleep Clause Mod: Limit one foe put to sleep\n|rule|Mega Rayquaza Clause: You cannot mega evolve Rayquaza\n|clearpoke\n|poke|p1|Venusaur, M|\n|poke|p1|Ogerpon-Cornerstone, F|\n|poke|p1|Meowscarada, M|\n|poke|p1|Ferrothorn, F|\n|poke|p1|Whimsicott, M|\n|poke|p1|Lilligant-Hisui, F|\n|poke|p2|Glimmora, M|\n|poke|p2|Ursaluna-Bloodmoon, M|\n|poke|p2|Sneasler, F|\n|poke|p2|Gholdengo|\n|poke|p2|Rillaboom, F|\n|poke|p2|Charizard, F|\n|teampreview\n|inactive|Battle timer is ON: inactive players will automatically lose when time's up. (requested by SkillzBP)\n|j| Malice Incarnate\n|j| SkechiArt\n|j| Astro Rifk\n|j| AegiSwaggy\n|c|\u2606SkillzBP|as you know, tera flying sneasler\n|j| Viviexists\n|j| Destinum\n|j| EeveeGirlStar\n|c|\u2606IncandescentCandle|timer\n|j| Moonz_e\n|c| Malice Incarnate|the opposing grassy terrain\n|c|\u2606SkillzBP|good luck have fun athy!\n|c| Malice Incarnate|hmm\n|l| Viviexists\n|inactiveoff|Battle timer is now OFF.\n|c|\u2606IncandescentCandle|glhf\n|j| Viviexists\n|c| SkechiArt|gooo! ATHY!\n|c| EeveeGirlStar|Go both! Have an awesome game\n|c| Malice Incarnate|i would reccomend turning off spectators for this one skillz\n|c| Moonz_e|Go you two,.but i'm bound to be biased towards athy\n|c| SkechiArt|And you too Skillz!\n|c| AegiSwaggy|you guys better put on a good performance\n|c| Astro Rifk|real!\n|c| Viviexists|Go both!!!! But also \ud83d\udc69\u200d\u2764\ufe0f\u200d\ud83d\udc8b\u200d\ud83d\udc69\ud83d\udc69\u200d\u2764\ufe0f\u200d\ud83d\udc8b\u200d\ud83d\udc69\ud83d\udc69\u200d\u2764\ufe0f\u200d\ud83d\udc8b\u200d\ud83d\udc69 Athy\n|j| A_Gamer8414\n|c| A_Gamer8414|pokemon\n|c| Moonz_e|So true!\n|c| Malice Incarnate|that is your only voiceline in a jrpg\n|c| AegiSwaggy|real asf\n|c| Astro Rifk|something funny\n|c| Moonz_e|Come on Athy\n|c|\u2606IncandescentCandle|yo my pokemon are exactly boy-girl-boy-girl-boy-girl\n|c|\u2606IncandescentCandle|thats crazy\n|c| Viviexists|Silly\n|c| Moonz_e|This is a message to my master\n|c| Moonz_e|This is a fight you cannot win\n|j| Snapteryx\n|l| EeveeGirlStar\n|c|\u2606SkillzBP|maybe it's a sign\n|c|\u2606SkillzBP|no idea for what tho ngl\n|\n|t:|1699399123\n|start\n|switch|p1a: Left Alone|Ogerpon-Cornerstone, F|100\/100\n|switch|p2a: Zardinator|Charizard, F|100\/100\n|turn|1\n|c| Malice Incarnate|all im saying is that the bear is cringe\n|c| Destinum|It's bonkin' time.\n|c| Malice Incarnate|shoudl have been banned a decade ago\n|c|\u2606IncandescentCandle|One must imagine sisyphus learning from his mistakes\n|c|\u2606SkillzBP|was so hoping you'd think i'd actually switch it up this time \ud83d\ude2d\n|c| Moonz_e|I disagree Goltres\n|c| Moonz_e|You are\n|c| Moonz_e|Wrong\n|c| Malice Incarnate|why\n|c|\u2606IncandescentCandle|I got a feeling you would have predicted me to predict that\n|c|\u2606IncandescentCandle|And I also assessed that I could recover the momentum loss either way\n|\n|t:|1699399194\n|switch|p2a: Joel|Gholdengo|100\/100\n|move|p1a: Left Alone|Ivy Cudgel|p2a: Joel\n|-resisted|p2a: Joel\n|-damage|p2a: Joel|68\/100\n|\n|upkeep\n|turn|2\n|c| Destinum|\"You may have outsmarted me, but I outsmarted your outsmarting!\"\n|j| EeveeGirlStar\n|c| Moonz_e|XD\n|l| EeveeGirlStar\n|\n|t:|1699399243\n|switch|p1a: Open Frenzy|Venusaur, M|100\/100\n|move|p2a: Joel|Shadow Ball|p1a: Open Frenzy\n|-damage|p1a: Open Frenzy|62\/100\n|\n|upkeep\n|turn|3\n|c| SkechiArt|bear is not broken ;-;\n|\n|t:|1699399283\n|switch|p2a: Zardinator|Charizard, F|100\/100\n|detailschange|p1a: Open Frenzy|Venusaur-Mega, M\n|-mega|p1a: Open Frenzy|Venusaur|Venusaurite\n|move|p1a: Open Frenzy|Sludge Bomb|p2a: Zardinator\n|-damage|p2a: Zardinator|55\/100\n|-status|p2a: Zardinator|psn\n|\n|-damage|p2a: Zardinator|43\/100 psn|[from] psn\n|upkeep\n|turn|4\n|c| SkechiArt|its like strong\n|j| EeveeGirlStar\n|c| SkechiArt|but not broken\n|c| Malice Incarnate|HUGE\n|c|\u2606IncandescentCandle|chip is chip ig\n|c| AegiSwaggy|ok yeah i gtg for a bit sadly but ill be back in a reasonable time i hope\n|c| Viviexists|The kanto showdown\n|l| AegiSwaggy\n|c| Astro Rifk|the dragalge effect\n|c| Astro Rifk|if u will\n|c| Malice Incarnate|zard x right\n|c| Astro Rifk|nah itw zard z\n|\n|t:|1699399323\n|switch|p1a: Universal Collapse|Lilligant-Hisui, F|100\/100\n|detailschange|p2a: Zardinator|Charizard-Mega-Y, F\n|-mega|p2a: Zardinator|Charizard|Charizardite Y\n|-weather|SunnyDay|[from] ability: Drought|[of] p2a: Zardinator\n|move|p2a: Zardinator|Air Slash|p1a: Universal Collapse\n|-supereffective|p1a: Universal Collapse\n|-damage|p1a: Universal Collapse|0 fnt\n|faint|p1a: Universal Collapse\n|\n|-weather|SunnyDay|[upkeep]\n|-damage|p2a: Zardinator|30\/100 psn|[from] psn\n|upkeep\n|c| EeveeGirlStar|a b c\n|c| Malice Incarnate|ok vanu dont tank that\n|\n|t:|1699399325\n|switch|p1a: Murderswarm|Meowscarada, M|100\/100\n|turn|5\n|c| Moonz_e|This is an OU team\n|c|\u2606IncandescentCandle|wait\n|c| Moonz_e|So zard Y\n|c| Malice Incarnate|but imagine the plau\n|c|\u2606IncandescentCandle|right\n|c| EeveeGirlStar|rip lilli\n|c|\u2606IncandescentCandle|poor lilli\n|l|\u2606SkillzBP\n|player|p2|\n|c|\u2606IncandescentCandle|does nothing in a sneasler matchup :pensive:\n|j|\u2606SkillzBP\n|player|p2|SkillzBP|hau\n|c| EeveeGirlStar|did not deserve thst\n|c| SkechiArt|having showdex makes this so much cooler to watch\n|c|\u2606SkillzBP|why did it do that\n|c|\u2606SkillzBP|hi again\n|c| Malice Incarnate|if you didnt mega venu and you chloriphil sleep powder her ass\n|c| EeveeGirlStar|YEEEE\n|player|p1|\n|l|incandescentcandle\n|c| EeveeGirlStar|Cooked\n|c| A_Gamer8414|by athy\n|j|\u2606IncandescentCandle\n|player|p1|IncandescentCandle|dawn\n|c| SkechiArt|why would you ever ever run sleep powder on monograss>\n|c| Astro Rifk|athy my sister in spikes wya\n|c| Astro Rifk|oh ok\n|c| A_Gamer8414|welcome back athy\n|c| Astro Rifk|wb\n|c|\u2606IncandescentCandle|tried to change back to the iono avatar\n|c|\u2606IncandescentCandle|didnt work\n|c|\u2606IncandescentCandle|:pensive:\n|c| EeveeGirlStar|sad :(\n|c| Malice Incarnate|sadge\n|c| Moonz_e|Yeah that doesn't work\n|c| SkechiArt|ur dawn now i guess\n|c| SkechiArt|\ud83e\udd37\u200d\u2640\ufe0f\n|l| EeveeGirlStar\n|\n|t:|1699399424\n|switch|p2a: Terrain Up?|Rillaboom, F|100\/100\n|-fieldstart|move: Grassy Terrain|[from] ability: Grassy Surge|[of] p2a: Terrain Up?\n|move|p1a: Murderswarm|Knock Off|p2a: Terrain Up?\n|-start|p1a: Murderswarm|typechange|Dark|[from] ability: Protean\n|-damage|p2a: Terrain Up?|59\/100\n|-enditem|p2a: Terrain Up?|Life Orb|[from] move: Knock Off|[of] p1a: Murderswarm\n|\n|-weather|SunnyDay|[upkeep]\n|-heal|p2a: Terrain Up?|65\/100|[from] Grassy Terrain\n|upkeep\n|turn|6\n|j| EeveeGirlStar\n|l| EeveeGirlStar\n|j| EeveeGirlStar\n|c| Malice Incarnate|huge knock\n|c|\u2606IncandescentCandle|right see so its joever now\n|\n|t:|1699399438\n|switch|p1a: Open Frenzy|Venusaur-Mega, M|62\/100\n|move|p2a: Terrain Up?|U-turn|p1a: Open Frenzy\n|-damage|p1a: Open Frenzy|47\/100\n|c| Malice Incarnate|athy ur playing really well\n|c| EeveeGirlStar|things are happening\n|c| Viviexists|Not joever till its joever ig\n|c| EeveeGirlStar|true\n|c| Moonz_e|Also Bear is just not getting crit for once next game\n|c| Malice Incarnate|skillz is bidone\n|c| Astro Rifk|it may be jover\n|c| EeveeGirlStar|Never know what either side will pull out of their pockets\n|c| Moonz_e|Istg there's something about tera poison Bloodmoons getting crit this tourney\n|c|\u2606IncandescentCandle|ive alr calced the lines at this range, i lose\n|c| Moonz_e|Dest what did you do with RNG?\n|c| Astro Rifk|BIDONE\n|c| Malice Incarnate|eat it\n|c| Astro Rifk|ive never heard that b4 thats fire\n|c| EeveeGirlStar|athy u never know\n|c|\u2606IncandescentCandle|yo skillz can you see my messages\n|c| SkechiArt|bidone!?!?\n|c| Moonz_e|You got it Athy\n|c| EeveeGirlStar|also idts\n|c|\u2606SkillzBP|i can yeah\n|c| EeveeGirlStar|OH\n|c| Destinum|Why are you blaming me Moonz? :(\n|c|\u2606IncandescentCandle|ye thats what i thought\n|c| SkechiArt|ur old\n|c| SkechiArt|:#\n|c| SkechiArt|:3\n|c| EeveeGirlStar|:eyes:\n|c| Destinum|Skechi is always so mean to me. :'(\n|\n|t:|1699399566\n|switch|p2a: Zardinator|Charizard-Mega-Y, F|30\/100 psn|[from] U-turn\n|\n|-weather|SunnyDay|[upkeep]\n|-heal|p1a: Open Frenzy|53\/100|[from] Grassy Terrain\n|-damage|p2a: Zardinator|18\/100 psn|[from] psn\n|upkeep\n|turn|7\n|c| Moonz_e|Athy, just believe in the good old reliable out\n|c| Moonz_e|The oponent throws\n|\n|t:|1699399575\n|switch|p1a: Unholy Insurgency|Whimsicott, M|100\/100\n|move|p2a: Zardinator|Weather Ball|p1a: Unholy Insurgency\n|-supereffective|p1a: Unholy Insurgency\n|-crit|p1a: Unholy Insurgency\n|-damage|p1a: Unholy Insurgency|0 fnt\n|faint|p1a: Unholy Insurgency\n|\n|-weather|SunnyDay|[upkeep]\n|-damage|p2a: Zardinator|5\/100 psn|[from] psn\n|upkeep\n|c| EeveeGirlStar|Chip is chip\n|\n|t:|1699399577\n|switch|p1a: Murderswarm|Meowscarada, M|100\/100\n|turn|8\n|c| SkechiArt|sorry father dest \ud83d\ude22\n|c|\u2606IncandescentCandle|moonz ur so right\n|\n|t:|1699399600\n|move|p1a: Murderswarm|U-turn|p2a: Zardinator\n|-start|p1a: Murderswarm|typechange|Bug|[from] ability: Protean\n|-resisted|p2a: Zardinator\n|-damage|p2a: Zardinator|0 fnt\n|faint|p2a: Zardinator\n|j| Sammmmmmmmmmmmm\n|c| SkechiArt|athy\n|\n|t:|1699399612\n|switch|p1a: Open Frenzy|Venusaur-Mega, M|53\/100|[from] U-turn\n|\n|-weather|none\n|-heal|p1a: Open Frenzy|59\/100|[from] Grassy Terrain\n|upkeep\n|c| SkechiArt|have you considered\n|c| SkechiArt|that ogrepon\n|c| SkechiArt|is her\n|c| Viviexists|Glimmora switch there would have been fire tbh\n|c| EeveeGirlStar|also ngl I think if this does get to mono v mono athy wins\n|c| Sammmmmmmmmmmmm|wait i thought athy was out\n|\n|t:|1699399632\n|switch|p2a: hey check this out|Glimmora, M|100\/100\n|turn|9\n|c| Viviexists|Ok but then she has to do it again\n|c| Moonz_e|Yeah but she needs to win two sets Ztar\n|c| Moonz_e|Star\n|c| Destinum|You'd damn well hope so considering the matchup.\n|c| EeveeGirlStar|true\n|c|\u2606IncandescentCandle|glimms a real meanie\n|c|\u2606IncandescentCandle|it is NOT a real one!!\n|c| Sammmmmmmmmmmmm|or did i imagime that\n|\n|t:|1699399659\n|move|p2a: hey check this out|Stealth Rock|p1a: Open Frenzy\n|-sidestart|p1: IncandescentCandle|move: Stealth Rock\n|move|p1a: Open Frenzy|Earth Power|p2a: hey check this out\n|-supereffective|p2a: hey check this out\n|-enditem|p2a: hey check this out|Focus Sash\n|-damage|p2a: hey check this out|1\/100\n|\n|-heal|p2a: hey check this out|7\/100|[from] Grassy Terrain\n|-heal|p1a: Open Frenzy|65\/100|[from] Grassy Terrain\n|-fieldend|move: Grassy Terrain\n|upkeep\n|turn|10\n|c| EeveeGirlStar|I said if it gets to mono v mono\n|c| Moonz_e|VENUSAUR, CHANNEL ZARD X AND PULL YOUR DEVIL TRIGGER\n|c| Astro Rifk|@sammmmmmmmmmmmmmmmmmmmmmmmmmmmmmmmmmm nah she went to lf\n|c| SkechiArt|Petition\n|c| SkechiArt|fire frosty\n|c| SkechiArt|hire both\n|c|\u2606IncandescentCandle|poor forpy\n|c| SkechiArt|:3\n|c| Sammmmmmmmmmmmm|what does that mean rifk\n|j| GrundleGrimace\n|c| Astro Rifk|losers finals\n|c| Moonz_e|Skechi no i need another tourney\n|c| Astro Rifk|u silly\n|\n|t:|1699399691\n|move|p2a: hey check this out|Sludge Wave|p1a: Open Frenzy\n|-damage|p1a: Open Frenzy|26\/100\n|move|p1a: Open Frenzy|Sludge Bomb|p2a: hey check this out\n|-resisted|p2a: hey check this out\n|-damage|p2a: hey check this out|0 fnt\n|faint|p2a: hey check this out\n|\n|upkeep\n|c| Sammmmmmmmmmmmm|oh i thought that was an i\n|c| Astro Rifk|i dont use caps :sob:\n|c| Malice Incarnate|hey samm can you fight expert mode\n|c|\u2606IncandescentCandle|hm\n|c| Sammmmmmmmmmmmm|who this\n|c| Astro Rifk|unless its grammatically awkward but like\n|c| Astro Rifk|its rarely\n|c| Astro Rifk|bc lik3\n|c| Astro Rifk|like\n|c| SkechiArt|athy trust me\n|c| SkechiArt|youll just hit 4 critss\n|c| SkechiArt|its not that hard\n|c| Astro Rifk|moreso\n|c| A_Gamer8414|just dont lose and youll win\n|\n|t:|1699399760\n|switch|p2a: Joel|Gholdengo|68\/100\n|turn|11\n|c|\u2606IncandescentCandle|hello joel\n|c| Astro Rifk|if the sentence is read differently\n|c| Astro Rifk|ig\n|\n|t:|1699399769\n|switch|p1a: Left Alone|Ogerpon-Cornerstone, F|100\/100\n|-damage|p1a: Left Alone|88\/100|[from] Stealth Rock\n|move|p2a: Joel|Shadow Ball|p1a: Left Alone\n|-damage|p1a: Left Alone|42\/100\n|-unboost|p1a: Left Alone|spd|1\n|\n|upkeep\n|turn|12\n|c|\u2606SkillzBP|joel\n|\n|t:|1699399776\n|switch|p1a: Murderswarm|Meowscarada, M|100\/100\n|-damage|p1a: Murderswarm|88\/100|[from] Stealth Rock\n|move|p2a: Joel|Shadow Ball|p1a: Murderswarm\n|-resisted|p1a: Murderswarm\n|-damage|p1a: Murderswarm|53\/100\n|-unboost|p1a: Murderswarm|spd|1\n|\n|upkeep\n|turn|13\n|c|\u2606IncandescentCandle|serene grace ahh gholdengo\n|c|\u2606IncandescentCandle|bruh\n|c| Moonz_e|Damn that spdef drop ugh\n|c| SkechiArt|serene grace on joe\n|c| EeveeGirlStar|rip\n|c|\u2606IncandescentCandle|doesnt necessarily matter just feels bm\n|c| SkechiArt|so tragic\n|c| Malice Incarnate|all you gotta do is win the ou mu and you win 2-1\n|c| Viviexists|Joel Biden\n|\n|t:|1699399825\n|move|p1a: Murderswarm|U-turn|p2a: Joel\n|-start|p1a: Murderswarm|typechange|Bug|[from] ability: Protean\n|-resisted|p2a: Joel\n|-damage|p2a: Joel|59\/100\n|c| SkechiArt|WAIT\n|c|\u2606SkillzBP|nah i gotchu ts mad annoying\n|c|\u2606IncandescentCandle|ugh\n|c|\u2606SkillzBP|esp twice in a row like damn\n|c| Astro Rifk|@malice incarnate then doing it again\n|\n|t:|1699399838\n|switch|p1a: Left Alone|Ogerpon-Cornerstone, F|42\/100|[from] U-turn\n|-damage|p1a: Left Alone|30\/100|[from] Stealth Rock\n|move|p2a: Joel|Shadow Ball|p1a: Left Alone\n|-damage|p1a: Left Alone|0 fnt\n|faint|p1a: Left Alone\n|\n|upkeep\n|\n|t:|1699399840\n|switch|p1a: Murderswarm|Meowscarada, M|53\/100\n|-damage|p1a: Murderswarm|41\/100|[from] Stealth Rock\n|turn|14\n|c| SkechiArt|THE DEFAULT AV SET FOR MOONBEAR IS CALLED FREDDY\n|\n|t:|1699399847\n|switch|p2a: Terrain Up?|Rillaboom, F|65\/100\n|-fieldstart|move: Grassy Terrain|[from] ability: Grassy Surge|[of] p2a: Terrain Up?\n|move|p1a: Murderswarm|Knock Off|p2a: Terrain Up?\n|-start|p1a: Murderswarm|typechange|Dark|[from] ability: Protean\n|-damage|p2a: Terrain Up?|37\/100\n|\n|-heal|p1a: Murderswarm|47\/100|[from] Grassy Terrain\n|-heal|p2a: Terrain Up?|43\/100|[from] Grassy Terrain\n|upkeep\n|turn|15\n|c| Moonz_e|Yes\n|c| SkechiArt|athy\n|c| EeveeGirlStar|humor\n|c| SkechiArt|hear me out\n|c| Moonz_e|Oh yeah i gotta ask later why the preference for AV Bear\n|c| SkechiArt|just win 1:2\n|\n|t:|1699399891\n|switch|p1a: Open Frenzy|Venusaur-Mega, M|26\/100\n|-damage|p1a: Open Frenzy|13\/100|[from] Stealth Rock\n|move|p2a: Terrain Up?|High Horsepower|p1a: Open Frenzy\n|-damage|p1a: Open Frenzy|0 fnt\n|faint|p1a: Open Frenzy\n|\n|-heal|p2a: Terrain Up?|49\/100|[from] Grassy Terrain\n|upkeep\n|\n|t:|1699399894\n|switch|p1a: Murderswarm|Meowscarada, M|47\/100\n|-damage|p1a: Murderswarm|35\/100|[from] Stealth Rock\n|turn|16\n|c| EeveeGirlStar|<{lxl}>\n|\n|t:|1699399911\n|switch|p2a: Joel|Gholdengo|59\/100\n|move|p1a: Murderswarm|U-turn|p2a: Joel\n|-start|p1a: Murderswarm|typechange|Bug|[from] ability: Protean\n|-resisted|p2a: Joel\n|-damage|p2a: Joel|49\/100\n|\n|t:|1699399913\n|switch|p1a: Toxic Wisdom|Ferrothorn, F|100\/100|[from] U-turn\n|-damage|p1a: Toxic Wisdom|94\/100|[from] Stealth Rock\n|\n|-heal|p2a: Joel|55\/100|[from] Grassy Terrain\n|-heal|p1a: Toxic Wisdom|100\/100|[from] Grassy Terrain\n|upkeep\n|turn|17\n|c|\u2606IncandescentCandle|tbh i dodge focus\n|\n|t:|1699399922\n|move|p2a: Joel|Shadow Ball|p1a: Toxic Wisdom\n|-damage|p1a: Toxic Wisdom|62\/100\n|move|p1a: Toxic Wisdom|Knock Off|p2a: Joel\n|-supereffective|p2a: Joel\n|-damage|p2a: Joel|7\/100\n|-enditem|p2a: Joel|Choice Scarf|[from] move: Knock Off|[of] p1a: Toxic Wisdom\n|\n|-heal|p2a: Joel|13\/100|[from] Grassy Terrain\n|-heal|p1a: Toxic Wisdom|68\/100|[from] Grassy Terrain\n|-heal|p1a: Toxic Wisdom|75\/100|[from] item: Leftovers\n|upkeep\n|turn|18\n|c| EeveeGirlStar|oops\n|\n|t:|1699399930\n|move|p2a: Joel|Trick|p1a: Toxic Wisdom\n|-activate|p2a: Joel|move: Trick|[of] p1a: Toxic Wisdom\n|-enditem|p1a: Toxic Wisdom|Leftovers|[silent]|[from] move: Trick\n|-item|p2a: Joel|Leftovers|[from] move: Trick\n|move|p1a: Toxic Wisdom|Knock Off|p2a: Joel\n|-supereffective|p2a: Joel\n|-crit|p2a: Joel\n|-damage|p2a: Joel|0 fnt\n|-enditem|p2a: Joel|Leftovers|[from] move: Knock Off|[of] p1a: Toxic Wisdom\n|faint|p2a: Joel\n|\n|-heal|p1a: Toxic Wisdom|81\/100|[from] Grassy Terrain\n|-fieldend|move: Grassy Terrain\n|upkeep\n|c| EeveeGirlStar|outplayed (he boosted the knock off)\n|c| SkechiArt|Bro stole ur lefties\n|l| EeveeGirlStar\n|c| Viviexists|Finish with bear\n|c| SkechiArt|so mean ;-;\n|c|\u2606IncandescentCandle|cant have shit in detroit\n|c|\u2606IncandescentCandle|ig\n|c| SkechiArt|athy\n|\n|t:|1699399970\n|switch|p2a: Terrain Up?|Rillaboom, F|49\/100\n|-fieldstart|move: Grassy Terrain|[from] ability: Grassy Surge|[of] p2a: Terrain Up?\n|turn|19\n|c| SkechiArt|listen to peak\n|\n|t:|1699399974\n|move|p2a: Terrain Up?|High Horsepower|p1a: Toxic Wisdom\n|-damage|p1a: Toxic Wisdom|61\/100\n|-damage|p2a: Terrain Up?|37\/100|[from] ability: Iron Barbs|[of] p1a: Toxic Wisdom\n|move|p1a: Toxic Wisdom|Gyro Ball|p2a: Terrain Up?\n|-damage|p2a: Terrain Up?|0 fnt\n|faint|p2a: Terrain Up?\n|\n|-heal|p1a: Toxic Wisdom|67\/100|[from] Grassy Terrain\n|upkeep\n|c| SkechiArt|and you win\n|c| SkechiArt|easy\n|\n|t:|1699399979\n|switch|p2a: U know the vibes\ud83d\udd25|Sneasler, F|100\/100\n|-enditem|p2a: U know the vibes\ud83d\udd25|Grassy Seed\n|-boost|p2a: U know the vibes\ud83d\udd25|def|1|[from] item: Grassy Seed\n|turn|20\n|c|\u2606IncandescentCandle|ye im in range of sneasler cc now\n|c|\u2606IncandescentCandle|fuck this mon\n|-message|IncandescentCandle forfeited.\n|\n|win|SkillzBP\n","uploadtime":1699399991,"views":17,"p1id":"incandescentcandle","p2id":"skillzbp","formatid":"gen9nationaldexubers","rating":0,"private":0,"password":""}