{"id":"gen9nationaldexubers-1984179553","p1":"EVIL-M0DE\ufe0f\ufe0f\ufe0f\ufe0f\ufe0f\u25aa\ufe0f","p2":"Felipe_4142","format":"[Gen 9] National Dex Ubers","log":"|j|\u2606EVIL-M0DE\ufe0f\ufe0f\ufe0f\ufe0f\ufe0f\u25aa\ufe0f\n|j|\u2606Felipe_4142\n|t:|1699227109\n|gametype|singles\n|player|p1|EVIL-M0DE\ufe0f\ufe0f\ufe0f\ufe0f\ufe0f\u25aa\ufe0f|guitarist|1126\n|player|p2|Felipe_4142|265|1073\n|teamsize|p1|6\n|teamsize|p2|6\n|gen|9\n|tier|[Gen 9] National Dex Ubers\n|rated|\n|rule|HP Percentage Mod: HP is shown in percentages\n|rule|Endless Battle Clause: Forcing endless battles is banned\n|rule|OHKO Clause: OHKO moves are banned\n|rule|Evasion Moves Clause: Evasion moves are banned\n|rule|Evasion Items Clause: Evasion items are banned\n|rule|Species Clause: Limit one of each Pok\u00e9mon\n|rule|Sleep Clause Mod: Limit one foe put to sleep\n|rule|Mega Rayquaza Clause: You cannot mega evolve Rayquaza\n|clearpoke\n|poke|p1|Umbreon, M|\n|poke|p1|Grimmsnarl, M|\n|poke|p1|Houndoom, M|\n|poke|p1|Darkrai|\n|poke|p1|Yveltal|\n|poke|p1|Hoopa-Unbound|\n|poke|p2|Pyukumuku, F|\n|poke|p2|Scizor, F|\n|poke|p2|Dragapult, M|\n|poke|p2|Ho-Oh|\n|poke|p2|Hatterene, F|\n|poke|p2|Rillaboom, F|\n|teampreview\n|\n|t:|1699227122\n|start\n|switch|p1a: \u26ab\ufe0fUMBREON\u26ab\ufe0f|Umbreon, M, shiny|100\/100\n|switch|p2a: Hatterene|Hatterene, F|100\/100\n|turn|1\n|\n|t:|1699227139\n|switch|p2a: Pyukumuku|Pyukumuku, F|100\/100\n|move|p1a: \u26ab\ufe0fUMBREON\u26ab\ufe0f|Dark Pulse|p2a: Pyukumuku\n|-damage|p2a: Pyukumuku|78\/100\n|\n|-heal|p2a: Pyukumuku|84\/100|[from] item: Leftovers\n|upkeep\n|turn|2\n|\n|t:|1699227148\n|move|p1a: \u26ab\ufe0fUMBREON\u26ab\ufe0f|Fake Tears|p2a: Pyukumuku\n|-unboost|p2a: Pyukumuku|spd|2\n|move|p2a: Pyukumuku|Toxic|p1a: \u26ab\ufe0fUMBREON\u26ab\ufe0f\n|-status|p1a: \u26ab\ufe0fUMBREON\u26ab\ufe0f|tox\n|\n|-heal|p2a: Pyukumuku|90\/100|[from] item: Leftovers\n|-damage|p1a: \u26ab\ufe0fUMBREON\u26ab\ufe0f|94\/100 tox|[from] psn\n|upkeep\n|turn|3\n|\n|t:|1699227157\n|move|p1a: \u26ab\ufe0fUMBREON\u26ab\ufe0f|Dark Pulse|p2a: Pyukumuku\n|-damage|p2a: Pyukumuku|41\/100\n|move|p2a: Pyukumuku|Taunt|p1a: \u26ab\ufe0fUMBREON\u26ab\ufe0f\n|-start|p1a: \u26ab\ufe0fUMBREON\u26ab\ufe0f|move: Taunt\n|\n|-heal|p2a: Pyukumuku|47\/100|[from] item: Leftovers\n|-damage|p1a: \u26ab\ufe0fUMBREON\u26ab\ufe0f|82\/100 tox|[from] psn\n|upkeep\n|turn|4\n|\n|t:|1699227167\n|move|p1a: \u26ab\ufe0fUMBREON\u26ab\ufe0f|Dark Pulse|p2a: Pyukumuku\n|-damage|p2a: Pyukumuku|0 fnt\n|faint|p2a: Pyukumuku\n|\n|-damage|p1a: \u26ab\ufe0fUMBREON\u26ab\ufe0f|64\/100 tox|[from] psn\n|upkeep\n|\n|t:|1699227176\n|switch|p2a: Scizor|Scizor, F|100\/100\n|turn|5\n|\n|t:|1699227180\n|detailschange|p2a: Scizor|Scizor-Mega, F\n|-mega|p2a: Scizor|Scizor|Scizorite\n|move|p2a: Scizor|Swords Dance|p2a: Scizor\n|-boost|p2a: Scizor|atk|2\n|move|p1a: \u26ab\ufe0fUMBREON\u26ab\ufe0f|Foul Play|p2a: Scizor\n|-damage|p2a: Scizor|0 fnt\n|faint|p2a: Scizor\n|\n|-damage|p1a: \u26ab\ufe0fUMBREON\u26ab\ufe0f|40\/100 tox|[from] psn\n|upkeep\n|-message|Felipe_4142 forfeited.\n|\n|win|EVIL-M0DE\ufe0f\ufe0f\ufe0f\ufe0f\ufe0f\u25aa\ufe0f\n|raw|EVIL-M0DE\ufe0f\ufe0f\ufe0f\ufe0f\ufe0f\u25aa\ufe0f's rating: 1126 &rarr; <strong>1147<\/strong><br \/>(+21 for winning)\n|raw|Felipe_4142's rating: 1073 &rarr; <strong>1055<\/strong><br \/>(-18 for losing)\n|l|\u2606Felipe_4142\n|l|\u2606EVIL-M0DE\ufe0f\ufe0f\ufe0f\ufe0f\ufe0f\u25aa\ufe0f\n|j|\u2606EVIL-M0DE\ufe0f\ufe0f\ufe0f\ufe0f\ufe0f\u25aa\ufe0f\n|player|p1|EVIL-M0DE\ufe0f\ufe0f\ufe0f\ufe0f\ufe0f\u25aa\ufe0f|guitarist\n","uploadtime":1699227219,"views":4,"p1id":"evilm0de","p2id":"felipe4142","formatid":"gen9nationaldexubers","rating":1055,"private":0,"password":""}