{"id":"gen9nationaldexubers-1988328900","p1":"Cosbel","p2":"carteredwinwoods","format":"[Gen 9] National Dex Ubers","log":"|j|\u2606Cosbel\n|j|\u2606carteredwinwoods\n|t:|1699709354\n|gametype|singles\n|player|p1|Cosbel|scientist-gen4dp|1040\n|player|p2|carteredwinwoods|olympia|1094\n|teamsize|p1|6\n|teamsize|p2|6\n|gen|9\n|tier|[Gen 9] National Dex Ubers\n|rated|\n|rule|HP Percentage Mod: HP is shown in percentages\n|rule|Endless Battle Clause: Forcing endless battles is banned\n|rule|OHKO Clause: OHKO moves are banned\n|rule|Evasion Moves Clause: Evasion moves are banned\n|rule|Evasion Items Clause: Evasion items are banned\n|rule|Species Clause: Limit one of each Pok\u00e9mon\n|rule|Sleep Clause Mod: Limit one foe put to sleep\n|rule|Mega Rayquaza Clause: You cannot mega evolve Rayquaza\n|clearpoke\n|poke|p1|Zekrom|\n|poke|p1|Deoxys-Attack|\n|poke|p1|Darkrai|\n|poke|p1|Necrozma-Dusk-Mane|\n|poke|p1|Arceus-Water|\n|poke|p1|Steelix, M|\n|poke|p2|Vaporeon, F|\n|poke|p2|Jolteon, M|\n|poke|p2|Ninetales-Alola, F|\n|poke|p2|Clefable, F|\n|poke|p2|Snorlax, M|\n|poke|p2|Kangaskhan, F|\n|teampreview\n|inactive|Battle timer is ON: inactive players will automatically lose when time's up. (requested by Cosbel)\n|\n|t:|1699709367\n|start\n|switch|p1a: Pecial|Steelix, M|100\/100\n|switch|p2a: Clefable|Clefable, F, shiny|100\/100\n|turn|1\n|\n|t:|1699709387\n|detailschange|p1a: Pecial|Steelix-Mega, M\n|-mega|p1a: Pecial|Steelix|Steelixite\n|move|p2a: Clefable|Trick||[still]\n|-fail|p2a: Clefable\n|move|p1a: Pecial|Stealth Rock|p2a: Clefable\n|-sidestart|p2: carteredwinwoods|move: Stealth Rock\n|\n|upkeep\n|turn|2\n|\n|t:|1699709395\n|move|p2a: Clefable|Stealth Rock|p1a: Pecial\n|-sidestart|p1: Cosbel|move: Stealth Rock\n|move|p1a: Pecial|Curse|p1a: Pecial\n|-unboost|p1a: Pecial|spe|1\n|-boost|p1a: Pecial|atk|1\n|-boost|p1a: Pecial|def|1\n|\n|upkeep\n|turn|3\n|-message|carteredwinwoods forfeited.\n|\n|win|Cosbel\n|raw|Cosbel's rating: 1040 &rarr; <strong>1079<\/strong><br \/>(+39 for winning)\n|raw|carteredwinwoods's rating: 1094 &rarr; <strong>1066<\/strong><br \/>(-28 for losing)\n|l|\u2606carteredwinwoods\n","uploadtime":1699709402,"views":20,"p1id":"cosbel","p2id":"carteredwinwoods","formatid":"gen9nationaldexubers","rating":1066,"private":0,"password":""}