{"id":"gen9nationaldexubers-1981244417","p1":"JesterPennetrqte","p2":"DaPU 1AVE","format":"[Gen 9] National Dex Ubers","log":"|j|\u2606JesterPennetrqte\n|j|\u2606DaPU 1AVE\n|t:|1698875823\n|gametype|singles\n|player|p1|JesterPennetrqte|1|1123\n|player|p2|DaPU 1AVE|will|1040\n|teamsize|p1|6\n|teamsize|p2|6\n|gen|9\n|tier|[Gen 9] National Dex Ubers\n|rated|\n|rule|HP Percentage Mod: HP is shown in percentages\n|rule|Endless Battle Clause: Forcing endless battles is banned\n|rule|OHKO Clause: OHKO moves are banned\n|rule|Evasion Moves Clause: Evasion moves are banned\n|rule|Evasion Items Clause: Evasion items are banned\n|rule|Species Clause: Limit one of each Pok\u00e9mon\n|rule|Sleep Clause Mod: Limit one foe put to sleep\n|rule|Mega Rayquaza Clause: You cannot mega evolve Rayquaza\n|clearpoke\n|poke|p1|Necrozma-Dusk-Mane|\n|poke|p1|Groudon|\n|poke|p1|Marshadow|\n|poke|p1|Tapu Koko|\n|poke|p1|Greninja-*, M|\n|poke|p1|Chien-Pao|\n|poke|p2|Baxcalibur, M|\n|poke|p2|Emolga, M|\n|poke|p2|Greninja-*, F|\n|poke|p2|Rampardos, M|\n|poke|p2|Kleavor, M|\n|poke|p2|Reshiram|\n|teampreview\n|inactive|Battle timer is ON: inactive players will automatically lose when time's up. (requested by JesterPennetrqte)\n|c|\u2606DaPU 1AVE|ok it s gonna be tough xD\n|c|\u2606DaPU 1AVE|glhf\n|inactive|DaPU 1AVE has 120 seconds left.\n|c|\u2606JesterPennetrqte|Lol\n|c|\u2606JesterPennetrqte|u2\n|c|\u2606JesterPennetrqte|also\n|c|\u2606JesterPennetrqte|not\n|\n|t:|1698875865\n|start\n|switch|p1a: Groudon|Groudon|100\/100\n|switch|p2a: Rampardos|Rampardos, M|100\/100\n|-ability|p2a: Rampardos|Mold Breaker\n|detailschange|p1a: Groudon|Groudon-Primal\n|-primal|p1a: Groudon|Red Orb\n|-weather|DesolateLand|[from] ability: Desolate Land|[of] p1a: Groudon\n|turn|1\n|l|\u2606JesterPennetrqte\n|inactive|JesterPennetrqte disconnected and has a minute to reconnect!\n|player|p1|\n|j| Vahetechniciensup\n|inactive|JesterPennetrqte has 30 seconds to reconnect!\n|inactive|JesterPennetrqte has 20 seconds to reconnect!\n|inactive|JesterPennetrqte has 15 seconds to reconnect!\n|inactive|JesterPennetrqte has 10 seconds to reconnect!\n|c| Vahetechniciensup|ure so funny\n|inactive|JesterPennetrqte has 5 seconds to reconnect!\n|c| Vahetechniciensup|dick sucker\n|-message|JesterPennetrqte lost due to inactivity.\n|\n|win|DaPU 1AVE\n|raw|JesterPennetrqte's rating: 1123 &rarr; <strong>1092<\/strong><br \/>(-31 for losing)\n|raw|DaPU 1AVE's rating: 1040 &rarr; <strong>1082<\/strong><br \/>(+42 for winning)\n","uploadtime":1698875923,"views":9,"p1id":"jesterpennetrqte","p2id":"dapu1ave","formatid":"gen9nationaldexubers","rating":1082,"private":0,"password":""}