{"id":"gen9nationaldexubers-1981767968","p1":"yarujohto","p2":"DrArkane15","format":"[Gen 9] National Dex Ubers","log":"|j|\u2606yarujohto\n|j|\u2606DrArkane15\n|t:|1698940134\n|gametype|singles\n|player|p1|yarujohto|lucas|\n|player|p2|DrArkane15|cyrus|\n|teamsize|p1|6\n|teamsize|p2|2\n|gen|9\n|tier|[Gen 9] National Dex Ubers\n|rule|HP Percentage Mod: HP is shown in percentages\n|rule|Endless Battle Clause: Forcing endless battles is banned\n|rule|OHKO Clause: OHKO moves are banned\n|rule|Evasion Moves Clause: Evasion moves are banned\n|rule|Evasion Items Clause: Evasion items are banned\n|rule|Species Clause: Limit one of each Pok\u00e9mon\n|rule|Sleep Clause Mod: Limit one foe put to sleep\n|rule|Mega Rayquaza Clause: You cannot mega evolve Rayquaza\n|clearpoke\n|poke|p1|Eevee, L11, M|\n|poke|p1|Purrloin, L7, F|\n|poke|p1|Lillipup, L7, M|\n|poke|p1|Taillow, L15, F|\n|poke|p1|Poliwag, L7, F|\n|poke|p1|Pikipek, L8, M|\n|poke|p2|Riolu, L15, M|\n|poke|p2|Kubfu, L13, F|\n|teampreview\n|\n|t:|1698940141\n|start\n|switch|p1a: Poliwag|Poliwag, L7, F|100\/100\n|switch|p2a: Kubfu|Kubfu, L13, F|100\/100\n|turn|1\n|\n|t:|1698940147\n|move|p2a: Kubfu|Rock Smash|p1a: Poliwag\n|-damage|p1a: Poliwag|0 fnt\n|faint|p1a: Poliwag\n|\n|upkeep\n|\n|t:|1698940154\n|switch|p1a: Lillipup|Lillipup, L7, M|100\/100\n|turn|2\n|\n|t:|1698940158\n|move|p2a: Kubfu|Rock Smash|p1a: Lillipup\n|-supereffective|p1a: Lillipup\n|-damage|p1a: Lillipup|0 fnt\n|faint|p1a: Lillipup\n|\n|upkeep\n|\n|t:|1698940163\n|switch|p1a: Purrloin|Purrloin, L7, F|100\/100\n|turn|3\n|\n|t:|1698940168\n|move|p2a: Kubfu|Rock Smash|p1a: Purrloin\n|-supereffective|p1a: Purrloin\n|-damage|p1a: Purrloin|0 fnt\n|faint|p1a: Purrloin\n|\n|upkeep\n|\n|t:|1698940173\n|switch|p1a: Eevee|Eevee, L11, M|100\/100\n|turn|4\n|\n|t:|1698940177\n|move|p1a: Eevee|Quick Attack|p2a: Kubfu\n|-damage|p2a: Kubfu|72\/100\n|move|p2a: Kubfu|Rock Smash|p1a: Eevee\n|-supereffective|p1a: Eevee\n|-damage|p1a: Eevee|0 fnt\n|faint|p1a: Eevee\n|\n|upkeep\n|\n|t:|1698940184\n|switch|p1a: Pikipek|Pikipek, L8, M|100\/100\n|turn|5\n|\n|t:|1698940189\n|move|p2a: Kubfu|Rock Smash|p1a: Pikipek\n|-damage|p1a: Pikipek|0 fnt\n|faint|p1a: Pikipek\n|\n|upkeep\n|\n|t:|1698940194\n|switch|p1a: Taillow|Taillow, L15, F|100\/100\n|turn|6\n|\n|t:|1698940208\n|move|p1a: Taillow|Wing Attack|p2a: Kubfu\n|-supereffective|p2a: Kubfu\n|-damage|p2a: Kubfu|0 fnt\n|faint|p2a: Kubfu\n|\n|upkeep\n|\n|t:|1698940213\n|switch|p2a: Riolu|Riolu, L15, M|100\/100\n|turn|7\n|\n|t:|1698940217\n|move|p1a: Taillow|Wing Attack|p2a: Riolu\n|-supereffective|p2a: Riolu\n|-damage|p2a: Riolu|0 fnt\n|faint|p2a: Riolu\n|\n|win|yarujohto\n","uploadtime":1698940225,"views":15,"p1id":"yarujohto","p2id":"drarkane15","formatid":"gen9nationaldexubers","rating":0,"private":0,"password":""}