{"id":"gen9nationaldexubers-1981866109","p1":"Neosouls","p2":"ArthurXcalibur","format":"[Gen 9] National Dex Ubers","log":"|j|\u2606Neosouls\n|j|\u2606ArthurXcalibur\n|t:|1698947538\n|gametype|singles\n|player|p1|Neosouls|2|\n|player|p2|ArthurXcalibur|riley|\n|teamsize|p1|3\n|teamsize|p2|6\n|gen|9\n|tier|[Gen 9] National Dex Ubers\n|rule|HP Percentage Mod: HP is shown in percentages\n|rule|Endless Battle Clause: Forcing endless battles is banned\n|rule|OHKO Clause: OHKO moves are banned\n|rule|Evasion Moves Clause: Evasion moves are banned\n|rule|Evasion Items Clause: Evasion items are banned\n|rule|Species Clause: Limit one of each Pok\u00e9mon\n|rule|Sleep Clause Mod: Limit one foe put to sleep\n|rule|Mega Rayquaza Clause: You cannot mega evolve Rayquaza\n|clearpoke\n|poke|p1|Lycanroc-Dusk, L25, M|\n|poke|p1|Drednaw, L22, M|\n|poke|p1|Graveler, L20, F|\n|poke|p2|Marshtomp, L25, M|\n|poke|p2|Alakazam, L25, M|\n|poke|p2|Ivysaur, L25, M|\n|poke|p2|Pawniard, L23, F|\n|poke|p2|Steelix, L25, F|\n|poke|p2|Grovyle, L22, F|\n|teampreview\n|inactive|Battle timer is ON: inactive players will automatically lose when time's up. (requested by ArthurXcalibur)\n|\n|t:|1698947553\n|start\n|switch|p1a: Lycanroc|Lycanroc-Dusk, L25, M|100\/100\n|switch|p2a: Fafnir|Steelix, L25, F|100\/100\n|turn|1\n|\n|t:|1698947563\n|move|p1a: Lycanroc|Close Combat|p2a: Fafnir\n|-supereffective|p2a: Fafnir\n|-damage|p2a: Fafnir|35\/100\n|-unboost|p1a: Lycanroc|def|1\n|-unboost|p1a: Lycanroc|spd|1\n|move|p2a: Fafnir|Bulldoze|p1a: Lycanroc\n|-supereffective|p1a: Lycanroc\n|-damage|p1a: Lycanroc|0 fnt\n|faint|p1a: Lycanroc\n|\n|upkeep\n|\n|t:|1698947572\n|switch|p1a: Drednaw|Drednaw, L22, M|100\/100\n|turn|2\n|\n|t:|1698947583\n|move|p1a: Drednaw|Razor Shell|p2a: Fafnir\n|-supereffective|p2a: Fafnir\n|-damage|p2a: Fafnir|0 fnt\n|faint|p2a: Fafnir\n|\n|upkeep\n|j| DrArkane15\n|\n|t:|1698947589\n|switch|p2a: Grovyle|Grovyle, L22, F|100\/100\n|turn|3\n|\n|t:|1698947597\n|move|p2a: Grovyle|Energy Ball|p1a: Drednaw\n|-supereffective|p1a: Drednaw\n|-damage|p1a: Drednaw|0 fnt\n|faint|p1a: Drednaw\n|\n|upkeep\n|j| Laewen\n|\n|t:|1698947602\n|switch|p1a: Graveler|Graveler, L20, F|100\/100\n|turn|4\n|\n|t:|1698947609\n|move|p2a: Grovyle|Energy Ball|p1a: Graveler\n|-supereffective|p1a: Graveler\n|-damage|p1a: Graveler|0 fnt\n|faint|p1a: Graveler\n|\n|win|ArthurXcalibur\n|l| Laewen\n","uploadtime":1698947617,"views":10,"p1id":"neosouls","p2id":"arthurxcalibur","formatid":"gen9nationaldexubers","rating":0,"private":0,"password":""}