{"id":"gen9nationaldexubers-1984857116","p1":"Haircut Warrior","p2":"swunkey","format":"[Gen 9] National Dex Ubers","log":"|j|\u2606Haircut Warrior\n|j|\u2606swunkey\n|t:|1699304970\n|gametype|singles\n|player|p1|Haircut Warrior|lady-gen4|1142\n|player|p2|swunkey|hau-stance|1091\n|teamsize|p1|6\n|teamsize|p2|6\n|gen|9\n|tier|[Gen 9] National Dex Ubers\n|rated|\n|rule|HP Percentage Mod: HP is shown in percentages\n|rule|Endless Battle Clause: Forcing endless battles is banned\n|rule|OHKO Clause: OHKO moves are banned\n|rule|Evasion Moves Clause: Evasion moves are banned\n|rule|Evasion Items Clause: Evasion items are banned\n|rule|Species Clause: Limit one of each Pok\u00e9mon\n|rule|Sleep Clause Mod: Limit one foe put to sleep\n|rule|Mega Rayquaza Clause: You cannot mega evolve Rayquaza\n|clearpoke\n|poke|p1|Dugtrio-Alola, F|\n|poke|p1|Meloetta|\n|poke|p1|Grimmsnarl, M|\n|poke|p1|Mawile, F|\n|poke|p1|Pheromosa|\n|poke|p1|Hatterene, F|\n|poke|p2|Salazzle, F|\n|poke|p2|Zamazenta-*|\n|poke|p2|Ninetales-Alola, F|\n|poke|p2|Greninja-*, M|\n|poke|p2|Ceruledge, F|\n|poke|p2|Quaquaval, M|\n|teampreview\n|inactive|Battle timer is ON: inactive players will automatically lose when time's up. (requested by swunkey)\n|inactive|Haircut Warrior also wants the timer to be on.\n|c|\u2606swunkey|i am in LOVE with this whole aesthetic\n|inactive|swunkey has 120 seconds left.\n|\n|t:|1699305001\n|start\n|switch|p1a: Grimmsnarl|Grimmsnarl, M|100\/100\n|switch|p2a: Ninetales|Ninetales-Alola, F|100\/100\n|-weather|Snow|[from] ability: Snow Warning|[of] p2a: Ninetales\n|turn|1\n|c|\u2606Haircut Warrior|Thanks :)\n|n|!swunkey|swunkey\n|inactive|swunkey has 120 seconds left.\n|\n|t:|1699305040\n|move|p1a: Grimmsnarl|Taunt|p2a: Ninetales\n|-start|p2a: Ninetales|move: Taunt\n|cant|p2a: Ninetales|move: Taunt|Aurora Veil\n|\n|-weather|Snow|[upkeep]\n|upkeep\n|turn|2\n|\n|t:|1699305050\n|switch|p2a: Greninja|Greninja, M|100\/100\n|move|p1a: Grimmsnarl|Play Rough|p2a: Greninja\n|-supereffective|p2a: Greninja\n|-damage|p2a: Greninja|0 fnt\n|faint|p2a: Greninja\n|\n|-weather|Snow|[upkeep]\n|upkeep\n|\n|t:|1699305057\n|switch|p2a: Zamazenta|Zamazenta-Crowned|100\/100\n|-ability|p2a: Zamazenta|Dauntless Shield|boost\n|-boost|p2a: Zamazenta|def|1\n|turn|3\n|\n|t:|1699305063\n|move|p1a: Grimmsnarl|Reflect|p1a: Grimmsnarl\n|-sidestart|p1: Haircut Warrior|Reflect\n|move|p2a: Zamazenta|Behemoth Bash|p1a: Grimmsnarl\n|-supereffective|p1a: Grimmsnarl\n|-damage|p1a: Grimmsnarl|49\/100\n|\n|-weather|Snow|[upkeep]\n|upkeep\n|turn|4\n|\n|t:|1699305072\n|move|p1a: Grimmsnarl|Light Screen|p1a: Grimmsnarl\n|-sidestart|p1: Haircut Warrior|move: Light Screen\n|move|p2a: Zamazenta|Behemoth Bash|p1a: Grimmsnarl\n|-supereffective|p1a: Grimmsnarl\n|-damage|p1a: Grimmsnarl|0 fnt\n|faint|p1a: Grimmsnarl\n|\n|-weather|Snow|[upkeep]\n|upkeep\n|\n|t:|1699305085\n|switch|p1a: Dugtrio|Dugtrio-Alola, F|100\/100\n|turn|5\n|-message|swunkey forfeited.\n|\n|win|Haircut Warrior\n|raw|Haircut Warrior's rating: 1142 &rarr; <strong>1163<\/strong><br \/>(+21 for winning)\n|raw|swunkey's rating: 1091 &rarr; <strong>1071<\/strong><br \/>(-20 for losing)\n","uploadtime":1699305014,"views":5,"p1id":"haircutwarrior","p2id":"swunkey","formatid":"gen9nationaldexubers","rating":1071,"private":0,"password":""}