{"id":"gen9nationaldexubers-1996637284","p1":"KingoftheTitans","p2":"Lucksq","format":"[Gen 9] National Dex Ubers","log":"|j|\u2606KingoftheTitans\n|j|\u2606Lucksq\n|t:|1700703590\n|gametype|singles\n|player|p1|KingoftheTitans|2|1155\n|player|p2|Lucksq|volkner|1065\n|teamsize|p1|6\n|teamsize|p2|1\n|gen|9\n|tier|[Gen 9] National Dex Ubers\n|rated|\n|rule|HP Percentage Mod: HP is shown in percentages\n|rule|Endless Battle Clause: Forcing endless battles is banned\n|rule|OHKO Clause: OHKO moves are banned\n|rule|Evasion Moves Clause: Evasion moves are banned\n|rule|Evasion Items Clause: Evasion items are banned\n|rule|Species Clause: Limit one of each Pok\u00e9mon\n|rule|Sleep Clause Mod: Limit one foe put to sleep\n|rule|Mega Rayquaza Clause: You cannot mega evolve Rayquaza\n|clearpoke\n|poke|p1|Ogerpon, F|\n|poke|p1|Buzzwole|\n|poke|p1|Breloom, M|\n|poke|p1|Bronzong|\n|poke|p1|Sceptile, M|\n|poke|p1|Basculegion-F, F|\n|poke|p2|Enamorus-Therian, F|\n|teampreview\n|\n|t:|1700703599\n|start\n|switch|p1a: Bronzong|Bronzong|100\/100\n|switch|p2a: Enamorus|Enamorus-Therian, F|100\/100\n|turn|1\n|\n|t:|1700703605\n|-terastallize|p2a: Enamorus|Fairy\n|move|p2a: Enamorus|Springtide Storm|p1a: Bronzong\n|-resisted|p1a: Bronzong\n|-damage|p1a: Bronzong|61\/100\n|move|p1a: Bronzong|Toxic|p2a: Enamorus\n|-status|p2a: Enamorus|tox\n|\n|-heal|p1a: Bronzong|67\/100|[from] item: Leftovers\n|-damage|p2a: Enamorus|95\/100 tox|[from] psn\n|upkeep\n|turn|2\n|\n|t:|1700703615\n|move|p2a: Enamorus|Springtide Storm|p1a: Bronzong\n|-resisted|p1a: Bronzong\n|-damage|p1a: Bronzong|26\/100\n|-unboost|p1a: Bronzong|atk|1\n|move|p1a: Bronzong|Gyro Ball|p2a: Enamorus\n|-supereffective|p2a: Enamorus\n|-damage|p2a: Enamorus|77\/100 tox\n|\n|-heal|p1a: Bronzong|32\/100|[from] item: Leftovers\n|-damage|p2a: Enamorus|65\/100 tox|[from] psn\n|upkeep\n|turn|3\n|\n|t:|1700703630\n|move|p2a: Enamorus|Springtide Storm|p1a: Bronzong\n|-resisted|p1a: Bronzong\n|-damage|p1a: Bronzong|0 fnt\n|faint|p1a: Bronzong\n|\n|-damage|p2a: Enamorus|48\/100 tox|[from] psn\n|upkeep\n|\n|t:|1700703636\n|switch|p1a: Sceptile|Sceptile, M|100\/100\n|turn|4\n|\n|t:|1700703639\n|detailschange|p1a: Sceptile|Sceptile-Mega, M\n|-mega|p1a: Sceptile|Sceptile|Sceptilite\n|move|p1a: Sceptile|Leaf Storm|p2a: Enamorus\n|-damage|p2a: Enamorus|0 fnt\n|-unboost|p1a: Sceptile|spa|2\n|faint|p2a: Enamorus\n|\n|win|KingoftheTitans\n|raw|KingoftheTitans's rating: 1155 &rarr; <strong>1174<\/strong><br \/>(+19 for winning)\n|raw|Lucksq's rating: 1065 &rarr; <strong>1050<\/strong><br \/>(-15 for losing)\n","uploadtime":1700703656,"views":1,"p1id":"kingofthetitans","p2id":"lucksq","formatid":"gen9nationaldexubers","rating":1050,"private":0,"password":""}