{"id":"gen9nationaldexubers-1978107798","p1":"youssefjaipasdin","p2":"DrArkane15","format":"[Gen 9] National Dex Ubers","log":"|j|\u2606youssefjaipasdin\n|j|\u2606DrArkane15\n|t:|1698500300\n|gametype|singles\n|player|p1|youssefjaipasdin|lucas|\n|player|p2|DrArkane15|cyrus|\n|teamsize|p1|3\n|teamsize|p2|2\n|gen|9\n|tier|[Gen 9] National Dex Ubers\n|rule|HP Percentage Mod: HP is shown in percentages\n|rule|Endless Battle Clause: Forcing endless battles is banned\n|rule|OHKO Clause: OHKO moves are banned\n|rule|Evasion Moves Clause: Evasion moves are banned\n|rule|Evasion Items Clause: Evasion items are banned\n|rule|Species Clause: Limit one of each Pok\u00e9mon\n|rule|Sleep Clause Mod: Limit one foe put to sleep\n|rule|Mega Rayquaza Clause: You cannot mega evolve Rayquaza\n|clearpoke\n|poke|p1|Riolu, L8, M|\n|poke|p1|Taillow, L13, F|\n|poke|p1|Magikarp, L4, F|\n|poke|p2|Riolu, L15, F|\n|poke|p2|Kubfu, L13, F|\n|teampreview\n|\n|t:|1698500306\n|start\n|switch|p1a: Riolu|Riolu, L8, M|100\/100\n|switch|p2a: Kubfu|Kubfu, L13, F|100\/100\n|turn|1\n|\n|t:|1698500313\n|switch|p1a: Magikarp|Magikarp, L4, F|100\/100\n|move|p2a: Kubfu|Leer|p1a: Magikarp\n|-unboost|p1a: Magikarp|def|1\n|\n|upkeep\n|turn|2\n|\n|t:|1698500319\n|move|p2a: Kubfu|Rock Smash|p1a: Magikarp\n|-crit|p1a: Magikarp\n|-damage|p1a: Magikarp|0 fnt\n|faint|p1a: Magikarp\n|\n|upkeep\n|\n|t:|1698500326\n|switch|p1a: Taillow|Taillow, L13, F|100\/100\n|turn|3\n|\n|t:|1698500330\n|move|p2a: Kubfu|Leer|p1a: Taillow\n|-unboost|p1a: Taillow|def|1\n|move|p1a: Taillow|Peck|p2a: Kubfu\n|-supereffective|p2a: Kubfu\n|-crit|p2a: Kubfu\n|-damage|p2a: Kubfu|29\/100\n|\n|upkeep\n|turn|4\n|\n|t:|1698500341\n|switch|p1a: Riolu|Riolu, L8, M|100\/100\n|move|p2a: Kubfu|Rock Smash|p1a: Riolu\n|-damage|p1a: Riolu|27\/100\n|\n|upkeep\n|turn|5\n|j| Half_A_Ako\n|\n|t:|1698500361\n|move|p1a: Riolu|Bullet Punch|p2a: Kubfu\n|-damage|p2a: Kubfu|20\/100\n|move|p2a: Kubfu|Rock Smash|p1a: Riolu\n|-damage|p1a: Riolu|0 fnt\n|faint|p1a: Riolu\n|\n|upkeep\n|\n|t:|1698500371\n|switch|p1a: Taillow|Taillow, L13, F|100\/100\n|turn|6\n|\n|t:|1698500375\n|move|p1a: Taillow|Quick Attack|p2a: Kubfu\n|-damage|p2a: Kubfu|0 fnt\n|faint|p2a: Kubfu\n|\n|upkeep\n|c| Half_A_Ako|aie aie aie\n|\n|t:|1698500380\n|switch|p2a: Riolu|Riolu, L15, F|100\/100\n|turn|7\n|\n|t:|1698500383\n|move|p1a: Taillow|Wing Attack|p2a: Riolu\n|-supereffective|p2a: Riolu\n|-damage|p2a: Riolu|13\/100\n|move|p2a: Riolu|Counter|p1a: Taillow\n|-damage|p1a: Taillow|0 fnt\n|faint|p1a: Taillow\n|\n|win|DrArkane15\n|c| Half_A_Ako|comme moi\n","uploadtime":1698500392,"views":11,"p1id":"youssefjaipasdin","p2id":"drarkane15","formatid":"gen9nationaldexubers","rating":0,"private":0,"password":""}