{"id":"gen9nationaldexubers-1984815795","p1":"Bblacksniper","p2":"85792195wwww","format":"[Gen 9] National Dex Ubers","log":"|j|\u2606Bblacksniper\n|j|\u260685792195wwww\n|t:|1699301360\n|gametype|singles\n|player|p1|Bblacksniper|102|1679\n|player|p2|85792195wwww|mira|1792\n|teamsize|p1|6\n|teamsize|p2|6\n|gen|9\n|tier|[Gen 9] National Dex Ubers\n|rated|\n|rule|HP Percentage Mod: HP is shown in percentages\n|rule|Endless Battle Clause: Forcing endless battles is banned\n|rule|OHKO Clause: OHKO moves are banned\n|rule|Evasion Moves Clause: Evasion moves are banned\n|rule|Evasion Items Clause: Evasion items are banned\n|rule|Species Clause: Limit one of each Pok\u00e9mon\n|rule|Sleep Clause Mod: Limit one foe put to sleep\n|rule|Mega Rayquaza Clause: You cannot mega evolve Rayquaza\n|clearpoke\n|poke|p1|Yveltal|\n|poke|p1|Necrozma-Dusk-Mane|\n|poke|p1|Ho-Oh|\n|poke|p1|Zygarde|\n|poke|p1|Eternatus|\n|poke|p1|Mewtwo|\n|poke|p2|Zacian-*|\n|poke|p2|Groudon|\n|poke|p2|Krookodile, F|\n|poke|p2|Mewtwo|\n|poke|p2|Xerneas-*|\n|poke|p2|Arceus|\n|teampreview\n|\n|t:|1699301383\n|start\n|switch|p1a: E tour na dus|Eternatus|100\/100\n|switch|p2a: Xerneas|Xerneas|100\/100\n|-ability|p1a: E tour na dus|Pressure\n|-ability|p2a: Xerneas|Fairy Aura\n|turn|1\n|\n|t:|1699301396\n|switch|p2a: Zacian|Zacian-Crowned|100\/100\n|-ability|p2a: Zacian|Intrepid Sword|boost\n|-boost|p2a: Zacian|atk|1\n|move|p1a: E tour na dus|Toxic|p2a: Zacian\n|-immune|p2a: Zacian\n|\n|upkeep\n|turn|2\n|\n|t:|1699301404\n|switch|p1a: I'm defensive trus|Necrozma-Dusk-Mane|100\/100\n|move|p2a: Zacian|Swords Dance|p2a: Zacian\n|-boost|p2a: Zacian|atk|2\n|\n|upkeep\n|turn|3\n|\n|t:|1699301411\n|move|p2a: Zacian|Close Combat|p1a: I'm defensive trus\n|-damage|p1a: I'm defensive trus|27\/100\n|-unboost|p2a: Zacian|def|1\n|-unboost|p2a: Zacian|spd|1\n|move|p1a: I'm defensive trus|Iron Head|p2a: Zacian\n|-damage|p2a: Zacian|43\/100\n|\n|upkeep\n|turn|4\n|\n|t:|1699301434\n|move|p2a: Zacian|Behemoth Blade|p1a: I'm defensive trus\n|-resisted|p1a: I'm defensive trus\n|-damage|p1a: I'm defensive trus|0 fnt\n|faint|p1a: I'm defensive trus\n|\n|upkeep\n|\n|t:|1699301464\n|switch|p1a: Bros over Ho's|Ho-Oh|100\/100\n|-ability|p1a: Bros over Ho's|Pressure\n|turn|5\n|\n|t:|1699301469\n|move|p2a: Zacian|Wild Charge|p1a: Bros over Ho's\n|-supereffective|p1a: Bros over Ho's\n|-damage|p1a: Bros over Ho's|0 fnt\n|faint|p1a: Bros over Ho's\n|-damage|p2a: Zacian|11\/100|[from] Recoil\n|\n|upkeep\n|\n|t:|1699301477\n|switch|p1a: IJUSTLOSTMYDAWG|Yveltal|100\/100\n|-ability|p1a: IJUSTLOSTMYDAWG|Dark Aura\n|turn|6\n|\n|t:|1699301485\n|switch|p1a: E tour na dus|Eternatus|100\/100\n|-ability|p1a: E tour na dus|Pressure\n|move|p2a: Zacian|Behemoth Blade|p1a: E tour na dus\n|-damage|p1a: E tour na dus|0 fnt\n|faint|p1a: E tour na dus\n|\n|upkeep\n|-message|Bblacksniper forfeited.\n|\n|win|85792195wwww\n|raw|Bblacksniper's rating: 1679 &rarr; <strong>1665<\/strong><br \/>(-14 for losing)\n|raw|85792195wwww's rating: 1792 &rarr; <strong>1806<\/strong><br \/>(+14 for winning)\n|l|\u2606Bblacksniper\n","uploadtime":1699301497,"views":5,"p1id":"bblacksniper","p2id":"85792195wwww","formatid":"gen9nationaldexubers","rating":1665,"private":0,"password":""}