{"id":"gen9nationaldexubers-1998920717","p1":"Ap_ex0","p2":"TheEmeraldGamerGuy","format":"[Gen 9] National Dex Ubers","log":"|j|\u2606Ap_ex0\n|j|\u2606TheEmeraldGamerGuy\n|t:|1701013254\n|gametype|singles\n|player|p1|Ap_ex0|preschooler|1042\n|player|p2|TheEmeraldGamerGuy|colress|1045\n|teamsize|p1|6\n|teamsize|p2|6\n|gen|9\n|tier|[Gen 9] National Dex Ubers\n|rated|\n|rule|HP Percentage Mod: HP is shown in percentages\n|rule|Endless Battle Clause: Forcing endless battles is banned\n|rule|OHKO Clause: OHKO moves are banned\n|rule|Evasion Moves Clause: Evasion moves are banned\n|rule|Evasion Items Clause: Evasion items are banned\n|rule|Species Clause: Limit one of each Pok\u00e9mon\n|rule|Sleep Clause Mod: Limit one foe put to sleep\n|rule|Mega Rayquaza Clause: You cannot mega evolve Rayquaza\n|clearpoke\n|poke|p1|Kyogre|\n|poke|p1|Espathra, M|\n|poke|p1|Aron, M|\n|poke|p1|Glimmora, M|\n|poke|p1|Garganacl, M|\n|poke|p1|Basculegion, M|\n|poke|p2|Landorus-Therian, M|\n|poke|p2|Heatran, F|\n|poke|p2|Tangrowth, M|\n|poke|p2|Tapu Lele|\n|poke|p2|Tyranitar, F|\n|poke|p2|Volcarona, F|\n|teampreview\n|inactive|Battle timer is ON: inactive players will automatically lose when time's up. (requested by TheEmeraldGamerGuy)\n|\n|t:|1701013273\n|start\n|switch|p1a: Aron|Aron, M|100\/100\n|switch|p2a: Landorus|Landorus-Therian, M|100\/100\n|-ability|p2a: Landorus|Intimidate|boost\n|-unboost|p1a: Aron|atk|1\n|turn|1\n|\n|t:|1701013277\n|move|p2a: Landorus|U-turn|p1a: Aron\n|-resisted|p1a: Aron\n|-damage|p1a: Aron|91\/100\n|\n|t:|1701013280\n|switch|p2a: Volcarona|Volcarona, F|100\/100|[from] U-turn\n|move|p1a: Aron|Endeavor|p2a: Volcarona\n|-damage|p2a: Volcarona|74\/100\n|-status|p1a: Aron|brn|[from] ability: Flame Body|[of] p2a: Volcarona\n|-heal|p1a: Aron|95\/100 brn|[from] item: Shell Bell|[of] p2a: Volcarona\n|\n|-damage|p1a: Aron|89\/100 brn|[from] brn\n|upkeep\n|turn|2\n|\n|t:|1701013289\n|move|p2a: Volcarona|Flamethrower|p1a: Aron\n|-damage|p1a: Aron|0 fnt\n|faint|p1a: Aron\n|\n|upkeep\n|\n|t:|1701013296\n|switch|p1a: Basculegion|Basculegion, M|100\/100\n|turn|3\n|\n|t:|1701013302\n|switch|p2a: Tangrowth|Tangrowth, M|100\/100\n|move|p1a: Basculegion|Flip Turn|p2a: Tangrowth\n|-resisted|p2a: Tangrowth\n|-damage|p2a: Tangrowth|90\/100\n|-damage|p1a: Basculegion|84\/100|[from] item: Rocky Helmet|[of] p2a: Tangrowth\n|-damage|p1a: Basculegion|74\/100|[from] item: Life Orb\n|l|\u2606Ap_ex0\n|inactive|Ap_ex0 disconnected and has a minute to reconnect!\n|player|p1|\n|inactive|Ap_ex0 has 30 seconds to reconnect!\n|inactive|Ap_ex0 has 20 seconds to reconnect!\n|inactive|Ap_ex0 has 15 seconds to reconnect!\n|inactive|Ap_ex0 has 10 seconds to reconnect!\n|inactive|Ap_ex0 has 5 seconds to reconnect!\n|-message|Ap_ex0 lost due to inactivity.\n|\n|win|TheEmeraldGamerGuy\n|raw|Ap_ex0's rating: 1042 &rarr; <strong>1026<\/strong><br \/>(-16 for losing)\n|raw|TheEmeraldGamerGuy's rating: 1045 &rarr; <strong>1078<\/strong><br \/>(+33 for winning)\n","uploadtime":1701013378,"views":6,"p1id":"apex0","p2id":"theemeraldgamerguy","formatid":"gen9nationaldexubers","rating":1026,"private":0,"password":""}