{"id":"gen9nationaldexubers-1979240360","p1":"KarmaNightraide","p2":"AngwyCat","format":"[Gen 9] National Dex Ubers","log":"|j|\u2606KarmaNightraide\n|j|\u2606AngwyCat\n|t:|1698658925\n|gametype|singles\n|player|p1|KarmaNightraide|unknown|1098\n|player|p2|AngwyCat|lucas-gen4pt|1000\n|teamsize|p1|6\n|teamsize|p2|6\n|gen|9\n|tier|[Gen 9] National Dex Ubers\n|rated|\n|rule|HP Percentage Mod: HP is shown in percentages\n|rule|Endless Battle Clause: Forcing endless battles is banned\n|rule|OHKO Clause: OHKO moves are banned\n|rule|Evasion Moves Clause: Evasion moves are banned\n|rule|Evasion Items Clause: Evasion items are banned\n|rule|Species Clause: Limit one of each Pok\u00e9mon\n|rule|Sleep Clause Mod: Limit one foe put to sleep\n|rule|Mega Rayquaza Clause: You cannot mega evolve Rayquaza\n|clearpoke\n|poke|p1|Aegislash, F|\n|poke|p1|Drifblim, M|\n|poke|p1|Ceruledge, M|\n|poke|p1|Runerigus, M|\n|poke|p1|Basculegion, M|\n|poke|p1|Polteageist-Antique|\n|poke|p2|Metagross|\n|poke|p2|Latias, F|\n|poke|p2|Salamence, M|\n|poke|p2|Rayquaza|\n|poke|p2|Zacian-*|\n|poke|p2|Arceus|\n|teampreview\n|inactive|Battle timer is ON: inactive players will automatically lose when time's up. (requested by KarmaNightraide)\n|\n|t:|1698658962\n|start\n|switch|p1a: Spot of tea?|Polteageist-Antique|100\/100\n|switch|p2a: Metagross|Metagross|100\/100\n|turn|1\n|\n|t:|1698658975\n|move|p1a: Spot of tea?|Shell Smash|p1a: Spot of tea?\n|-unboost|p1a: Spot of tea?|def|1\n|-unboost|p1a: Spot of tea?|spd|1\n|-boost|p1a: Spot of tea?|atk|2\n|-boost|p1a: Spot of tea?|spa|2\n|-boost|p1a: Spot of tea?|spe|2\n|move|p2a: Metagross|Hammer Arm|p1a: Spot of tea?\n|-immune|p1a: Spot of tea?\n|\n|upkeep\n|turn|2\n|\n|t:|1698659000\n|move|p2a: Metagross|Bullet Punch|p1a: Spot of tea?\n|-damage|p1a: Spot of tea?|38\/100\n|-ability|p1a: Spot of tea?|Weak Armor|boost\n|-unboost|p1a: Spot of tea?|def|1\n|-boost|p1a: Spot of tea?|spe|2\n|move|p1a: Spot of tea?|Shadow Ball|p2a: Metagross\n|-supereffective|p2a: Metagross\n|-damage|p2a: Metagross|0 fnt\n|faint|p2a: Metagross\n|\n|upkeep\n|inactive|AngwyCat has 120 seconds left.\n|\n|t:|1698659027\n|switch|p2a: Zacian|Zacian|100\/100\n|-ability|p2a: Zacian|Intrepid Sword|boost\n|-boost|p2a: Zacian|atk|1\n|turn|3\n|inactive|AngwyCat has 120 seconds left.\n|\n|t:|1698659050\n|move|p1a: Spot of tea?|Stored Power|p2a: Zacian\n|-damage|p2a: Zacian|0 fnt\n|faint|p2a: Zacian\n|\n|upkeep\n|\n|t:|1698659063\n|switch|p2a: Rayquaza|Rayquaza|100\/100\n|-ability|p2a: Rayquaza|Air Lock\n|turn|4\n|inactive|KarmaNightraide has 120 seconds left.\n|\n|t:|1698659084\n|move|p1a: Spot of tea?|Stored Power|p2a: Rayquaza\n|-damage|p2a: Rayquaza|0 fnt\n|faint|p2a: Rayquaza\n|\n|upkeep\n|\n|t:|1698659099\n|switch|p2a: Salamence|Salamence, M|100\/100\n|-ability|p2a: Salamence|Intimidate|boost\n|-unboost|p1a: Spot of tea?|atk|1\n|turn|5\n|\n|t:|1698659112\n|move|p1a: Spot of tea?|Stored Power|p2a: Salamence\n|-damage|p2a: Salamence|0 fnt\n|faint|p2a: Salamence\n|\n|upkeep\n|\n|t:|1698659118\n|switch|p2a: Arceus|Arceus|100\/100\n|turn|6\n|\n|t:|1698659132\n|move|p1a: Spot of tea?|Stored Power|p2a: Arceus\n|-damage|p2a: Arceus|0 fnt\n|faint|p2a: Arceus\n|\n|upkeep\n|\n|t:|1698659137\n|switch|p2a: Latias|Latias, F|100\/100\n|turn|7\n|\n|t:|1698659150\n|move|p1a: Spot of tea?|Shadow Ball|p2a: Latias\n|-supereffective|p2a: Latias\n|-damage|p2a: Latias|0 fnt\n|faint|p2a: Latias\n|\n|win|KarmaNightraide\n|raw|KarmaNightraide's rating: 1098 &rarr; <strong>1116<\/strong><br \/>(+18 for winning)\n|raw|AngwyCat's rating: 1000 &rarr; <strong>1000<\/strong><br \/>(+0 for losing)\n","uploadtime":1698659158,"views":12,"p1id":"karmanightraide","p2id":"angwycat","formatid":"gen9nationaldexubers","rating":1000,"private":0,"password":""}