{"id":"gen9nationaldexubers-1994821114","p1":"saifu.mp4","p2":"700club","format":"[Gen 9] National Dex Ubers","log":"|j|\u2606saifu.mp4\n|j|\u2606700club\n|t:|1700495898\n|gametype|singles\n|player|p1|saifu.mp4|hugh|1387\n|player|p2|700club|shadowtriad|1326\n|teamsize|p1|6\n|teamsize|p2|6\n|gen|9\n|tier|[Gen 9] National Dex Ubers\n|rated|\n|rule|HP Percentage Mod: HP is shown in percentages\n|rule|Endless Battle Clause: Forcing endless battles is banned\n|rule|OHKO Clause: OHKO moves are banned\n|rule|Evasion Moves Clause: Evasion moves are banned\n|rule|Evasion Items Clause: Evasion items are banned\n|rule|Species Clause: Limit one of each Pok\u00e9mon\n|rule|Sleep Clause Mod: Limit one foe put to sleep\n|rule|Mega Rayquaza Clause: You cannot mega evolve Rayquaza\n|clearpoke\n|poke|p1|Bisharp, F|\n|poke|p1|Hatterene, F|\n|poke|p1|Galvantula, M|\n|poke|p1|Iron Valiant|\n|poke|p1|Excadrill, M|\n|poke|p1|Dondozo, M|\n|poke|p2|Ogerpon-Hearthflame, F|\n|poke|p2|Ditto|\n|poke|p2|Deoxys-Speed|\n|poke|p2|Mewtwo|\n|poke|p2|Necrozma-Dusk-Mane|\n|poke|p2|Groudon|\n|teampreview\n|c|\u2606700club|hi\n|inactive|Battle timer is ON: inactive players will automatically lose when time's up. (requested by saifu.mp4)\n|\n|t:|1700495909\n|start\n|switch|p1a: nuh uh|Hatterene, F, shiny|100\/100\n|switch|p2a: Deoxys|Deoxys-Speed|100\/100\n|-ability|p2a: Deoxys|Pressure\n|turn|1\n|\n|t:|1700495925\n|move|p2a: Deoxys|Light Screen|p2a: Deoxys\n|-sidestart|p2: 700club|move: Light Screen\n|move|p1a: nuh uh|Trick Room|p1a: nuh uh\n|-fieldstart|move: Trick Room|[of] p1a: nuh uh\n|\n|upkeep\n|turn|2\n|\n|t:|1700495935\n|move|p1a: nuh uh|Calm Mind|p1a: nuh uh\n|-boost|p1a: nuh uh|spa|1\n|-boost|p1a: nuh uh|spd|1\n|move|p2a: Deoxys|Reflect|p2a: Deoxys\n|-sidestart|p2: 700club|Reflect\n|\n|upkeep\n|turn|3\n|\n|t:|1700495955\n|switch|p2a: Necrozma|Necrozma-Dusk-Mane|100\/100\n|move|p1a: nuh uh|Calm Mind|p1a: nuh uh\n|-boost|p1a: nuh uh|spa|1\n|-boost|p1a: nuh uh|spd|1\n|\n|upkeep\n|turn|4\n|\n|t:|1700495967\n|switch|p1a: SanDiego|Dondozo, M, shiny|100\/100\n|detailschange|p2a: Necrozma|Necrozma-Ultra\n|-burst|p2a: Necrozma|Necrozma|Ultranecrozium Z\n|move|p2a: Necrozma|Earthquake|p1a: SanDiego\n|-damage|p1a: SanDiego|81\/100\n|\n|-heal|p1a: SanDiego|87\/100|[from] item: Leftovers\n|upkeep\n|turn|5\n|\n|t:|1700495976\n|move|p1a: SanDiego|Curse|p1a: SanDiego\n|-unboost|p1a: SanDiego|spe|1\n|-boost|p1a: SanDiego|atk|1\n|-boost|p1a: SanDiego|def|1\n|-zpower|p2a: Necrozma\n|move|p2a: Necrozma|Light That Burns the Sky|p1a: SanDiego|[zeffect]\n|-damage|p1a: SanDiego|47\/100\n|\n|-heal|p1a: SanDiego|53\/100|[from] item: Leftovers\n|-sideend|p2: 700club|move: Light Screen\n|-fieldend|move: Trick Room\n|upkeep\n|turn|6\n|c|\u2606700club|gg\n|-message|700club forfeited.\n|\n|win|saifu.mp4\n|raw|saifu.mp4's rating: 1387 &rarr; <strong>1404<\/strong><br \/>(+17 for winning)\n|raw|700club's rating: 1326 &rarr; <strong>1309<\/strong><br \/>(-17 for losing)\n|l|\u2606700club\n","uploadtime":1700495992,"views":9,"p1id":"saifump4","p2id":"700club","formatid":"gen9nationaldexubers","rating":1309,"private":0,"password":""}