{"id":"gen9nationaldexubers-2000193036","p1":"Y.V_Mad1","p2":"Alvithesenior","format":"[Gen 9] National Dex Ubers","log":"|j|\u2606Y.V_Mad1\n|j|\u203dAlvithesenior\n|t:|1701170129\n|gametype|singles\n|player|p1|Y.V_Mad1|nanu|1152\n|player|p2|Alvithesenior|swimmerf-gen4|1160\n|teamsize|p1|6\n|teamsize|p2|6\n|gen|9\n|tier|[Gen 9] National Dex Ubers\n|rated|\n|rule|HP Percentage Mod: HP is shown in percentages\n|rule|Endless Battle Clause: Forcing endless battles is banned\n|rule|OHKO Clause: OHKO moves are banned\n|rule|Evasion Moves Clause: Evasion moves are banned\n|rule|Evasion Items Clause: Evasion items are banned\n|rule|Species Clause: Limit one of each Pok\u00e9mon\n|rule|Sleep Clause Mod: Limit one foe put to sleep\n|rule|Mega Rayquaza Clause: You cannot mega evolve Rayquaza\n|clearpoke\n|poke|p1|Machamp, M|\n|poke|p1|Eelektross, F|\n|poke|p1|Slither Wing|\n|poke|p1|Urshifu-*, M|\n|poke|p1|Melmetal|\n|poke|p1|Victini|\n|poke|p2|Darmanitan-Galar, M|\n|poke|p2|Breloom, M|\n|poke|p2|Toxapex, M|\n|poke|p2|Landorus, M|\n|poke|p2|Dragapult, M|\n|poke|p2|Corviknight, M|\n|teampreview\n|inactive|Battle timer is ON: inactive players will automatically lose when time's up. (requested by Y.V_Mad1)\n|\n|t:|1701170144\n|start\n|switch|p1a: D4C: Love Train|Victini|100\/100\n|switch|p2a: Darmanitan|Darmanitan-Galar, M|100\/100\n|turn|1\n|\n|t:|1701170155\n|move|p2a: Darmanitan|U-turn|p1a: D4C: Love Train\n|-damage|p1a: D4C: Love Train|67\/100\n|\n|t:|1701170166\n|switch|p2a: Toxapex|Toxapex, M|100\/100|[from] U-turn\n|move|p1a: D4C: Love Train|Trick Room|p1a: D4C: Love Train\n|-fieldstart|move: Trick Room|[of] p1a: D4C: Love Train\n|\n|upkeep\n|turn|2\n|\n|t:|1701170174\n|move|p2a: Toxapex|Toxic|p1a: D4C: Love Train\n|-status|p1a: D4C: Love Train|tox\n|move|p1a: D4C: Love Train|Bolt Strike|p2a: Toxapex\n|-supereffective|p2a: Toxapex\n|-damage|p2a: Toxapex|49\/100\n|\n|-heal|p2a: Toxapex|55\/100|[from] item: Black Sludge\n|-damage|p1a: D4C: Love Train|61\/100 tox|[from] psn\n|upkeep\n|turn|3\n|\n|t:|1701170184\n|move|p2a: Toxapex|Recover|p2a: Toxapex\n|-heal|p2a: Toxapex|100\/100\n|move|p1a: D4C: Love Train|Bolt Strike|p2a: Toxapex\n|-supereffective|p2a: Toxapex\n|-damage|p2a: Toxapex|54\/100\n|\n|-heal|p2a: Toxapex|60\/100|[from] item: Black Sludge\n|-damage|p1a: D4C: Love Train|48\/100 tox|[from] psn\n|upkeep\n|turn|4\n|\n|t:|1701170188\n|move|p2a: Toxapex|Scald|p1a: D4C: Love Train\n|-supereffective|p1a: D4C: Love Train\n|-damage|p1a: D4C: Love Train|23\/100 tox\n|move|p1a: D4C: Love Train|Encore|p2a: Toxapex\n|-start|p2a: Toxapex|Encore\n|\n|-heal|p2a: Toxapex|66\/100|[from] item: Black Sludge\n|-damage|p1a: D4C: Love Train|4\/100 tox|[from] psn\n|upkeep\n|turn|5\n|\n|t:|1701170195\n|move|p2a: Toxapex|Scald|p1a: D4C: Love Train\n|-supereffective|p1a: D4C: Love Train\n|-damage|p1a: D4C: Love Train|0 fnt\n|faint|p1a: D4C: Love Train\n|\n|-heal|p2a: Toxapex|73\/100|[from] item: Black Sludge\n|-fieldend|move: Trick Room\n|upkeep\n|\n|t:|1701170218\n|switch|p1a: Unagi|Eelektross, F|100\/100\n|turn|6\n|-activate|p1a: Unagi|item: Quick Claw\n|\n|t:|1701170224\n|switch|p2a: Landorus|Landorus, M|100\/100\n|move|p1a: Unagi|Coil|p1a: Unagi\n|-boost|p1a: Unagi|atk|1\n|-boost|p1a: Unagi|def|1\n|-boost|p1a: Unagi|accuracy|1\n|\n|upkeep\n|turn|7\n|\n|t:|1701170248\n|move|p2a: Landorus|Nasty Plot|p2a: Landorus\n|-boost|p2a: Landorus|spa|2\n|move|p1a: Unagi|Coil|p1a: Unagi\n|-boost|p1a: Unagi|atk|1\n|-boost|p1a: Unagi|def|1\n|-boost|p1a: Unagi|accuracy|1\n|\n|upkeep\n|turn|8\n|\n|t:|1701170259\n|move|p2a: Landorus|Sludge Wave|p1a: Unagi\n|-damage|p1a: Unagi|0 fnt\n|faint|p1a: Unagi\n|\n|upkeep\n|\n|t:|1701170268\n|switch|p1a: Star Platinum|Urshifu-Rapid-Strike, M|100\/100\n|turn|9\n|n|\u203dAlvithesenior|alvithesenior\n|n|\u203dAlvithesenior|alvithesenior\n|n|\u203dAlvithesenior|alvithesenior\n|n|\u203dAlvithesenior|alvithesenior\n|n|\u203dAlvithesenior|alvithesenior\n|n|\u203dAlvithesenior|alvithesenior\n|n|\u203dAlvithesenior|alvithesenior\n|n|\u203dAlvithesenior|alvithesenior\n|n|\u203dAlvithesenior|alvithesenior\n|n|\u203dAlvithesenior|alvithesenior\n|n|\u203dAlvithesenior|alvithesenior\n|n|\u203dAlvithesenior|alvithesenior\n|n|\u203dAlvithesenior|alvithesenior\n|n|\u203dAlvithesenior|alvithesenior\n|n|\u203dAlvithesenior|alvithesenior\n|n|\u203dAlvithesenior|alvithesenior\n|n|\u203dAlvithesenior|alvithesenior\n|n|\u203dAlvithesenior|alvithesenior\n|n|\u203dAlvithesenior|alvithesenior\n|n|\u203dAlvithesenior|alvithesenior\n|n|\u203dAlvithesenior|alvithesenior\n|n|\u203dAlvithesenior|alvithesenior\n|n|\u203dAlvithesenior|alvithesenior\n|n|\u203dAlvithesenior|alvithesenior\n|n|\u203dAlvithesenior|alvithesenior\n|n|\u203dAlvithesenior|alvithesenior\n|n|\u203dAlvithesenior|alvithesenior\n|n|\u203dAlvithesenior|alvithesenior\n|n|\u203dAlvithesenior|alvithesenior\n|n|\u203dAlvithesenior|alvithesenior\n|n|\u203dAlvithesenior|alvithesenior\n|n|\u203dAlvithesenior|alvithesenior\n|n|\u203dAlvithesenior|alvithesenior\n|n|\u203dAlvithesenior|alvithesenior\n|n|\u203dAlvithesenior|alvithesenior\n|n|\u203dAlvithesenior|alvithesenior\n|n|\u203dAlvithesenior|alvithesenior\n|n|\u203dAlvithesenior|alvithesenior\n|n|\u203dAlvithesenior|alvithesenior\n|n|\u203dAlvithesenior|alvithesenior\n|n|\u203dAlvithesenior|alvithesenior\n|n|\u203dAlvithesenior|alvithesenior\n|n|\u203dAlvithesenior|alvithesenior\n|n|\u203dAlvithesenior|alvithesenior\n|n|\u203dAlvithesenior|alvithesenior\n|n|\u203dAlvithesenior|alvithesenior\n|n|\u203dAlvithesenior|alvithesenior\n|n|\u203dAlvithesenior|alvithesenior\n|n|\u203dAlvithesenior|alvithesenior\n|n|\u203dAlvithesenior|alvithesenior\n|n|\u203dAlvithesenior|alvithesenior\n|n|\u203dAlvithesenior|alvithesenior\n|n|\u203dAlvithesenior|alvithesenior\n|n|\u203dAlvithesenior|alvithesenior\n|n|\u203dAlvithesenior|alvithesenior\n|n|\u203dAlvithesenior|alvithesenior\n|n|\u203dAlvithesenior|alvithesenior\n|n|\u203dAlvithesenior|alvithesenior\n|n|\u203dAlvithesenior|alvithesenior\n|n|\u203dAlvithesenior|alvithesenior\n|n|\u203dAlvithesenior|alvithesenior\n|n|\u203dAlvithesenior|alvithesenior\n|n|\u203dAlvithesenior|alvithesenior\n|n|\u203dAlvithesenior|alvithesenior\n|n|\u203dAlvithesenior|alvithesenior\n|n|\u203dAlvithesenior|alvithesenior\n|n|\u203dAlvithesenior|alvithesenior\n|n|\u203dAlvithesenior|alvithesenior\n|n|\u203dAlvithesenior|alvithesenior\n|n|\u203dAlvithesenior|alvithesenior\n|n|\u203dAlvithesenior|alvithesenior\n|n|\u203dAlvithesenior|alvithesenior\n|n|\u203dAlvithesenior|alvithesenior\n|n|\u203dAlvithesenior|alvithesenior\n|n|\u203dAlvithesenior|alvithesenior\n|n|\u203dAlvithesenior|alvithesenior\n|n|\u203dAlvithesenior|alvithesenior\n|n|\u203dAlvithesenior|alvithesenior\n|n|\u203dAlvithesenior|alvithesenior\n|n|\u203dAlvithesenior|alvithesenior\n|n|\u203dAlvithesenior|alvithesenior\n|n|\u203dAlvithesenior|alvithesenior\n|n|\u203dAlvithesenior|alvithesenior\n|n|\u203dAlvithesenior|alvithesenior\n|n|\u203dAlvithesenior|alvithesenior\n|n|\u203dAlvithesenior|alvithesenior\n|n|\u203dAlvithesenior|alvithesenior\n|\n|t:|1701170283\n|-terastallize|p2a: Landorus|Steel\n|move|p2a: Landorus|Sludge Wave|p1a: Star Platinum\n|-damage|p1a: Star Platinum|0 fnt\n|faint|p1a: Star Platinum\n|\n|upkeep\n|\n|t:|1701170294\n|switch|p1a: It's Showtime|Machamp, M|100\/100\n|turn|10\n|\n|t:|1701170298\n|move|p2a: Landorus|Sludge Wave|p1a: It's Showtime\n|-damage|p1a: It's Showtime|0 fnt\n|faint|p1a: It's Showtime\n|\n|upkeep\n|\n|t:|1701170302\n|switch|p1a: Magna Charge|Melmetal|100\/100\n|turn|11\n|\n|t:|1701170308\n|move|p2a: Landorus|Focus Blast|p1a: Magna Charge\n|-supereffective|p1a: Magna Charge\n|-damage|p1a: Magna Charge|0 fnt\n|faint|p1a: Magna Charge\n|\n|upkeep\n|\n|t:|1701170313\n|switch|p1a: Superfly|Slither Wing|100\/100\n|-enditem|p1a: Superfly|Booster Energy\n|-activate|p1a: Superfly|ability: Protosynthesis|[fromitem]\n|-start|p1a: Superfly|protosynthesisatk\n|turn|12\n|\n|t:|1701170317\n|-terastallize|p1a: Superfly|Electric\n|move|p2a: Landorus|Sludge Wave|p1a: Superfly\n|-damage|p1a: Superfly|0 fnt\n|faint|p1a: Superfly\n|-end|p1a: Superfly|Protosynthesis|[silent]\n|\n|win|Alvithesenior\n|raw|Y.V_Mad1's rating: 1152 &rarr; <strong>1128<\/strong><br \/>(-24 for losing)\n|raw|Alvithesenior's rating: 1160 &rarr; <strong>1184<\/strong><br \/>(+24 for winning)\n|l|\u2606Y.V_Mad1\n","uploadtime":1701170327,"views":14,"p1id":"yvmad1","p2id":"alvithesenior","formatid":"gen9nationaldexubers","rating":1128,"private":0,"password":""}