{"id":"gen9nationaldexubers-1980321207","p1":"FeelipeNS","p2":"aquiles meo","format":"[Gen 9] National Dex Ubers","log":"|j|\u2606FeelipeNS\n|j|\u2606aquiles meo\n|t:|1698775150\n|gametype|singles\n|player|p1|FeelipeNS|red|1039\n|player|p2|aquiles meo|ethan|1015\n|teamsize|p1|6\n|teamsize|p2|6\n|gen|9\n|tier|[Gen 9] National Dex Ubers\n|rated|\n|rule|HP Percentage Mod: HP is shown in percentages\n|rule|Endless Battle Clause: Forcing endless battles is banned\n|rule|OHKO Clause: OHKO moves are banned\n|rule|Evasion Moves Clause: Evasion moves are banned\n|rule|Evasion Items Clause: Evasion items are banned\n|rule|Species Clause: Limit one of each Pok\u00e9mon\n|rule|Sleep Clause Mod: Limit one foe put to sleep\n|rule|Mega Rayquaza Clause: You cannot mega evolve Rayquaza\n|clearpoke\n|poke|p1|Lucario, M|\n|poke|p1|Tyranitar, M|\n|poke|p1|Krookodile, M|\n|poke|p1|Staraptor, M|\n|poke|p1|Buzzwole|\n|poke|p1|Nidoking, M|\n|poke|p2|Jirachi|\n|poke|p2|Ho-Oh|\n|poke|p2|Rayquaza|\n|poke|p2|Pidgeot, M|\n|poke|p2|Lucario, M|\n|poke|p2|Luxray, M|\n|teampreview\n|\n|t:|1698775158\n|start\n|switch|p1a: King|Nidoking, M, shiny|100\/100\n|switch|p2a: Jirachi|Jirachi, shiny|100\/100\n|turn|1\n|\n|t:|1698775166\n|move|p2a: Jirachi|Iron Head|p1a: King\n|-damage|p1a: King|57\/100\n|cant|p1a: King|flinch\n|\n|-heal|p1a: King|63\/100|[from] item: Leftovers\n|upkeep\n|turn|2\n|\n|t:|1698775180\n|move|p2a: Jirachi|Zen Headbutt|p1a: King\n|-supereffective|p1a: King\n|-damage|p1a: King|0 fnt\n|faint|p1a: King\n|\n|upkeep\n|\n|t:|1698775186\n|switch|p1a: Vegeta|Lucario, M|100\/100\n|turn|3\n|c|\u2606aquiles meo|hablas espanol\n|c|\u2606aquiles meo|vegeta es saiyajin\n|c|\u2606FeelipeNS|n\u00e3o corno\n|\n|t:|1698775206\n|move|p2a: Jirachi|Zen Headbutt|p1a: Vegeta\n|-damage|p1a: Vegeta|50\/100\n|move|p1a: Vegeta|Hone Claws|p1a: Vegeta\n|-boost|p1a: Vegeta|atk|1\n|-boost|p1a: Vegeta|accuracy|1\n|\n|upkeep\n|turn|4\n|c|\u2606FeelipeNS|n\u00e3o n\u00e3o,o vegeta \u00e9 a tua m\u00e3e\n|c|\u2606aquiles meo|portoghes?\n|c|\u2606FeelipeNS|sim\n|c|\u2606aquiles meo|a\n|c|\u2606aquiles meo|la mia mae\n|c|\u2606aquiles meo|lo siento\n|c|\u2606aquiles meo|non falo molto portoghes\n|c|\u2606aquiles meo|*muito\n|c|\u2606FeelipeNS|burru\n|c|\u2606FeelipeNS|oxe\n|\n|t:|1698775250\n|detailschange|p1a: Vegeta|Lucario-Mega, M\n|-mega|p1a: Vegeta|Lucario|Lucarionite\n|move|p1a: Vegeta|Close Combat|p2a: Jirachi\n|-damage|p2a: Jirachi|0 fnt\n|-unboost|p1a: Vegeta|def|1\n|-unboost|p1a: Vegeta|spd|1\n|faint|p2a: Jirachi\n|\n|upkeep\n|\n|t:|1698775260\n|switch|p2a: Ho-Oh|Ho-Oh, shiny|100\/100\n|turn|5\n|\n|t:|1698775272\n|move|p1a: Vegeta|Extreme Speed|p2a: Ho-Oh\n|-damage|p2a: Ho-Oh|63\/100\n|move|p2a: Ho-Oh|Sacred Fire|p1a: Vegeta\n|-supereffective|p1a: Vegeta\n|-damage|p1a: Vegeta|0 fnt\n|faint|p1a: Vegeta\n|\n|upkeep\n|\n|t:|1698775295\n|switch|p1a: Mosquito Fibrado|Buzzwole|100\/100\n|turn|6\n|c|\u2606aquiles meo|oye es un mosquito mamado\n|c|\u2606aquiles meo|webo :v\n|-message|FeelipeNS forfeited.\n|\n|win|aquiles meo\n|raw|FeelipeNS's rating: 1039 &rarr; <strong>1022<\/strong><br \/>(-17 for losing)\n|raw|aquiles meo's rating: 1015 &rarr; <strong>1055<\/strong><br \/>(+40 for winning)\n|l|\u2606FeelipeNS\n|c|\u2606aquiles meo|pq\n","uploadtime":1698775336,"views":7,"p1id":"feelipens","p2id":"aquilesmeo","formatid":"gen9nationaldexubers","rating":1022,"private":0,"password":""}