{"id":"gen9nationaldexubers-1983192759","p1":"JesterPennetrqte","p2":"Caos 845","format":"[Gen 9] National Dex Ubers","log":"|j|\u2606JesterPennetrqte\n|j|\u2606Caos 845\n|t:|1699103242\n|gametype|singles\n|player|p1|JesterPennetrqte|170|1204\n|player|p2|Caos 845|n-masters|1161\n|teamsize|p1|6\n|teamsize|p2|6\n|gen|9\n|tier|[Gen 9] National Dex Ubers\n|rated|\n|rule|HP Percentage Mod: HP is shown in percentages\n|rule|Endless Battle Clause: Forcing endless battles is banned\n|rule|OHKO Clause: OHKO moves are banned\n|rule|Evasion Moves Clause: Evasion moves are banned\n|rule|Evasion Items Clause: Evasion items are banned\n|rule|Species Clause: Limit one of each Pok\u00e9mon\n|rule|Sleep Clause Mod: Limit one foe put to sleep\n|rule|Mega Rayquaza Clause: You cannot mega evolve Rayquaza\n|clearpoke\n|poke|p1|Necrozma-Dusk-Mane|\n|poke|p1|Groudon|\n|poke|p1|Marshadow|\n|poke|p1|Greninja-*, F|\n|poke|p1|Regieleki|\n|poke|p1|Flutter Mane|\n|poke|p2|Kleavor, M|\n|poke|p2|Lokix, F|\n|poke|p2|Volcarona, F|\n|poke|p2|Pheromosa|\n|poke|p2|Scizor, M|\n|poke|p2|Genesect|\n|teampreview\n|inactive|Battle timer is ON: inactive players will automatically lose when time's up. (requested by JesterPennetrqte)\n|\n|t:|1699103247\n|start\n|switch|p1a: Marshadow|Marshadow|100\/100\n|switch|p2a: Rocky|Kleavor, M|100\/100\n|turn|1\n|\n|t:|1699103253\n|move|p1a: Marshadow|Poltergeist|p2a: Rocky\n|-activate|p2a: Rocky|move: Poltergeist|Focus Sash\n|-damage|p2a: Rocky|25\/100\n|move|p2a: Rocky|Stone Axe|p1a: Marshadow\n|-resisted|p1a: Marshadow\n|-damage|p1a: Marshadow|67\/100\n|-sidestart|p1: JesterPennetrqte|move: Stealth Rock\n|\n|upkeep\n|turn|2\n|\n|t:|1699103263\n|move|p1a: Marshadow|Shadow Sneak|p2a: Rocky\n|-damage|p2a: Rocky|0 fnt\n|faint|p2a: Rocky\n|\n|upkeep\n|inactive|Caos 845 has 120 seconds left.\n|inactive|Caos 845 has 90 seconds left.\n|c|\u2606JesterPennetrqte|!dt marshadow\n|raw|<div class=\"message\"><ul class=\"utilichart\"><li class=\"result\"><span class=\"col numcol\">Uber<\/span> <span class=\"col iconcol\"><psicon pokemon=\"marshadow\"\/><\/span> <span class=\"col pokemonnamecol\" style=\"white-space:nowrap\"><a href=\"https:\/\/dex.pokemonshowdown.com\/pokemon\/marshadow\" target=\"_blank\">Marshadow<\/a><\/span> <span class=\"col typecol\"><img src=\"https:\/\/play.pokemonshowdown.com\/sprites\/types\/Fighting.png\" alt=\"Fighting\" height=\"14\" width=\"32\"><img src=\"https:\/\/play.pokemonshowdown.com\/sprites\/types\/Ghost.png\" alt=\"Ghost\" height=\"14\" width=\"32\"><\/span> <span style=\"float:left;min-height:26px\"><span class=\"col abilitycol\">Technician<\/span><span class=\"col abilitycol\"><\/span><\/span><span style=\"float:left;min-height:26px\"><span class=\"col statcol\"><em>HP<\/em><br \/>90<\/span> <span class=\"col statcol\"><em>Atk<\/em><br \/>125<\/span> <span class=\"col statcol\"><em>Def<\/em><br \/>80<\/span> <span class=\"col statcol\"><em>SpA<\/em><br \/>90<\/span> <span class=\"col statcol\"><em>SpD<\/em><br \/>90<\/span> <span class=\"col statcol\"><em>Spe<\/em><br \/>125<\/span> <span class=\"col bstcol\"><em>BST<br \/>600<\/em><\/span> <\/span><\/li><li style=\"clear:both\"><\/li><\/ul><\/div>\n|raw|<font size=\"1\"><font color=\"#686868\">Dex#:<\/font> 802&nbsp;|&ThickSpace;<font color=\"#686868\">Gen:<\/font> 7&nbsp;|&ThickSpace;<font color=\"#686868\">Height:<\/font> 0.7 m&nbsp;|&ThickSpace;<font color=\"#686868\">Weight:<\/font> 22.2 kg <em>(40 BP)<\/em>&nbsp;|&ThickSpace;<font color=\"#686868\">Dex Colour:<\/font> Gray&nbsp;|&ThickSpace;<font color=\"#686868\">Egg Group(s):<\/font> Undiscovered&nbsp;|&ThickSpace;<font color=\"#686868\">Does Not Evolve<\/font><\/font>\n\n|\n|t:|1699103345\n|switch|p2a: Jenny|Genesect, shiny|100\/100\n|-ability|p2a: Jenny|Download|boost\n|-boost|p2a: Jenny|atk|1\n|turn|3\n|\n|t:|1699103351\n|move|p1a: Marshadow|Poltergeist|p2a: Jenny\n|-activate|p2a: Jenny|move: Poltergeist|Silk Scarf\n|-damage|p2a: Jenny|26\/100\n|move|p2a: Jenny|Shift Gear|p2a: Jenny\n|-boost|p2a: Jenny|spe|2\n|-boost|p2a: Jenny|atk|1\n|\n|upkeep\n|turn|4\n|\n|t:|1699103356\n|move|p1a: Marshadow|Shadow Sneak|p2a: Jenny\n|-damage|p2a: Jenny|0 fnt\n|faint|p2a: Jenny\n|\n|upkeep\n|\n|t:|1699103361\n|switch|p2a: Beauty Thief|Pheromosa, shiny|100\/100\n|turn|5\n|\n|t:|1699103366\n|move|p1a: Marshadow|Shadow Sneak|p2a: Beauty Thief\n|-damage|p2a: Beauty Thief|22\/100\n|move|p2a: Beauty Thief|Throat Chop|p1a: Marshadow\n|-damage|p1a: Marshadow|16\/100\n|-start|p1a: Marshadow|Throat Chop|[silent]\n|-damage|p2a: Beauty Thief|12\/100|[from] item: Life Orb\n|\n|upkeep\n|turn|6\n|\n|t:|1699103371\n|move|p1a: Marshadow|Shadow Sneak|p2a: Beauty Thief\n|-damage|p2a: Beauty Thief|0 fnt\n|faint|p2a: Beauty Thief\n|\n|-end|p1a: Marshadow|Throat Chop|[silent]\n|upkeep\n|\n|t:|1699103375\n|switch|p2a: Rad|Scizor, M|100\/100\n|turn|7\n|\n|t:|1699103386\n|detailschange|p2a: Rad|Scizor-Mega, M\n|-mega|p2a: Rad|Scizor|Scizorite\n|move|p1a: Marshadow|Shadow Sneak|p2a: Rad\n|-damage|p2a: Rad|78\/100\n|move|p2a: Rad|Bullet Punch|p1a: Marshadow\n|-damage|p1a: Marshadow|0 fnt\n|faint|p1a: Marshadow\n|\n|upkeep\n|\n|t:|1699103392\n|switch|p1a: Regieleki|Regieleki|100\/100\n|turn|8\n|\n|t:|1699103396\n|move|p1a: Regieleki|Rapid Spin|p2a: Rad\n|-resisted|p2a: Rad\n|-damage|p2a: Rad|74\/100\n|-boost|p1a: Regieleki|spe|1\n|-sideend|p1: JesterPennetrqte|Stealth Rock|[from] move: Rapid Spin|[of] p1a: Regieleki\n|move|p2a: Rad|Swords Dance|p2a: Rad\n|-boost|p2a: Rad|atk|2\n|\n|upkeep\n|turn|9\n|\n|t:|1699103402\n|move|p1a: Regieleki|Electro Ball|p2a: Rad\n|-damage|p2a: Rad|0 fnt\n|faint|p2a: Rad\n|\n|upkeep\n|\n|t:|1699103408\n|switch|p2a: Osiris|Volcarona, F, shiny|100\/100\n|turn|10\n|\n|t:|1699103412\n|-terastallize|p2a: Osiris|Grass\n|move|p1a: Regieleki|Ancient Power|p2a: Osiris\n|-damage|p2a: Osiris|83\/100\n|move|p2a: Osiris|Quiver Dance|p2a: Osiris\n|-boost|p2a: Osiris|spa|1\n|-boost|p2a: Osiris|spd|1\n|-boost|p2a: Osiris|spe|1\n|\n|upkeep\n|turn|11\n|\n|t:|1699103422\n|-terastallize|p1a: Regieleki|Ice\n|move|p1a: Regieleki|Tera Blast|p2a: Osiris|[anim] Tera Blast Ice\n|-supereffective|p2a: Osiris\n|-damage|p2a: Osiris|33\/100\n|move|p2a: Osiris|Quiver Dance|p2a: Osiris\n|-boost|p2a: Osiris|spa|1\n|-boost|p2a: Osiris|spd|1\n|-boost|p2a: Osiris|spe|1\n|\n|upkeep\n|turn|12\n|\n|t:|1699103429\n|move|p1a: Regieleki|Tera Blast|p2a: Osiris|[anim] Tera Blast Ice\n|-supereffective|p2a: Osiris\n|-damage|p2a: Osiris|0 fnt\n|faint|p2a: Osiris\n|\n|upkeep\n|\n|t:|1699103431\n|switch|p2a: Freiya|Lokix, F|100\/100\n|turn|13\n|-message|Caos 845 forfeited.\n|\n|win|JesterPennetrqte\n|raw|JesterPennetrqte's rating: 1204 &rarr; <strong>1226<\/strong><br \/>(+22 for winning)\n|raw|Caos 845's rating: 1161 &rarr; <strong>1139<\/strong><br \/>(-22 for losing)\n|l|\u2606Caos 845\n","uploadtime":1699103437,"views":6,"p1id":"jesterpennetrqte","p2id":"caos845","formatid":"gen9nationaldexubers","rating":1139,"private":0,"password":""}