{"id":"gen9nationaldexubers-1983576317","p1":"Bug Maniac Swaggy","p2":"notastalecookie","format":"[Gen 9] National Dex Ubers","log":"|j|\u2606Bug Maniac Swaggy\n|j|\u2606notastalecookie\n|t:|1699145225\n|gametype|singles\n|player|p1|Bug Maniac Swaggy|whitney|\n|player|p2|notastalecookie|hilbert|\n|teamsize|p1|6\n|teamsize|p2|6\n|gen|9\n|tier|[Gen 9] National Dex Ubers\n|rule|HP Percentage Mod: HP is shown in percentages\n|rule|Endless Battle Clause: Forcing endless battles is banned\n|rule|OHKO Clause: OHKO moves are banned\n|rule|Evasion Moves Clause: Evasion moves are banned\n|rule|Evasion Items Clause: Evasion items are banned\n|rule|Species Clause: Limit one of each Pok\u00e9mon\n|rule|Sleep Clause Mod: Limit one foe put to sleep\n|rule|Mega Rayquaza Clause: You cannot mega evolve Rayquaza\n|clearpoke\n|poke|p1|Araquanid, M|\n|poke|p1|Forretress, M|\n|poke|p1|Scizor, M|\n|poke|p1|Buzzwole|\n|poke|p1|Volcarona, F|\n|poke|p1|Galvantula, M|\n|poke|p2|Ogerpon-Cornerstone, F|\n|poke|p2|Zapdos|\n|poke|p2|Slowking-Galar, M|\n|poke|p2|Baxcalibur, F|\n|poke|p2|Rotom-Wash|\n|poke|p2|Great Tusk|\n|teampreview\n|j| Moonz_e\n|j| IncandescentCandle\n|j| Astro Rifk\n|j| Destinum\n|j| ArcticIzagi\n|c|\u2606Bug Maniac Swaggy|tera?\n|c|\u2606notastalecookie|tera ground bax\n|c| IncandescentCandle|ground bax\n|c|\u2606Bug Maniac Swaggy|oh right\n|c|\u2606Bug Maniac Swaggy|glhf!\n|c|\u2606notastalecookie|glhf too\n|c| IncandescentCandle|aye go nota\n|\n|t:|1699145286\n|start\n|switch|p1a: Fissure|Forretress, M|100\/100\n|switch|p2a: c:|Rotom-Wash|100\/100\n|turn|1\n|\n|t:|1699145301\n|move|p2a: c:|Thunder Wave|p1a: Fissure\n|-status|p1a: Fissure|par\n|move|p1a: Fissure|Stealth Rock|p2a: c:\n|-sidestart|p2: notastalecookie|move: Stealth Rock\n|\n|upkeep\n|turn|2\n|c| Astro Rifk|rooting for both bc notas ou is rlly cool\n|c|\u2606Bug Maniac Swaggy|yall watch this\n|\n|t:|1699145322\n|move|p2a: c:|Defog|p1a: Fissure\n|-unboost|p1a: Fissure|evasion|1\n|-sideend|p2: notastalecookie|Stealth Rock|[from] move: Defog|[of] p2a: c:\n|cant|p1a: Fissure|par\n|\n|upkeep\n|turn|3\n|c|\u2606Bug Maniac Swaggy|nvm bruh\n|c| Destinum|Amazing.\n|c|\u2606Bug Maniac Swaggy|was boutta click the game winning move\n|c| ArcticIzagi|lol\n|c|\u2606notastalecookie|booming unsuccessful\n|c|\u2606Bug Maniac Swaggy|what nooooooo\n|c| Astro Rifk|he really wanted the rocks\n|c|\u2606Bug Maniac Swaggy|forretress doesnt get boom remember\n|c|\u2606Bug Maniac Swaggy|haha\n|c|\u2606Bug Maniac Swaggy|its all a dream\n|c|\u2606Bug Maniac Swaggy|LOL i love thayt gif\n|c|\u2606Bug Maniac Swaggy|bro really wanted the rocks\n|c| IncandescentCandle|call him draje the way he really wanted the rocks\n|\n|t:|1699145364\n|move|p2a: c:|Volt Switch|p1a: Fissure\n|-damage|p1a: Fissure|65\/100 par\n|\n|t:|1699145367\n|switch|p2a: >:D|Great Tusk|100\/100|[from] Volt Switch\n|move|p1a: Fissure|Stealth Rock|p2a: >:D\n|-sidestart|p2: notastalecookie|move: Stealth Rock\n|\n|upkeep\n|turn|4\n|c| IncandescentCandle|brb securing the loss\n|c|\u2606notastalecookie|boom time?\n|c|\u2606Bug Maniac Swaggy|is it?\n|c|\u2606notastalecookie|or another full para\n|\n|t:|1699145395\n|move|p2a: >:D|Stealth Rock|p1a: Fissure\n|-sidestart|p1: Bug Maniac Swaggy|move: Stealth Rock\n|move|p1a: Fissure|Spikes|p2a: >:D\n|-sidestart|p2: notastalecookie|Spikes\n|\n|upkeep\n|turn|5\n|c|\u2606Bug Maniac Swaggy|SPIKESSSSS\n|c|\u2606Bug Maniac Swaggy|RAHHHHH\n|c| Astro Rifk|WOOOO\n|c| Astro Rifk|SPIKES!!\n|c| IncandescentCandle|SPIKES!!\n|c|\u2606notastalecookie|w\n|c|\u2606Bug Maniac Swaggy|anyways we're both clicking the same move here methinks\n|\n|t:|1699145421\n|-end|p2a: >:D|Protosynthesis|[silent]\n|switch|p2a: c:|Rotom-Wash|100\/100\n|-damage|p2a: c:|88\/100|[from] Stealth Rock\n|move|p1a: Fissure|Rapid Spin|p2a: c:\n|-damage|p2a: c:|77\/100\n|-boost|p1a: Fissure|spe|1\n|-sideend|p1: Bug Maniac Swaggy|Stealth Rock|[from] move: Rapid Spin|[of] p1a: Fissure\n|\n|-heal|p2a: c:|83\/100|[from] item: Leftovers\n|upkeep\n|turn|6\n|c|\u2606Bug Maniac Swaggy|nvm\n|c|\u2606Bug Maniac Swaggy|i forgor defog rotom\n|c|\u2606Bug Maniac Swaggy|anyways bug type gholdengo\n|c| Destinum|Y'all are obsessed.\n|c| Destinum|With Spikes.\n|c| Destinum|Typical Hyper Offense zoomers, smh.\n|c| Astro Rifk|does he know????\n|c| Moonz_e|Mmmm\n|c| Moonz_e|Grapefruit\n|c| Moonz_e|GO SWAGGY BTW\n|c| IncandescentCandle|you look like you'd be a spikes balance fan dest\n|\n|t:|1699145484\n|switch|p1a: Stargazer|Galvantula, M|100\/100\n|move|p2a: c:|Defog|p1a: Stargazer\n|-unboost|p1a: Stargazer|evasion|1\n|-sideend|p2: notastalecookie|Spikes|[from] move: Defog|[of] p2a: c:\n|-sideend|p2: notastalecookie|Stealth Rock|[from] move: Defog|[of] p2a: c:\n|\n|-heal|p2a: c:|89\/100|[from] item: Leftovers\n|upkeep\n|turn|7\n|c| Astro Rifk|real\n|c| Astro Rifk|everyone should play spikes balance me thinks\n|\n|t:|1699145515\n|move|p1a: Stargazer|Thunder|p2a: c:\n|-damage|p2a: c:|31\/100\n|move|p2a: c:|Hydro Pump|p1a: Stargazer\n|-damage|p1a: Stargazer|32\/100\n|\n|-heal|p2a: c:|37\/100|[from] item: Leftovers\n|upkeep\n|turn|8\n|c| Moonz_e|Dest, you're an ice player\n|c|\u2606notastalecookie|rude\n|c|\u2606notastalecookie|>:(\n|c| IncandescentCandle|:c\n|c| Moonz_e|You physically cannot be not HO\n|c| Astro Rifk|just like i cant be not balance\n|c|\u2606Bug Maniac Swaggy|sowwy :((\n|\n|t:|1699145550\n|switch|p1a: River of Despair|Araquanid, M|100\/100\n|switch|p2a: >:D|Great Tusk|100\/100\n|\n|upkeep\n|turn|9\n|c|\u2606Bug Maniac Swaggy|there he is\n|c|\u2606Bug Maniac Swaggy|big man tusk\n|c| Astro Rifk|mr tusk\n|\n|t:|1699145566\n|move|p2a: >:D|Stealth Rock|p1a: River of Despair\n|-sidestart|p1: Bug Maniac Swaggy|move: Stealth Rock\n|move|p1a: River of Despair|Toxic|p2a: >:D\n|-status|p2a: >:D|tox\n|\n|-damage|p2a: >:D|94\/100 tox|[from] psn\n|upkeep\n|turn|10\n|c| Destinum|I legit have a balance team Moonz, what do you mean?\n|j| Jack0lantern89\n|c| ArcticIzagi|I could theoretically watch the AOT finale now, I just noticed\n|\n|t:|1699145604\n|-end|p2a: >:D|Protosynthesis|[silent]\n|switch|p2a: :v|Zapdos|100\/100\n|move|p1a: River of Despair|Sticky Web|p2a: :v\n|-sidestart|p2: notastalecookie|move: Sticky Web\n|\n|upkeep\n|turn|11\n|c| Jack0lantern89|ngl\n|c| Jack0lantern89|if i was u\n|c| Astro Rifk|id keep spiking\n|c| Jack0lantern89|i would click geomancy\n|c| Jack0lantern89|just saying\n|c|\u2606notastalecookie|im going to\n|c| Moonz_e|I like to think that :V for Zapdos means something like \"SKREEEEEEEEEEEEEEEEEEE\"\n|\n|t:|1699145667\n|-terastallize|p1a: River of Despair|Water\n|move|p2a: :v|Hurricane|p1a: River of Despair\n|-damage|p1a: River of Despair|62\/100\n|move|p1a: River of Despair|Toxic|p2a: :v\n|-status|p2a: :v|tox\n|\n|-damage|p2a: :v|94\/100 tox|[from] psn\n|upkeep\n|turn|12\n|c|\u2606notastalecookie|):\n|c|\u2606Bug Maniac Swaggy|:D\n|c| Astro Rifk|gotta say\n|c| Moonz_e|Nah\n|c| Moonz_e|This Araquanid is a monster Nota\n|c| Moonz_e|Took like\n|c| Astro Rifk|if no one got me the random life blood got me\n|c| Moonz_e|40% from full powered Eruption in the sun\n|c| IncandescentCandle|REAL\n|c|\u2606Bug Maniac Swaggy|this same araquanid tanked a max spatk meteor beam\n|c|\u2606Bug Maniac Swaggy|just saying\n|c| Moonz_e|Yeah\n|c|\u2606Bug Maniac Swaggy|still a bug type too\n|c| ArcticIzagi|with 2%\n|c| Moonz_e|This guy is built from another breed\n|c|\u2606Bug Maniac Swaggy|!dt araquanid\n|raw|<div class=\"message\"><ul class=\"utilichart\"><li class=\"result\"><span class=\"col numcol\">RU<\/span> <span class=\"col iconcol\"><psicon pokemon=\"araquanid\"\/><\/span> <span class=\"col pokemonnamecol\" style=\"white-space:nowrap\"><a href=\"https:\/\/dex.pokemonshowdown.com\/pokemon\/araquanid\" target=\"_blank\">Araquanid<\/a><\/span> <span class=\"col typecol\"><img src=\"https:\/\/play.pokemonshowdown.com\/sprites\/types\/Water.png\" alt=\"Water\" height=\"14\" width=\"32\"><img src=\"https:\/\/play.pokemonshowdown.com\/sprites\/types\/Bug.png\" alt=\"Bug\" height=\"14\" width=\"32\"><\/span> <span style=\"float:left;min-height:26px\"><span class=\"col abilitycol\">Water Bubble<\/span><span class=\"col abilitycol\"><em>Water Absorb<\/em><\/span><\/span><span style=\"float:left;min-height:26px\"><span class=\"col statcol\"><em>HP<\/em><br \/>68<\/span> <span class=\"col statcol\"><em>Atk<\/em><br \/>70<\/span> <span class=\"col statcol\"><em>Def<\/em><br \/>92<\/span> <span class=\"col statcol\"><em>SpA<\/em><br \/>50<\/span> <span class=\"col statcol\"><em>SpD<\/em><br \/>132<\/span> <span class=\"col statcol\"><em>Spe<\/em><br \/>42<\/span> <span class=\"col bstcol\"><em>BST<br \/>454<\/em><\/span> <\/span><\/li><li style=\"clear:both\"><\/li><\/ul><\/div>\n|raw|<font size=\"1\"><font color=\"#686868\">Dex#:<\/font> 752&nbsp;|&ThickSpace;<font color=\"#686868\">Gen:<\/font> 7&nbsp;|&ThickSpace;<font color=\"#686868\">Height:<\/font> 1.8 m&nbsp;|&ThickSpace;<font color=\"#686868\">Weight:<\/font> 82 kg <em>(80 BP)<\/em>&nbsp;|&ThickSpace;<font color=\"#686868\">Dex Colour:<\/font> Green&nbsp;|&ThickSpace;<font color=\"#686868\">Egg Group(s):<\/font> Water 1, Bug&nbsp;|&ThickSpace;<font color=\"#686868\">Pre-Evolution:<\/font> Dewpider&nbsp;|&ThickSpace;<font color=\"#686868\">Does Not Evolve<\/font><\/font>\n\n|c|\u2606Bug Maniac Swaggy|132 spdef moment\n|c| IncandescentCandle|hes basically him\n|\n|t:|1699145768\n|move|p2a: :v|Volt Switch|p1a: River of Despair\n|-supereffective|p1a: River of Despair\n|-damage|p1a: River of Despair|14\/100\n|\n|t:|1699145777\n|switch|p2a: :)|Slowking-Galar, M|100\/100|[from] Volt Switch\n|-activate|p2a: :)|move: Sticky Web\n|-unboost|p2a: :)|spe|1\n|move|p1a: River of Despair|Liquidation|p2a: :)\n|-damage|p2a: :)|43\/100\n|-unboost|p2a: :)|def|1\n|\n|-heal|p2a: :)|49\/100|[from] item: Black Sludge\n|upkeep\n|turn|13\n|c| Astro Rifk|lets goooo\n|c|\u2606Bug Maniac Swaggy|PFFFT\n|c| Astro Rifk|mantis lords beat finally\n|c| IncandescentCandle|GG\n|c| IncandescentCandle|now\n|c| ArcticIzagi|congrats\n|c| IncandescentCandle|rifk\n|c| IncandescentCandle|will you go through the door\n|c| Moonz_e|Awesome Rifk\n|c| Astro Rifk|yes i want mark of pride\n|c| Moonz_e|Anyway golly gee this Liquidation damGe\n|c| Astro Rifk|asshming its there\n|c| IncandescentCandle|oh\n|c| Moonz_e|Honestly\n|c| Moonz_e|Shit.can $\n|c|\u2606notastalecookie|whyd i not just click discharge\n|c| Moonz_e|Nah i won't Jynx it\n|\n|t:|1699145846\n|switch|p2a: c:|Rotom-Wash|37\/100\n|move|p1a: River of Despair|Toxic|p2a: c:|[miss]\n|-miss|p1a: River of Despair|p2a: c:\n|\n|-heal|p2a: c:|44\/100|[from] item: Leftovers\n|upkeep\n|turn|14\n|c|\u2606Bug Maniac Swaggy|NOOOOOOOOOOOOOOOOOOOOOOOOOOOO\n|c| Astro Rifk|yea assuming its there so in we go :clueless\n|c| Astro Rifk|:\n|\n|t:|1699145894\n|move|p2a: c:|Volt Switch|p1a: River of Despair\n|-supereffective|p1a: River of Despair\n|-damage|p1a: River of Despair|0 fnt\n|faint|p1a: River of Despair\n|c| Astro Rifk|oh wait i never got the lantern its jover\n|c| Destinum|Rifk and talking to himself in chat about something completely different than everyone else:\n|\n|t:|1699145934\n|switch|p2a: :v|Zapdos|94\/100 tox|[from] Volt Switch\n|\n|-damage|p2a: :v|88\/100 tox|[from] psn\n|upkeep\n|c|\u2606notastalecookie|now\n|c|\u2606notastalecookie|i miss hurricane and lose on the spot\n|c|\u2606notastalecookie|thoughts?\n|c| IncandescentCandle|you're him\n|c| IncandescentCandle|u wont\n|c| Moonz_e|River of Despair :(\n|c| Astro Rifk|not river of despair\n|\n|t:|1699146002\n|switch|p1a: Juggernaut|Buzzwole|100\/100\n|-damage|p1a: Juggernaut|88\/100|[from] Stealth Rock\n|turn|15\n|c|\u2606Bug Maniac Swaggy|its joever for me\n|c| ArcticIzagi|don't give up\n|\n|t:|1699146052\n|switch|p2a: :)|Slowking-Galar, M|82\/100\n|-activate|p2a: :)|move: Sticky Web\n|-unboost|p2a: :)|spe|1\n|move|p1a: Juggernaut|Stone Edge|p2a: :)\n|-damage|p2a: :)|42\/100\n|\n|-heal|p2a: :)|48\/100|[from] item: Black Sludge\n|upkeep\n|turn|16\n|c| Moonz_e|Fuck this white grapefruit is so good tho\n|c| Moonz_e|Oh i wanted one so bad\n|c|\u2606notastalecookie|white grapefruit is amazing\n|c|\u2606Bug Maniac Swaggy|never had grapefruit personally\n|c| ArcticIzagi|nice to hear that it's good, I guess\n|c|\u2606Bug Maniac Swaggy|yeh\n|\n|t:|1699146165\n|switch|p1a: Fissure|Forretress, M|65\/100 par\n|move|p2a: :)|Chilly Reception|p2a: :)\n|-weather|Snow\n|c| Moonz_e|Try it Swaggy\n|\n|t:|1699146196\n|switch|p2a: :v|Zapdos|88\/100 tox|[from] Chilly Reception\n|\n|-weather|Snow|[upkeep]\n|-damage|p2a: :v|82\/100 tox|[from] psn\n|upkeep\n|turn|17\n|c| Moonz_e|I know Grapefruit isn't for everyone\n|c| Moonz_e|But if you like it\n|c| Moonz_e|You **really** like it\n|\n|t:|1699146222\n|move|p2a: :v|Hurricane|p1a: Fissure\n|-damage|p1a: Fissure|0 fnt\n|faint|p1a: Fissure\n|\n|-weather|Snow|[upkeep]\n|-damage|p2a: :v|70\/100 tox|[from] psn\n|upkeep\n|c| IncandescentCandle|rifk how does neon impasse go\n|c| ArcticIzagi|Moonz ever had Pomelo?\n|c|\u2606Bug Maniac Swaggy|!dt hurricane\n|raw|<ul class=\"utilichart\"><li class=\"result\"><span class=\"col movenamecol\"><a href=\"https:\/\/dex.pokemonshowdown.com\/moves\/hurricane\">Hurricane<\/a><\/span> <span class=\"col typecol\"><img src=\"\/\/play.pokemonshowdown.com\/sprites\/types\/Flying.png\" alt=\"Flying\" width=\"32\" height=\"14\"><img src=\"\/\/play.pokemonshowdown.com\/sprites\/categories\/Special.png\" alt=\"Special\" width=\"32\" height=\"14\"><\/span> <span class=\"col labelcol\"><em>Power<\/em><br>110<\/span> <span class=\"col widelabelcol\"><em>Accuracy<\/em><br>70%<\/span> <span class=\"col pplabelcol\"><em>PP<\/em><br>16<\/span> <span class=\"col movedesccol\">30% chance to confuse target. Can't miss in rain.<\/span> <\/li><li style=\"clear:both\"><\/li><\/ul>\n|raw|<font size=\"1\"><font color=\"#686868\">Priority:<\/font> 0&nbsp;|&ThickSpace;<font color=\"#686868\">Gen:<\/font> 5&nbsp;|&ThickSpace;&#10003; Boosted by Sheer Force&nbsp;|&ThickSpace;&#10003; Wind move&nbsp;|&ThickSpace;<font color=\"#686868\">Z-Power:<\/font> 185&nbsp;|&ThickSpace;<font color=\"#686868\">Dynamax Power:<\/font> 140&nbsp;|&ThickSpace;<font color=\"#686868\">Target:<\/font> Any Pok\u00e9mon<\/font>\n\n|c|\u2606notastalecookie|imagine the best sweet\/sour balance youve had in an orange, and its somehow better than that\n|c|\u2606Bug Maniac Swaggy|hmmm\n|c| IncandescentCandle|hurricane gives me ptsd\n|c| Moonz_e|I, in fact, didn't have a pomelo\n|c|\u2606notastalecookie|ooh pomelo is also really good\n|c| ArcticIzagi|yeah\n|c| ArcticIzagi|really fun to peel too imo\n|c| Moonz_e|Also honestly yeah what Nota said about sweet and sour\n|\n|t:|1699146343\n|switch|p1a: Morning Star|Volcarona, F|100\/100\n|turn|18\n|c|\u2606notastalecookie|i click hurricane, miss, and insta lose game. thoughts?\n|c| Destinum|Can the Matchup Moth do it?\n|c|\u2606Bug Maniac Swaggy|actually\n|c|\u2606Bug Maniac Swaggy|i win the speed tie\n|c| IncandescentCandle|left alone though\n|\n|t:|1699146401\n|move|p1a: Morning Star|Quiver Dance|p1a: Morning Star\n|-boost|p1a: Morning Star|spa|1\n|-boost|p1a: Morning Star|spd|1\n|-boost|p1a: Morning Star|spe|1\n|move|p2a: :v|Hurricane|p1a: Morning Star\n|-supereffective|p1a: Morning Star\n|-damage|p1a: Morning Star|7\/100\n|\n|-weather|Snow|[upkeep]\n|-damage|p2a: :v|52\/100 tox|[from] psn\n|upkeep\n|turn|19\n|c| Moonz_e|The only downside of any grapefruit is that there's a lot of that nastu white stuff to trim\n|c|\u2606notastalecookie|7%\n|c|\u2606Bug Maniac Swaggy|niceeeeee\n|c| Moonz_e|Oh\n|c| Moonz_e|Well\n|c| IncandescentCandle|:pensive:\n|c|\u2606notastalecookie|do i just\n|c|\u2606notastalecookie|lose\n|c|\u2606Bug Maniac Swaggy|nah\n|c| IncandescentCandle|are rocks up\n|c|\u2606Bug Maniac Swaggy|glowking takes 1\n|c|\u2606Bug Maniac Swaggy|and rocks are not up\n|c| IncandescentCandle|left alone <3\n|\n|t:|1699146465\n|move|p1a: Morning Star|Fiery Dance|p2a: :v\n|-damage|p2a: :v|0 fnt\n|-boost|p1a: Morning Star|spa|1\n|faint|p2a: :v\n|\n|-weather|Snow|[upkeep]\n|upkeep\n|c|\u2606Bug Maniac Swaggy|well thats not good for you\n|c| Moonz_e|You have outs Nota\n|c|\u2606notastalecookie|i dont after that\n|c| Moonz_e|Just see them\n|c| Moonz_e|I won't tell you\n|c|\u2606Bug Maniac Swaggy|bro oger is righ tthere\n|c| IncandescentCandle|use your goat powers to reverse 6-0\n|c| IncandescentCandle|trust\n|c| Moonz_e|Well Swaggy did XD\n|c|\u2606Bug Maniac Swaggy|at the very least i cant sweep you with this guy\n|c|\u2606notastalecookie|time to lose 80% of my hp on oger cuz of a 50% chance xd\n|\n|t:|1699146513\n|switch|p2a: :l|Ogerpon-Cornerstone, F|100\/100\n|-activate|p2a: :l|move: Sticky Web\n|-unboost|p2a: :l|spe|1\n|turn|20\n|c| Moonz_e|Actually you go to sturdy\n|c| Moonz_e|Because\n|c| Moonz_e|Bug buzz\n|c|\u2606Bug Maniac Swaggy|yeh\n|c|\u2606Bug Maniac Swaggy|but it doesnt matter because flame body\n|c|\u2606Bug Maniac Swaggy|kills\n|c| Destinum|Pretty sure it goes to Sturdy regardless.\n|c| Astro Rifk|it does\n|c|\u2606Bug Maniac Swaggy|it has sturdy unless it teras but his tera cap is bax\n|c| Destinum|It's Volcarona at fucking +2.\n|\n|t:|1699146552\n|move|p1a: Morning Star|Bug Buzz|p2a: :l\n|-supereffective|p2a: :l\n|-ability|p2a: :l|Sturdy\n|-damage|p2a: :l|1\/100\n|move|p2a: :l|Ivy Cudgel|p1a: Morning Star\n|-supereffective|p1a: Morning Star\n|-damage|p1a: Morning Star|0 fnt\n|faint|p1a: Morning Star\n|\n|-weather|none\n|upkeep\n|c| Astro Rifk|ftr\n|c| Astro Rifk|ivy isnt contact\n|c|\u2606Bug Maniac Swaggy|oh\n|c|\u2606notastalecookie|yeah\n|c|\u2606Bug Maniac Swaggy|the more you know\n|c| Moonz_e|Imagine like\n|c| Moonz_e|A big bobking stick\n|c| Moonz_e|That's\n|c| Moonz_e|That's Ivy\n|c| Moonz_e|Animation in the game actually shows it\n|c|\u2606notastalecookie|random thought, i kinda want to learn the lute\n|c| ArcticIzagi|for them whimsical tunes?\n|c|\u2606notastalecookie|i already play guitar, how hard could it be :clueless:\n|c| Moonz_e|Damn\n|c| Moonz_e|I want to learn drums\n|c| Moonz_e|One day tho\n|c| ArcticIzagi|really wanna learn an instrument too\n|c| ArcticIzagi|mayhaps the guitar or the bass\n|c|\u2606notastalecookie|i think i lost\n|c|\u2606Bug Maniac Swaggy|i play piano personally\n|c|\u2606Bug Maniac Swaggy|or well did\n|c| IncandescentCandle|i know how to play the double bass\n|c| Moonz_e|Nota\n|c|\u2606notastalecookie|ye?\n|c| Destinum|Maybe you should be playing Pok\u00e9mon instead right now Swaggy?\n|c| Moonz_e|You are saying you lost like the 4th time already\n|c|\u2606Bug Maniac Swaggy|im thinking\n|c| Moonz_e|Give yourself a shot\n|c| Moonz_e|Seriously\n|c|\u2606notastalecookie|but like\n|c|\u2606notastalecookie|scizor\n|c| Moonz_e|Like i jokingky nudge you down but really\n|c| IncandescentCandle|nota\n|c| IncandescentCandle|stop pulling a rifk\n|c| IncandescentCandle|smh\n|c| Moonz_e|You have outs to Scizor\n|c| IncandescentCandle|remember nota\n|c| Moonz_e|Well\n|c| Astro Rifk|\ud83d\ude2d\n|c| Moonz_e|An out\n|c| IncandescentCandle|something feels wrong but you're almost home\n|c| Astro Rifk|almost home \ud83d\udc10\ud83d\udc10\ud83d\udc10\ud83d\udc10\n|\n|t:|1699146859\n|switch|p1a: Juggernaut|Buzzwole|88\/100\n|-damage|p1a: Juggernaut|76\/100|[from] Stealth Rock\n|turn|21\n|c|\u2606notastalecookie|not in natdex i dont, if the mf has roost im just done\n|\n|t:|1699146879\n|move|p1a: Juggernaut|Ice Punch|p2a: :l\n|-supereffective|p2a: :l\n|-damage|p2a: :l|0 fnt\n|faint|p2a: :l\n|-ability|p1a: Juggernaut|Beast Boost|boost\n|-boost|p1a: Juggernaut|atk|1\n|\n|upkeep\n|c|\u2606notastalecookie|i forgot it did that\n|c| ArcticIzagi|beast boost hours\n|c|\u2606Bug Maniac Swaggy|things are looking scarce now\n|\n|t:|1699146914\n|switch|p2a: c:|Rotom-Wash|44\/100\n|turn|22\n|j| El Zappo\n|c|\u2606Bug Maniac Swaggy|i can def lose this if i dont play perfectly\n|c| IncandescentCandle|nota is him so he wins from this position it is true\n|c| Moonz_e|Nah i thing Swaggy got this\n|c| Moonz_e|Bug representative of thw year\n|c|\u2606Bug Maniac Swaggy|real\n|c| IncandescentCandle|ok but consider\n|c| IncandescentCandle|nota has a cooler type\n|c|\u2606Bug Maniac Swaggy|cap\n|c| IncandescentCandle|fax\n|c|\u2606Bug Maniac Swaggy|nuh uh\n|c| Moonz_e|Ok no\n|c| Moonz_e|Bug is cooler and you can't deny that\n|c| Moonz_e|On the bright side Athy\n|j| Jamwo j\n|c| Moonz_e|I think there's a real possibility Swaggy 2:0s me anyway XD\n|c| Moonz_e|Altough idk if that's better for you or not...\n|c|\u2606notastalecookie|athy needs me to beat you and swaggy\n|c| IncandescentCandle|I dodge the Revelations 13:1 allegations\n|c| Jamwo j|Its been like half an hour how are u only on turn 22\n|c|\u2606Bug Maniac Swaggy|im thinking\n|c|\u2606Bug Maniac Swaggy|hard\n|c|\u2606notastalecookie|you shouldve seen my games vs frosty\n|\n|t:|1699147121\n|move|p1a: Juggernaut|Ice Punch|p2a: c:\n|-resisted|p2a: c:\n|-damage|p2a: c:|22\/100\n|move|p2a: c:|Thunder Wave|p1a: Juggernaut\n|-status|p1a: Juggernaut|par\n|\n|-heal|p2a: c:|28\/100|[from] item: Leftovers\n|upkeep\n|turn|23\n|c| Jamwo j|Stop thinking\n|c|\u2606notastalecookie|they were even longer\n|c| Jamwo j|Click buttons randomly and hope for the besy\n|c|\u2606Bug Maniac Swaggy|apologies\n|c| Astro Rifk|@jamwo j nuh uh\n|c|\u2606Bug Maniac Swaggy|youre right i should do that\n|c| Astro Rifk|i wish i could play w out thinking lol\n|\n|t:|1699147245\n|switch|p2a: :)|Slowking-Galar, M|81\/100\n|-activate|p2a: :)|move: Sticky Web\n|-unboost|p2a: :)|spe|1\n|cant|p1a: Juggernaut|par\n|\n|-heal|p2a: :)|87\/100|[from] item: Black Sludge\n|upkeep\n|turn|24\n|c| IncandescentCandle|i can sorta get into a loop\n|c| IncandescentCandle|in longer games\n|c| Astro Rifk|yea same\n|c| Astro Rifk|see: my game 2 vs hnard\n|c| Astro Rifk|didnt even see the turn count was 176 untill after\n|l| Jamwo j\n|c| Moonz_e|I simply see the future and play according\n|\n|t:|1699147318\n|move|p1a: Juggernaut|Ice Punch|p2a: :)\n|-damage|p2a: :)|43\/100\n|move|p2a: :)|Psychic|p1a: Juggernaut\n|-supereffective|p1a: Juggernaut\n|-damage|p1a: Juggernaut|0 fnt\n|faint|p1a: Juggernaut\n|\n|-heal|p2a: :)|49\/100|[from] item: Black Sludge\n|upkeep\n|c| Moonz_e|*accordingly\n|c| Moonz_e|That's how i know there is no winning path against Nota\n|c|\u2606notastalecookie|people who can play randbats blitz well are crazy to me... like how do you think through everything with a team you're seeing for the first time\n|c| Astro Rifk|reading out lines like 30 turns in the future is awesome though\n|c| IncandescentCandle|I can play randbats blitz decently because I figure it out as I go\n|c| Destinum|I've played it a bit. Pretty fun.\n|c| Astro Rifk|even if it takes 30 years\n|c|\u2606notastalecookie|even knowing every set basically by heart i still cant\n|c|\u2606notastalecookie|im hardstuck 1300 :sob:\n|c| IncandescentCandle|And yeah I can like stop and see several turn long lines it just sucks and I prefer to see like 5-10 turns at most and then figure it out 5-10 turns from then\n|c| Destinum|I just go by instinct and don't take it too seriously.\n|c| Moonz_e|I don't really play randbats\n|c| Moonz_e|I need to be well aquainted with a team to play well with jt\n|c| Moonz_e|*it\n|c|\u2606Bug Maniac Swaggy|the rocks are biting me in the ass atm\n|c|\u2606Bug Maniac Swaggy|i think i might lose but we'll see\n|c| Moonz_e|Yeah they really are\n|c| IncandescentCandle|draje refrence\n|c|\u2606notastalecookie|am i wrong or does mscizor not just win from here\n|c|\u2606Bug Maniac Swaggy|you have tera ground bax\n|c| IncandescentCandle|something feeels wrongggggg but i'm almost homeeeeeeeee\n|c|\u2606Bug Maniac Swaggy|that could be a little annoying\n|c| Moonz_e|I dunno Nota, you tell me\n|c| Moonz_e|Also ate me healthy snacc of a grapefruit :,D\n|c| Destinum|Scizor definitely doesn't just win here.\n|c|\u2606notastalecookie|nvm just checked a calc and wow bax is tankier than i thought\n|c| Moonz_e|It really is\n|c| IncandescentCandle|something feels wrong but i'm almost home\n|c| IncandescentCandle|:goat:\n|c| ArcticIzagi|I should really have more healthy snacks in storage\n|c| Moonz_e|Just buy long lasting fruits honestly\n|c| ArcticIzagi|I had a chips sandwich -_-\n|c| Astro Rifk|might do a magic 8ball run next while bax is still legal\n|c| Astro Rifk|well\n|c| Astro Rifk|assuming im freed by then\n|c| Moonz_e|Citruses, apples\n|c| Moonz_e|Stuff like that\n|c| ArcticIzagi|I bought some mid-ass pears this week\n|c| Moonz_e|Bax is not legal\n|c| ArcticIzagi|they suck\n|c| Astro Rifk|though its probablyyyyy finee in nd bc of msciz :clueless:\n|l| IncandescentCandle\n|c| Destinum|Swaggy, you have two options. How is it taking this long?\n|c| Moonz_e|Athy just left\n|c|\u2606Bug Maniac Swaggy|im thinking man\n|c|\u2606Bug Maniac Swaggy|im sorry\n|c| Astro Rifk|oh wait yea\n|c| Astro Rifk|bax is banned\n|c| Astro Rifk|lmao\n|c|\u2606notastalecookie|let the man think\n|c| ArcticIzagi|But soon it will be christmas season and I can get mandarins\n|j| IncandescentCandle\n|c| Moonz_e|Dest is just annoyed probably because he wants to put the results in and sleep\n|c| Moonz_e|It is almost 2:30 for us\n|c| Moonz_e|The CET gang\n|c|\u2606notastalecookie|ah ic\n|c|\u2606Bug Maniac Swaggy|fair\n|c| Destinum|Nah, not really. It's just that overthinking is generally more harmful than helpful.\n|c|\u2606Bug Maniac Swaggy|oh\n|c| Destinum|Just exhausts you.\n|c|\u2606Bug Maniac Swaggy|im just running calcs and allat\n|c| IncandescentCandle|I disagree to an extent\n|c| ArcticIzagi|My body is going to hate me but I need to see the resolution\n|c| Moonz_e|I even more so\n|c| Moonz_e|But i get up at 10 so it's fine\n|c| Moonz_e|Unless it takes more than 1,5 hours from here, i still get my 6 hours in\n|c|\u2606notastalecookie|this has now lasted longer than my games with frosty\n|c| ArcticIzagi|I wanted to get up at 7 -_-\n|\n|t:|1699147762\n|switch|p1a: Revelations 13-1|Scizor, M|100\/100\n|-damage|p1a: Revelations 13-1|88\/100|[from] Stealth Rock\n|turn|25\n|c| IncandescentCandle|:sob:\n|\n|t:|1699147785\n|detailschange|p1a: Revelations 13-1|Scizor-Mega, M\n|-mega|p1a: Revelations 13-1|Scizor|Scizorite\n|move|p1a: Revelations 13-1|Knock Off|p2a: :)\n|-supereffective|p2a: :)\n|-damage|p2a: :)|0 fnt\n|-enditem|p2a: :)|Black Sludge|[from] move: Knock Off|[of] p1a: Revelations 13-1\n|faint|p2a: :)\n|\n|upkeep\n|c| Destinum|Like, in this scenario, what exactly would Galvantula do against Slowking? Haven't calced, but I'm 90% sure it just missed the kill and then dies. Thus, going Scizor is just a no brainer.\n|c|\u2606Bug Maniac Swaggy|my galv is built different\n|l| Jack0lantern89\n|c| Astro Rifk|yea\n|c| Moonz_e|Shit idk if\n|c| Moonz_e|Hmm\n|c| Astro Rifk|it crit max roll uber goober blasts it\n|c| Moonz_e|Don't Backseat monika\n|c| Moonz_e|Don't Backseat\n|c| Destinum|Just Monika.\n|c| Astro Rifk|me when the uber goober shamone blast\n|\n|t:|1699147977\n|switch|p2a: c:|Rotom-Wash|28\/100\n|turn|26\n|c| Moonz_e|Altough no nevermind my idea is idiotic\n|c| Moonz_e|Glowking gets Flamethrow\n|c| Moonz_e|I didn't check if Nota runs Flamethrower admitedly but\n|c| Moonz_e|It does\n|c| Moonz_e|Get it\n|c|\u2606notastalecookie|yeah\n|c|\u2606notastalecookie|it does\n|c|\u2606Bug Maniac Swaggy|wh wouldnt run flamethrower glowking\n|c|\u2606notastalecookie|get it\n|\n|t:|1699148034\n|move|p2a: c:|Hydro Pump|p1a: Revelations 13-1\n|-damage|p1a: Revelations 13-1|49\/100\n|move|p1a: Revelations 13-1|Knock Off|p2a: c:\n|-damage|p2a: c:|0 fnt\n|-enditem|p2a: c:|Leftovers|[from] move: Knock Off|[of] p1a: Revelations 13-1\n|faint|p2a: c:\n|\n|upkeep\n|c|\u2606notastalecookie|now the question\n|c|\u2606notastalecookie|does this mf have roost\n|c|\u2606Bug Maniac Swaggy|i do :D\n|c| Moonz_e|I genuinely don't remember, i can't te-\n|c| Moonz_e|Swaggy\n|c| IncandescentCandle|it does but w this chip bax still 1v1s\n|c|\u2606Bug Maniac Swaggy|i could be lyinggggg\n|c| Moonz_e|You need to learn go keep.your cards close to the chest\n|c| IncandescentCandle|something may feel wrong but we're almost home nota\n|c| IncandescentCandle|i have faith\n|c| IncandescentCandle|<3\n|c| ArcticIzagi|Swaggy is like way to nice\n|c| Moonz_e|__ok no, but do you? I really don't remember__\n|c| Moonz_e|__I'll check before our game anyway but like__\n|c| Moonz_e|Can one drink tea after brushing their teeth?\n|c| Astro Rifk|i doubt it\n|c| Astro Rifk|?\n|c| Moonz_e|;-;\n|c| ArcticIzagi|yeah would say so\n|c| ArcticIzagi|if it's not sweetened\n|c| Moonz_e|I don't put sugar in\n|c| Destinum|I mean, you *can* do whatever you want.\n|c| Moonz_e|But it is with ginger added\n|c| Moonz_e|Ok let me rephrase Dest\n|c| Moonz_e|Should one?\n|\n|t:|1699148273\n|switch|p2a: >:)|Baxcalibur, F|100\/100\n|-activate|p2a: >:)|move: Sticky Web\n|-unboost|p2a: >:)|spe|1\n|turn|27\n|c| Astro Rifk|HES IN\n|c| Moonz_e|Eh, i'll drink a cup of tea anyway\n|c| Astro Rifk|WOOO\n|c| Moonz_e|Before brushie brushie\n|c| Moonz_e|And brushie brushie after\n|\n|t:|1699148321\n|-terastallize|p2a: >:)|Ground\n|move|p2a: >:)|Dragon Dance|p2a: >:)\n|-boost|p2a: >:)|atk|1\n|-boost|p2a: >:)|spe|1\n|move|p1a: Revelations 13-1|Swords Dance|p1a: Revelations 13-1\n|-boost|p1a: Revelations 13-1|atk|2\n|\n|upkeep\n|turn|28\n|c| Moonz_e|O no\n|\n|t:|1699148337\n|move|p1a: Revelations 13-1|Bullet Punch|p2a: >:)\n|-damage|p2a: >:)|23\/100\n|move|p2a: >:)|Earthquake|p1a: Revelations 13-1\n|-damage|p1a: Revelations 13-1|0 fnt\n|faint|p1a: Revelations 13-1\n|\n|upkeep\n|c| Moonz_e|Is that\n|\n|t:|1699148342\n|switch|p1a: Stargazer|Galvantula, M|32\/100\n|-damage|p1a: Stargazer|7\/100|[from] Stealth Rock\n|turn|29\n|c| IncandescentCandle|SOMETHING FEELS WRONG\n|c| Moonz_e|O NO\n|c| IncandescentCandle|BUT IM ALMOST HOME\n|c| ArcticIzagi|it's joever?\n|c|\u2606Bug Maniac Swaggy|gg\n|\n|t:|1699148359\n|move|p1a: Stargazer|Energy Ball|p2a: >:)\n|-supereffective|p2a: >:)\n|-damage|p2a: >:)|0 fnt\n|faint|p2a: >:)\n|\n|upkeep\n|\n|t:|1699148361\n|switch|p2a: >:D|Great Tusk|94\/100 tox\n|-activate|p2a: >:D|move: Sticky Web\n|-unboost|p2a: >:D|spe|1\n|turn|30\n|c| Moonz_e|That looks like a toe breaker yeah\n|c|\u2606Bug Maniac Swaggy|oh youre not shard?\n|c| Moonz_e|Hold up\n|c| IncandescentCandle|its dd\n|c|\u2606Bug Maniac Swaggy|oh true\n|c| IncandescentCandle|dd shard is only chosen to fuck grass players specifically\n|c|\u2606Bug Maniac Swaggy|lol\n|c|\u2606Bug Maniac Swaggy|alright well\n|c| Moonz_e|Ferb, i know what we will be doing today\n|c|\u2606Bug Maniac Swaggy|this comes down to a roll\n|\n|t:|1699148391\n|move|p1a: Stargazer|Energy Ball|p2a: >:D\n|-supereffective|p2a: >:D\n|-damage|p2a: >:D|0 fnt\n|faint|p2a: >:D\n|-end|p2a: >:D|Protosynthesis|[silent]\n|\n|win|Bug Maniac Swaggy\n|c| IncandescentCandle|wait wtf\n|c| IncandescentCandle|OH\n|c| IncandescentCandle|SHIT\n|c| ArcticIzagi|LET'S GOOOOO\n|c|\u2606Bug Maniac Swaggy|LETS GOOOOOOOOOOOOOOO\n|c| Moonz_e|Hey!\n|c|\u2606Bug Maniac Swaggy|OMBGGG\n|c|\u2606Bug Maniac Swaggy|gg wp man\n|c| Moonz_e|You did it Swaggy!\n|c|\u2606Bug Maniac Swaggy|oh my lord\n|c| ArcticIzagi|YOOOO\n|c|\u2606Bug Maniac Swaggy|i was sweating\n","uploadtime":1699148397,"views":15,"p1id":"bugmaniacswaggy","p2id":"notastalecookie","formatid":"gen9nationaldexubers","rating":0,"private":0,"password":""}