{"id":"gen9nationaldexubers-1981827774","p1":"yarujohto","p2":"DrArkane15","format":"[Gen 9] National Dex Ubers","log":"|j|\u2606yarujohto\n|j|\u2606DrArkane15\n|t:|1698944632\n|gametype|singles\n|player|p1|yarujohto|lucas|\n|player|p2|DrArkane15|cyrus|\n|teamsize|p1|6\n|teamsize|p2|3\n|gen|9\n|tier|[Gen 9] National Dex Ubers\n|rule|HP Percentage Mod: HP is shown in percentages\n|rule|Endless Battle Clause: Forcing endless battles is banned\n|rule|OHKO Clause: OHKO moves are banned\n|rule|Evasion Moves Clause: Evasion moves are banned\n|rule|Evasion Items Clause: Evasion items are banned\n|rule|Species Clause: Limit one of each Pok\u00e9mon\n|rule|Sleep Clause Mod: Limit one foe put to sleep\n|rule|Mega Rayquaza Clause: You cannot mega evolve Rayquaza\n|clearpoke\n|poke|p1|Eevee, L11, M|\n|poke|p1|Lillipup, L7, M|\n|poke|p1|Taillow, L15, F|\n|poke|p1|Poliwag, L7, M|\n|poke|p1|Pikipek, L8, F|\n|poke|p1|Blipbug, L7, F|\n|poke|p2|Onix, L21, F|\n|poke|p2|Klawf, L20, F|\n|poke|p2|Shieldon, L19, F|\n|teampreview\n|\n|t:|1698944651\n|start\n|switch|p1a: Pikipek|Pikipek, L8, F|100\/100\n|switch|p2a: Klawf|Klawf, L20, F|100\/100\n|turn|1\n|j| Neosouls\n|\n|t:|1698944659\n|move|p2a: Klawf|Rock Throw|p1a: Pikipek|[miss]\n|-miss|p2a: Klawf|p1a: Pikipek\n|move|p1a: Pikipek|Peck|p2a: Klawf\n|-resisted|p2a: Klawf\n|-damage|p2a: Klawf|99\/100\n|\n|upkeep\n|turn|2\n|inactive|Battle timer is ON: inactive players will automatically lose when time's up. (requested by yarujohto)\n|\n|t:|1698944694\n|move|p2a: Klawf|Rock Throw|p1a: Pikipek\n|-supereffective|p1a: Pikipek\n|-damage|p1a: Pikipek|0 fnt\n|faint|p1a: Pikipek\n|\n|upkeep\n|\n|t:|1698944699\n|switch|p1a: Blipbug|Blipbug, L7, F|100\/100\n|turn|3\n|\n|t:|1698944713\n|move|p2a: Klawf|Harden|p2a: Klawf\n|-boost|p2a: Klawf|def|1\n|move|p1a: Blipbug|Struggle Bug|p2a: Klawf\n|-damage|p2a: Klawf|95\/100\n|-unboost|p2a: Klawf|spa|1\n|\n|upkeep\n|turn|4\n|\n|t:|1698944731\n|move|p2a: Klawf|Metal Claw|p1a: Blipbug\n|-damage|p1a: Blipbug|0 fnt\n|faint|p1a: Blipbug\n|\n|upkeep\n|\n|t:|1698944740\n|switch|p1a: Poliwag|Poliwag, L7, M|100\/100\n|turn|5\n|\n|t:|1698944749\n|move|p2a: Klawf|Metal Claw|p1a: Poliwag\n|-resisted|p1a: Poliwag\n|-damage|p1a: Poliwag|0 fnt\n|faint|p1a: Poliwag\n|\n|upkeep\n|\n|t:|1698944758\n|switch|p1a: Lillipup|Lillipup, L7, M|100\/100\n|turn|6\n|\n|t:|1698944766\n|move|p2a: Klawf|Rock Throw|p1a: Lillipup\n|-damage|p1a: Lillipup|0 fnt\n|faint|p1a: Lillipup\n|\n|upkeep\n|\n|t:|1698944770\n|switch|p1a: Eevee|Eevee, L11, M|100\/100\n|turn|7\n|\n|t:|1698944784\n|move|p1a: Eevee|Quick Attack|p2a: Klawf\n|-resisted|p2a: Klawf\n|-damage|p2a: Klawf|93\/100\n|move|p2a: Klawf|Metal Claw|p1a: Eevee\n|-damage|p1a: Eevee|0 fnt\n|faint|p1a: Eevee\n|\n|upkeep\n|\n|t:|1698944792\n|switch|p1a: Taillow|Taillow, L15, F|100\/100\n|turn|8\n|j| Half_A_Ako\n|\n|t:|1698944801\n|move|p1a: Taillow|Quick Attack|p2a: Klawf\n|-resisted|p2a: Klawf\n|-damage|p2a: Klawf|90\/100\n|move|p2a: Klawf|Rock Throw|p1a: Taillow\n|-supereffective|p1a: Taillow\n|-damage|p1a: Taillow|0 fnt\n|faint|p1a: Taillow\n|\n|win|DrArkane15\n","uploadtime":1698944811,"views":11,"p1id":"yarujohto","p2id":"drarkane15","formatid":"gen9nationaldexubers","rating":0,"private":0,"password":""}