{"id":"gen9nationaldexubers-1980717390","p1":"Cilantora","p2":"plss master","format":"[Gen 9] National Dex Ubers","log":"|j|\u2606Cilantora\n|j|\u2606plss master\n|t:|1698818408\n|gametype|singles\n|player|p1|Cilantora|2|1049\n|player|p2|plss master|sailor|1040\n|teamsize|p1|6\n|teamsize|p2|6\n|gen|9\n|tier|[Gen 9] National Dex Ubers\n|rated|\n|rule|HP Percentage Mod: HP is shown in percentages\n|rule|Endless Battle Clause: Forcing endless battles is banned\n|rule|OHKO Clause: OHKO moves are banned\n|rule|Evasion Moves Clause: Evasion moves are banned\n|rule|Evasion Items Clause: Evasion items are banned\n|rule|Species Clause: Limit one of each Pok\u00e9mon\n|rule|Sleep Clause Mod: Limit one foe put to sleep\n|rule|Mega Rayquaza Clause: You cannot mega evolve Rayquaza\n|clearpoke\n|poke|p1|Dragapult, F|\n|poke|p1|Breloom, M|\n|poke|p1|Cyclizar, F|\n|poke|p1|Annihilape, F|\n|poke|p1|Darmanitan-Galar, M|\n|poke|p1|Samurott-Hisui, M|\n|poke|p2|Tyranitar, F|\n|poke|p2|Golem, M|\n|poke|p2|Cradily, F|\n|poke|p2|Kabutops, M|\n|poke|p2|Bastiodon, M|\n|poke|p2|Sudowoodo, M|\n|teampreview\n|\n|t:|1698818416\n|start\n|switch|p1a: Cyclizar|Cyclizar, F|100\/100\n|switch|p2a: Mourning wood|Sudowoodo, M|100\/100\n|turn|1\n|\n|t:|1698818425\n|move|p1a: Cyclizar|Shed Tail|p1a: Cyclizar\n|-start|p1a: Cyclizar|Substitute|[from] move: Shed Tail\n|-damage|p1a: Cyclizar|50\/100\n|\n|t:|1698818429\n|switch|p1a: Breloom|Breloom, M|100\/100|[from] Shed Tail\n|move|p2a: Mourning wood|Brick Break|p1a: Breloom\n|-end|p1a: Breloom|Substitute\n|-damage|p2a: Mourning wood|91\/100|[from] item: Life Orb\n|\n|upkeep\n|turn|2\n|\n|t:|1698818440\n|move|p1a: Breloom|Spore|p2a: Mourning wood\n|-status|p2a: Mourning wood|slp|[from] move: Spore\n|cant|p2a: Mourning wood|slp\n|\n|upkeep\n|turn|3\n|\n|t:|1698818448\n|move|p1a: Breloom|Swords Dance|p1a: Breloom\n|-boost|p1a: Breloom|atk|2\n|-curestatus|p2a: Mourning wood|slp|[msg]\n|move|p2a: Mourning wood|Explosion|p1a: Breloom\n|-enditem|p1a: Breloom|Focus Sash\n|-damage|p1a: Breloom|1\/100\n|faint|p2a: Mourning wood\n|\n|upkeep\n|\n|t:|1698818458\n|switch|p2a: Haze|Kabutops, M|100\/100\n|turn|4\n|\n|t:|1698818470\n|move|p1a: Breloom|Mach Punch|p2a: Haze\n|-supereffective|p2a: Haze\n|-damage|p2a: Haze|0 fnt\n|faint|p2a: Haze\n|\n|upkeep\n|-message|plss master forfeited.\n|\n|win|Cilantora\n|raw|Cilantora's rating: 1049 &rarr; <strong>1081<\/strong><br \/>(+32 for winning)\n|raw|plss master's rating: 1040 &rarr; <strong>1024<\/strong><br \/>(-16 for losing)\n|l|\u2606plss master\n","uploadtime":1698818478,"views":11,"p1id":"cilantora","p2id":"plssmaster","formatid":"gen9nationaldexubers","rating":1024,"private":0,"password":""}