{"id":"gen9nationaldexubers-1978568897","p1":"suc vat vk","p2":"conifirous","format":"[Gen 9] National Dex Ubers","log":"|j|\u2606suc vat vk\n|j|\u2606conifirous\n|t:|1698557637\n|gametype|singles\n|player|p1|suc vat vk|102|1138\n|player|p2|conifirous|1|1040\n|teamsize|p1|6\n|teamsize|p2|5\n|gen|9\n|tier|[Gen 9] National Dex Ubers\n|rated|\n|rule|HP Percentage Mod: HP is shown in percentages\n|rule|Endless Battle Clause: Forcing endless battles is banned\n|rule|OHKO Clause: OHKO moves are banned\n|rule|Evasion Moves Clause: Evasion moves are banned\n|rule|Evasion Items Clause: Evasion items are banned\n|rule|Species Clause: Limit one of each Pok\u00e9mon\n|rule|Sleep Clause Mod: Limit one foe put to sleep\n|rule|Mega Rayquaza Clause: You cannot mega evolve Rayquaza\n|clearpoke\n|poke|p1|Blastoise, M|\n|poke|p1|Blaziken, F|\n|poke|p1|Necrozma-Dusk-Mane|\n|poke|p1|Zygarde|\n|poke|p1|Kangaskhan, F|\n|poke|p1|Rayquaza|\n|poke|p2|Mismagius, F|\n|poke|p2|Delibird, M|\n|poke|p2|Alcremie-Ruby-Cream, F|\n|poke|p2|Stakataka|\n|poke|p2|Quaquaval, M|\n|teampreview\n|\n|t:|1698557654\n|start\n|switch|p1a: Blastoise|Blastoise, M|100\/100\n|switch|p2a: happy halloween|Mismagius, F|100\/100\n|turn|1\n|\n|t:|1698557663\n|move|p2a: happy halloween|Energy Ball|p1a: Blastoise\n|-supereffective|p1a: Blastoise\n|-damage|p1a: Blastoise|54\/100\n|move|p1a: Blastoise|Shell Smash|p1a: Blastoise\n|-unboost|p1a: Blastoise|def|1\n|-unboost|p1a: Blastoise|spd|1\n|-boost|p1a: Blastoise|atk|2\n|-boost|p1a: Blastoise|spa|2\n|-boost|p1a: Blastoise|spe|2\n|\n|upkeep\n|turn|2\n|\n|t:|1698557675\n|detailschange|p1a: Blastoise|Blastoise-Mega, M\n|-mega|p1a: Blastoise|Blastoise|Blastoisinite\n|-terastallize|p2a: happy halloween|Electric\n|move|p1a: Blastoise|Scald|p2a: happy halloween\n|-damage|p2a: happy halloween|22\/100\n|move|p2a: happy halloween|Energy Ball|p1a: Blastoise\n|-supereffective|p1a: Blastoise\n|-damage|p1a: Blastoise|0 fnt\n|faint|p1a: Blastoise\n|\n|upkeep\n|\n|t:|1698557682\n|switch|p1a: Kangaskhan|Kangaskhan, F|100\/100\n|turn|3\n|\n|t:|1698557699\n|move|p1a: Kangaskhan|Fake Out|p2a: happy halloween\n|-crit|p2a: happy halloween\n|-damage|p2a: happy halloween|0 fnt\n|faint|p2a: happy halloween\n|\n|upkeep\n|\n|t:|1698557708\n|switch|p2a: merry christmas|Delibird, M|100\/100\n|turn|4\n|\n|t:|1698557714\n|move|p1a: Kangaskhan|Rock Slide|p2a: merry christmas\n|-supereffective|p2a: merry christmas\n|-damage|p2a: merry christmas|0 fnt\n|faint|p2a: merry christmas\n|\n|upkeep\n|\n|t:|1698557722\n|switch|p2a: happy birthday|Alcremie-Ruby-Cream, F|100\/100\n|turn|5\n|inactive|Battle timer is ON: inactive players will automatically lose when time's up. (requested by conifirous)\n|inactive|suc vat vk has 120 seconds left.\n|inactive|suc vat vk has 90 seconds left.\n|inactive|suc vat vk has 60 seconds left.\n|inactive|suc vat vk has 30 seconds left.\n|inactive|suc vat vk has 20 seconds left.\n|inactive|suc vat vk has 15 seconds left.\n|inactive|suc vat vk has 10 seconds left.\n|inactive|suc vat vk has 5 seconds left.\n|-message|suc vat vk lost due to inactivity.\n|\n|win|conifirous\n|raw|suc vat vk's rating: 1108 &rarr; <strong>1078<\/strong><br \/>(-30 for losing)\n|raw|conifirous's rating: 1040 &rarr; <strong>1081<\/strong><br \/>(+41 for winning)\n","uploadtime":1698557922,"views":9,"p1id":"sucvatvk","p2id":"conifirous","formatid":"gen9nationaldexubers","rating":1078,"private":0,"password":""}