{"id":"gen9nationaldexubers-1987964505","p1":"ambatusmurf","p2":"Power is out gg","format":"[Gen 9] National Dex Ubers","log":"|j|\u2606ambatusmurf\n|j|\u2606Power is out gg\n|t:|1699653815\n|gametype|singles\n|player|p1|ambatusmurf|marnie-masters2|1000\n|player|p2|Power is out gg|169|1000\n|teamsize|p1|6\n|teamsize|p2|6\n|gen|9\n|tier|[Gen 9] National Dex Ubers\n|rated|\n|rule|HP Percentage Mod: HP is shown in percentages\n|rule|Endless Battle Clause: Forcing endless battles is banned\n|rule|OHKO Clause: OHKO moves are banned\n|rule|Evasion Moves Clause: Evasion moves are banned\n|rule|Evasion Items Clause: Evasion items are banned\n|rule|Species Clause: Limit one of each Pok\u00e9mon\n|rule|Sleep Clause Mod: Limit one foe put to sleep\n|rule|Mega Rayquaza Clause: You cannot mega evolve Rayquaza\n|clearpoke\n|poke|p1|Ledyba, F|\n|poke|p1|Diggersby, M|\n|poke|p1|Bisharp, F|\n|poke|p1|Giratina-Origin|\n|poke|p1|Druddigon, M|\n|poke|p1|Salamence, M|\n|poke|p2|Rhyperior, M|\n|poke|p2|Kommo-o, F|\n|poke|p2|Tangrowth, F|\n|poke|p2|Accelgor, M|\n|poke|p2|Darmanitan-Galar, M|\n|poke|p2|Ninetales, M|\n|teampreview\n|inactive|Battle timer is ON: inactive players will automatically lose when time's up. (requested by ambatusmurf)\n|\n|t:|1699653826\n|start\n|switch|p1a: bimmy|Ledyba, F|100\/100\n|switch|p2a: Accelgor|Accelgor, M|100\/100\n|turn|1\n|\n|t:|1699653835\n|move|p2a: Accelgor|Water Shuriken|p1a: bimmy\n|-damage|p1a: bimmy|97\/100\n|-damage|p1a: bimmy|92\/100\n|-damage|p1a: bimmy|87\/100\n|-hitcount|p1a: bimmy|3\n|move|p1a: bimmy|Encore|p2a: Accelgor\n|-start|p2a: Accelgor|Encore\n|\n|upkeep\n|turn|2\n|\n|t:|1699653846\n|switch|p2a: Ninetales|Ninetales, M|100\/100\n|-weather|SunnyDay|[from] ability: Drought|[of] p2a: Ninetales\n|switch|p1a: Salamence|Salamence, M, shiny|100\/100\n|-ability|p1a: Salamence|Intimidate|boost\n|-unboost|p2a: Ninetales|atk|1\n|\n|-weather|SunnyDay|[upkeep]\n|upkeep\n|turn|3\n|\n|t:|1699653861\n|detailschange|p1a: Salamence|Salamence-Mega, M, shiny\n|-mega|p1a: Salamence|Salamence|Salamencite\n|move|p1a: Salamence|Dragon Dance|p1a: Salamence\n|-boost|p1a: Salamence|atk|1\n|-boost|p1a: Salamence|spe|1\n|move|p2a: Ninetales|Flamethrower|p1a: Salamence\n|-resisted|p1a: Salamence\n|-damage|p1a: Salamence|63\/100\n|\n|-weather|SunnyDay|[upkeep]\n|upkeep\n|turn|4\n|\n|t:|1699653873\n|move|p1a: Salamence|Dragon Dance|p1a: Salamence\n|-boost|p1a: Salamence|atk|1\n|-boost|p1a: Salamence|spe|1\n|move|p2a: Ninetales|Burning Jealousy|p1a: Salamence\n|-resisted|p1a: Salamence\n|-damage|p1a: Salamence|36\/100\n|-status|p1a: Salamence|brn\n|\n|-weather|SunnyDay|[upkeep]\n|-damage|p1a: Salamence|30\/100 brn|[from] brn\n|upkeep\n|turn|5\n|\n|t:|1699653883\n|move|p1a: Salamence|Facade|p2a: Ninetales\n|-damage|p2a: Ninetales|0 fnt\n|faint|p2a: Ninetales\n|\n|-weather|SunnyDay|[upkeep]\n|-damage|p1a: Salamence|24\/100 brn|[from] brn\n|upkeep\n|\n|t:|1699653891\n|switch|p2a: Rhyperior|Rhyperior, M|100\/100\n|turn|6\n|\n|t:|1699653906\n|move|p1a: Salamence|Earthquake|p2a: Rhyperior\n|-supereffective|p2a: Rhyperior\n|-damage|p2a: Rhyperior|52\/100\n|move|p2a: Rhyperior|Body Press|p1a: Salamence\n|-resisted|p1a: Salamence\n|-damage|p1a: Salamence|15\/100 brn\n|\n|-weather|none\n|-damage|p1a: Salamence|9\/100 brn|[from] brn\n|upkeep\n|turn|7\n|l|\u2606Power is out gg\n|inactive|Power is out gg disconnected and has a minute to reconnect!\n|player|p2|\n|c|\u2606ambatusmurf|im mencing\n|inactive|Power is out gg has 30 seconds to reconnect!\n|inactive|Power is out gg has 20 seconds to reconnect!\n|inactive|Power is out gg has 15 seconds to reconnect!\n|inactive|Power is out gg has 10 seconds to reconnect!\n|inactive|Power is out gg has 5 seconds to reconnect!\n|c|\u2606ambatusmurf|jeej\n|-message|Power is out gg lost due to inactivity.\n|\n|win|ambatusmurf\n|raw|ambatusmurf's rating: 1000 &rarr; <strong>1040<\/strong><br \/>(+40 for winning)\n|raw|Power is out gg's rating: 1000 &rarr; <strong>1000<\/strong><br \/>(+0 for losing)\n","uploadtime":1699653982,"views":6,"p1id":"ambatusmurf","p2id":"powerisoutgg","formatid":"gen9nationaldexubers","rating":1000,"private":0,"password":""}