{"id":"gen9nationaldexubers-1988710936","p1":"Red_is_fodder","p2":"llBrayzed","format":"[Gen 9] National Dex Ubers","log":"|j|\u2606Red_is_fodder\n|j|\u2606llBrayzed\n|t:|1699753541\n|gametype|singles\n|player|p1|Red_is_fodder|pokemaniac|1090\n|player|p2|llBrayzed|riley|1179\n|teamsize|p1|6\n|teamsize|p2|6\n|gen|9\n|tier|[Gen 9] National Dex Ubers\n|rated|\n|rule|HP Percentage Mod: HP is shown in percentages\n|rule|Endless Battle Clause: Forcing endless battles is banned\n|rule|OHKO Clause: OHKO moves are banned\n|rule|Evasion Moves Clause: Evasion moves are banned\n|rule|Evasion Items Clause: Evasion items are banned\n|rule|Species Clause: Limit one of each Pok\u00e9mon\n|rule|Sleep Clause Mod: Limit one foe put to sleep\n|rule|Mega Rayquaza Clause: You cannot mega evolve Rayquaza\n|clearpoke\n|poke|p1|Zacian-*|\n|poke|p1|Groudon|\n|poke|p1|Zygarde|\n|poke|p1|Yveltal|\n|poke|p1|Ho-Oh|\n|poke|p1|Arceus-Ground|\n|poke|p2|Ceruledge, M|\n|poke|p2|Ogerpon-Wellspring, F|\n|poke|p2|Garchomp, M|\n|poke|p2|Flutter Mane|\n|poke|p2|Iron Treads|\n|poke|p2|Chien-Pao|\n|teampreview\n|inactive|Battle timer is ON: inactive players will automatically lose when time's up. (requested by llBrayzed)\n|\n|t:|1699753548\n|start\n|switch|p1a: Arceus|Arceus-Ground|100\/100\n|switch|p2a: Garchomp|Garchomp, M, shiny|100\/100\n|turn|1\n|\n|t:|1699753556\n|detailschange|p2a: Garchomp|Garchomp-Mega, M, shiny\n|-mega|p2a: Garchomp|Garchomp|Garchompite\n|move|p1a: Arceus|Ice Beam|p2a: Garchomp\n|-supereffective|p2a: Garchomp\n|-damage|p2a: Garchomp|3\/100\n|-status|p2a: Garchomp|frz\n|cant|p2a: Garchomp|frz\n|\n|upkeep\n|turn|2\n|\n|t:|1699753564\n|move|p1a: Arceus|Calm Mind|p1a: Arceus\n|-boost|p1a: Arceus|spa|1\n|-boost|p1a: Arceus|spd|1\n|cant|p2a: Garchomp|frz\n|\n|upkeep\n|turn|3\n|\n|t:|1699753566\n|move|p1a: Arceus|Calm Mind|p1a: Arceus\n|-boost|p1a: Arceus|spa|1\n|-boost|p1a: Arceus|spd|1\n|cant|p2a: Garchomp|frz\n|\n|upkeep\n|turn|4\n|\n|t:|1699753568\n|move|p1a: Arceus|Calm Mind|p1a: Arceus\n|-boost|p1a: Arceus|spa|1\n|-boost|p1a: Arceus|spd|1\n|cant|p2a: Garchomp|frz\n|\n|upkeep\n|turn|5\n|\n|t:|1699753572\n|move|p1a: Arceus|Calm Mind|p1a: Arceus\n|-boost|p1a: Arceus|spa|1\n|-boost|p1a: Arceus|spd|1\n|-curestatus|p2a: Garchomp|frz|[msg]\n|move|p2a: Garchomp|Dragon Tail|p1a: Arceus|[miss]\n|-miss|p2a: Garchomp|p1a: Arceus\n|\n|upkeep\n|turn|6\n|\n|t:|1699753577\n|move|p1a: Arceus|Ice Beam|p2a: Garchomp\n|-supereffective|p2a: Garchomp\n|-damage|p2a: Garchomp|0 fnt\n|faint|p2a: Garchomp\n|\n|upkeep\n|-message|llBrayzed forfeited.\n|\n|win|Red_is_fodder\n|raw|Red_is_fodder's rating: 1090 &rarr; <strong>1123<\/strong><br \/>(+33 for winning)\n|raw|llBrayzed's rating: 1179 &rarr; <strong>1148<\/strong><br \/>(-31 for losing)\n|l|\u2606llBrayzed\n","uploadtime":1699753587,"views":4,"p1id":"redisfodder","p2id":"llbrayzed","formatid":"gen9nationaldexubers","rating":1123,"private":0,"password":""}