{"id":"gen9nationaldexubers-1995679385","p1":"yzeetgnuy","p2":"Sherlock4580","format":"[Gen 9] National Dex Ubers","log":"|j|\u2606yzeetgnuy\n|j|\u2606Sherlock4580\n|t:|1700593302\n|gametype|singles\n|player|p1|yzeetgnuy|burglar|1091\n|player|p2|Sherlock4580|silver|1007\n|teamsize|p1|6\n|teamsize|p2|6\n|gen|9\n|tier|[Gen 9] National Dex Ubers\n|rated|\n|rule|HP Percentage Mod: HP is shown in percentages\n|rule|Endless Battle Clause: Forcing endless battles is banned\n|rule|OHKO Clause: OHKO moves are banned\n|rule|Evasion Moves Clause: Evasion moves are banned\n|rule|Evasion Items Clause: Evasion items are banned\n|rule|Species Clause: Limit one of each Pok\u00e9mon\n|rule|Sleep Clause Mod: Limit one foe put to sleep\n|rule|Mega Rayquaza Clause: You cannot mega evolve Rayquaza\n|clearpoke\n|poke|p1|Iron Hands|\n|poke|p1|Walking Wake|\n|poke|p1|Urshifu-*, F|\n|poke|p1|Iron Treads|\n|poke|p1|Aggron, F|\n|poke|p1|Glimmora, F|\n|poke|p2|Necrozma-Dawn-Wings|\n|poke|p2|Iron Bundle|\n|poke|p2|Victini|\n|poke|p2|Zygarde|\n|poke|p2|Dragapult, F|\n|poke|p2|Garganacl, M|\n|teampreview\n|\n|t:|1700593308\n|start\n|switch|p1a: Glimmora|Glimmora, F|100\/100\n|switch|p2a: Necrozma|Necrozma-Dawn-Wings, shiny|100\/100\n|turn|1\n|\n|t:|1700593314\n|move|p1a: Glimmora|Stealth Rock|p2a: Necrozma\n|-sidestart|p2: Sherlock4580|move: Stealth Rock\n|move|p2a: Necrozma|Calm Mind|p2a: Necrozma\n|-boost|p2a: Necrozma|spa|1\n|-boost|p2a: Necrozma|spd|1\n|\n|upkeep\n|turn|2\n|\n|t:|1700593328\n|detailschange|p2a: Necrozma|Necrozma-Ultra, shiny\n|-burst|p2a: Necrozma|Necrozma|Ultranecrozium Z\n|move|p2a: Necrozma|Photon Geyser|p1a: Glimmora\n|-supereffective|p1a: Glimmora\n|-damage|p1a: Glimmora|0 fnt\n|faint|p1a: Glimmora\n|\n|upkeep\n|\n|t:|1700593345\n|switch|p1a: Walking Wake|Walking Wake|100\/100\n|turn|3\n|\n|t:|1700593351\n|-terastallize|p1a: Walking Wake|Water\n|-zpower|p2a: Necrozma\n|move|p2a: Necrozma|Light That Burns the Sky|p1a: Walking Wake|[zeffect]\n|-damage|p1a: Walking Wake|0 fnt\n|faint|p1a: Walking Wake\n|-end|p1a: Walking Wake|Protosynthesis|[silent]\n|\n|upkeep\n|-message|yzeetgnuy forfeited.\n|\n|win|Sherlock4580\n|raw|yzeetgnuy's rating: 1091 &rarr; <strong>1062<\/strong><br \/>(-29 for losing)\n|raw|Sherlock4580's rating: 1007 &rarr; <strong>1055<\/strong><br \/>(+48 for winning)\n|l|\u2606yzeetgnuy\n","uploadtime":1700593364,"views":0,"p1id":"yzeetgnuy","p2id":"sherlock4580","formatid":"gen9nationaldexubers","rating":1055,"private":0,"password":""}