{"id":"gen9nationaldexubers-1997244771","p1":"Champion77","p2":"ZAZo9","format":"[Gen 9] National Dex Ubers","log":"|j|\u2606Champion77\n|j|\u2606ZAZo9\n|t:|1700779786\n|gametype|singles\n|player|p1|Champion77|102|1070\n|player|p2|ZAZo9|clair|1221\n|teamsize|p1|6\n|teamsize|p2|6\n|gen|9\n|tier|[Gen 9] National Dex Ubers\n|rated|\n|rule|HP Percentage Mod: HP is shown in percentages\n|rule|Endless Battle Clause: Forcing endless battles is banned\n|rule|OHKO Clause: OHKO moves are banned\n|rule|Evasion Moves Clause: Evasion moves are banned\n|rule|Evasion Items Clause: Evasion items are banned\n|rule|Species Clause: Limit one of each Pok\u00e9mon\n|rule|Sleep Clause Mod: Limit one foe put to sleep\n|rule|Mega Rayquaza Clause: You cannot mega evolve Rayquaza\n|clearpoke\n|poke|p1|Skuntank, F|\n|poke|p1|Lucario, F|\n|poke|p1|Tyranitar, F|\n|poke|p1|Milotic, M|\n|poke|p1|Garchomp, M|\n|poke|p1|Salamence, F|\n|poke|p2|Melmetal|\n|poke|p2|Porygon2|\n|poke|p2|Cresselia, F|\n|poke|p2|Calyrex-Ice|\n|poke|p2|Magearna|\n|poke|p2|Banette, M|\n|teampreview\n|inactive|Battle timer is ON: inactive players will automatically lose when time's up. (requested by ZAZo9)\n|\n|t:|1700779805\n|start\n|switch|p1a: Skuntank|Skuntank, F|100\/100\n|switch|p2a: Porygon2|Porygon2|100\/100\n|-ability|p2a: Porygon2|Stench|[from] ability: Trace|[of] p1a: Skuntank\n|turn|1\n|\n|t:|1700779812\n|move|p1a: Skuntank|Toxic|p2a: Porygon2\n|-status|p2a: Porygon2|tox\n|move|p2a: Porygon2|Trick Room|p2a: Porygon2\n|-fieldstart|move: Trick Room|[of] p2a: Porygon2\n|\n|-damage|p2a: Porygon2|94\/100 tox|[from] psn\n|upkeep\n|turn|2\n|\n|t:|1700779818\n|switch|p1a: Tyranitar|Tyranitar, F|100\/100\n|-weather|Sandstorm|[from] ability: Sand Stream|[of] p1a: Tyranitar\n|move|p2a: Porygon2|Teleport|p2a: Porygon2\n|\n|t:|1700779837\n|switch|p2a: Magearna|Magearna|100\/100|[from] Teleport\n|\n|-weather|Sandstorm|[upkeep]\n|upkeep\n|turn|3\n|\n|t:|1700779843\n|switch|p1a: Garchomp|Garchomp, M|100\/100\n|move|p2a: Magearna|Fleur Cannon|p1a: Garchomp\n|-supereffective|p1a: Garchomp\n|-damage|p1a: Garchomp|0 fnt\n|-unboost|p2a: Magearna|spa|2\n|faint|p1a: Garchomp\n|-ability|p2a: Magearna|Soul-Heart|boost\n|-boost|p2a: Magearna|spa|1\n|\n|-weather|Sandstorm|[upkeep]\n|upkeep\n|\n|t:|1700779848\n|switch|p1a: Salamence|Salamence, F|100\/100\n|-ability|p1a: Salamence|Intimidate|boost\n|-unboost|p2a: Magearna|atk|1\n|turn|4\n|\n|t:|1700779855\n|detailschange|p1a: Salamence|Salamence-Mega, F\n|-mega|p1a: Salamence|Salamence|Salamencite\n|move|p2a: Magearna|Fleur Cannon|p1a: Salamence\n|-supereffective|p1a: Salamence\n|-damage|p1a: Salamence|0 fnt\n|-unboost|p2a: Magearna|spa|2\n|faint|p1a: Salamence\n|-ability|p2a: Magearna|Soul-Heart|boost\n|-boost|p2a: Magearna|spa|1\n|\n|-weather|Sandstorm|[upkeep]\n|upkeep\n|-message|Champion77 forfeited.\n|\n|win|ZAZo9\n|raw|Champion77's rating: 1070 &rarr; <strong>1058<\/strong><br \/>(-12 for losing)\n|raw|ZAZo9's rating: 1221 &rarr; <strong>1236<\/strong><br \/>(+15 for winning)\n|l|\u2606Champion77\n","uploadtime":1700779871,"views":4,"p1id":"champion77","p2id":"zazo9","formatid":"gen9nationaldexubers","rating":1058,"private":0,"password":""}