{"id":"gen9nationaldexubers-1983320477","p1":"GMan294","p2":"psychictrainerario","format":"[Gen 9] National Dex Ubers","log":"|j|\u2606GMan294\n|j|\u2606psychictrainerario\n|t:|1699117886\n|gametype|singles\n|player|p1|GMan294|brycenman|\n|player|p2|psychictrainerario|psychic-gen4|\n|teamsize|p1|3\n|teamsize|p2|3\n|gen|9\n|tier|[Gen 9] National Dex Ubers\n|rule|HP Percentage Mod: HP is shown in percentages\n|rule|Endless Battle Clause: Forcing endless battles is banned\n|rule|OHKO Clause: OHKO moves are banned\n|rule|Evasion Moves Clause: Evasion moves are banned\n|rule|Evasion Items Clause: Evasion items are banned\n|rule|Species Clause: Limit one of each Pok\u00e9mon\n|rule|Sleep Clause Mod: Limit one foe put to sleep\n|rule|Mega Rayquaza Clause: You cannot mega evolve Rayquaza\n|clearpoke\n|poke|p1|Blaziken, F|\n|poke|p1|Kilowattrel, F|\n|poke|p1|Decidueye, M|\n|poke|p2|Ariados, M|\n|poke|p2|Honchkrow, M|\n|poke|p2|Mightyena, M|\n|teampreview\n|c|\u2606psychictrainerario|This is the big fuck\n|\n|t:|1699117897\n|start\n|switch|p1a: Kilowattrel|Kilowattrel, F|100\/100\n|switch|p2a: Ariados|Ariados, M|100\/100\n|turn|1\n|\n|t:|1699117906\n|-terastallize|p2a: Ariados|Psychic\n|move|p1a: Kilowattrel|Hurricane|p2a: Ariados\n|-damage|p2a: Ariados|25\/100\n|move|p2a: Ariados|Psychic|p1a: Kilowattrel\n|-damage|p1a: Kilowattrel|49\/100\n|\n|-heal|p1a: Kilowattrel|55\/100|[from] item: Leftovers\n|upkeep\n|turn|2\n|c|\u2606GMan294|what\n|c|\u2606GMan294|Tera Psychic Ariados\n|c|\u2606GMan294|Bottom Text\n|\n|t:|1699117927\n|move|p1a: Kilowattrel|Volt Switch|p2a: Ariados\n|-damage|p2a: Ariados|0 fnt\n|faint|p2a: Ariados\n|\n|t:|1699117931\n|switch|p1a: Blaziken|Blaziken, F|100\/100|[from] Volt Switch\n|\n|upkeep\n|c|\u2606psychictrainerario|I can't with the\n|\n|t:|1699117937\n|switch|p2a: Honchkrow|Honchkrow, M|100\/100\n|turn|3\n|\n|t:|1699117951\n|detailschange|p1a: Blaziken|Blaziken-Mega, F\n|-mega|p1a: Blaziken|Blaziken|Blazikenite\n|move|p1a: Blaziken|High Jump Kick|p2a: Honchkrow\n|-damage|p2a: Honchkrow|0 fnt\n|faint|p2a: Honchkrow\n|\n|-ability|p1a: Blaziken|Speed Boost|boost\n|-boost|p1a: Blaziken|spe|1\n|upkeep\n|\n|t:|1699117955\n|switch|p2a: Mightyena|Mightyena, M|100\/100\n|-ability|p2a: Mightyena|Intimidate|boost\n|-unboost|p1a: Blaziken|atk|1\n|turn|4\n|\n|t:|1699117961\n|move|p1a: Blaziken|High Jump Kick|p2a: Mightyena\n|-supereffective|p2a: Mightyena\n|-damage|p2a: Mightyena|0 fnt\n|faint|p2a: Mightyena\n|\n|win|GMan294\n|c|\u2606GMan294|wow\n","uploadtime":1699117971,"views":7,"p1id":"gman294","p2id":"psychictrainerario","formatid":"gen9nationaldexubers","rating":0,"private":0,"password":""}