{"id":"gen9nationaldexubers-1981582962","p1":"mynameispaimon","p2":"benjamin_linuxfr","format":"[Gen 9] National Dex Ubers","log":"|j|\u2606mynameispaimon\n|j|\u2606benjamin_linuxfr\n|t:|1698921973\n|gametype|singles\n|player|p1|mynameispaimon|2|1102\n|player|p2|benjamin_linuxfr|ghetsis|1141\n|teamsize|p1|6\n|teamsize|p2|6\n|gen|9\n|tier|[Gen 9] National Dex Ubers\n|rated|\n|rule|HP Percentage Mod: HP is shown in percentages\n|rule|Endless Battle Clause: Forcing endless battles is banned\n|rule|OHKO Clause: OHKO moves are banned\n|rule|Evasion Moves Clause: Evasion moves are banned\n|rule|Evasion Items Clause: Evasion items are banned\n|rule|Species Clause: Limit one of each Pok\u00e9mon\n|rule|Sleep Clause Mod: Limit one foe put to sleep\n|rule|Mega Rayquaza Clause: You cannot mega evolve Rayquaza\n|clearpoke\n|poke|p1|Mewtwo|\n|poke|p1|Eternatus|\n|poke|p1|Groudon|\n|poke|p1|Zacian-*|\n|poke|p1|Marshadow|\n|poke|p1|Kingambit, M|\n|poke|p2|Charizard, F|\n|poke|p2|Zacian-*|\n|poke|p2|Regieleki|\n|poke|p2|Genesect|\n|poke|p2|Chi-Yu|\n|poke|p2|Palafin, M|\n|teampreview\n|\n|t:|1698921984\n|start\n|switch|p1a: Mewtwo|Mewtwo|100\/100\n|switch|p2a: Regieleki|Regieleki, shiny|100\/100\n|-ability|p1a: Mewtwo|Pressure\n|turn|1\n|\n|t:|1698921997\n|switch|p1a: Groudon|Groudon|100\/100\n|detailschange|p1a: Groudon|Groudon-Primal\n|-primal|p1a: Groudon|Red Orb\n|-weather|DesolateLand|[from] ability: Desolate Land|[of] p1a: Groudon\n|move|p2a: Regieleki|Thunderbolt|p1a: Groudon\n|-immune|p1a: Groudon\n|\n|-weather|DesolateLand|[upkeep]\n|upkeep\n|turn|2\n|\n|t:|1698922012\n|switch|p2a: Palafin|Palafin, M, shiny|100\/100\n|move|p1a: Groudon|Earthquake|p2a: Palafin\n|-damage|p2a: Palafin|0 fnt\n|faint|p2a: Palafin\n|\n|-weather|DesolateLand|[upkeep]\n|upkeep\n|-message|benjamin_linuxfr forfeited.\n|\n|win|mynameispaimon\n|raw|mynameispaimon's rating: 1102 &rarr; <strong>1130<\/strong><br \/>(+28 for winning)\n|raw|benjamin_linuxfr's rating: 1141 &rarr; <strong>1113<\/strong><br \/>(-28 for losing)\n|l|\u2606benjamin_linuxfr\n|c|\u2606mynameispaimon|lol\n","uploadtime":1698922027,"views":5,"p1id":"mynameispaimon","p2id":"benjaminlinuxfr","formatid":"gen9nationaldexubers","rating":1113,"private":0,"password":""}