{"id":"gen9nationaldexubers-2000133447","p1":"vXAIDENz","p2":"Garchompiyam z","format":"[Gen 9] National Dex Ubers","log":"|j|\u2606vXAIDENz\n|j|\u2606Garchompiyam z\n|t:|1701160767\n|gametype|singles\n|player|p1|vXAIDENz|dahlia|1164\n|player|p2|Garchompiyam z|hugh|1066\n|teamsize|p1|6\n|teamsize|p2|6\n|gen|9\n|tier|[Gen 9] National Dex Ubers\n|rated|\n|rule|HP Percentage Mod: HP is shown in percentages\n|rule|Endless Battle Clause: Forcing endless battles is banned\n|rule|OHKO Clause: OHKO moves are banned\n|rule|Evasion Moves Clause: Evasion moves are banned\n|rule|Evasion Items Clause: Evasion items are banned\n|rule|Species Clause: Limit one of each Pok\u00e9mon\n|rule|Sleep Clause Mod: Limit one foe put to sleep\n|rule|Mega Rayquaza Clause: You cannot mega evolve Rayquaza\n|clearpoke\n|poke|p1|Serperior, F|\n|poke|p1|Eternatus|\n|poke|p1|Chandelure, M|\n|poke|p1|Quaquaval, F|\n|poke|p1|Rayquaza|\n|poke|p1|Iron Hands|\n|poke|p2|Ferrothorn, M|\n|poke|p2|Blaziken, M|\n|poke|p2|Kommo-o, M|\n|poke|p2|Charizard, M|\n|poke|p2|Toxapex, M|\n|poke|p2|Garchomp, M|\n|teampreview\n|\n|t:|1701160790\n|start\n|switch|p1a: Rayquaza|Rayquaza, shiny|100\/100\n|switch|p2a: Ferrothorn|Ferrothorn, M, shiny|100\/100\n|-ability|p1a: Rayquaza|Air Lock\n|turn|1\n|inactive|Battle timer is ON: inactive players will automatically lose when time's up. (requested by vXAIDENz)\n|\n|t:|1701160805\n|switch|p1a: Snek|Serperior, F, shiny|100\/100\n|-terastallize|p2a: Ferrothorn|Water\n|move|p2a: Ferrothorn|Ingrain|p2a: Ferrothorn\n|-start|p2a: Ferrothorn|move: Ingrain\n|\n|upkeep\n|turn|2\n|\n|t:|1701160819\n|move|p1a: Snek|Substitute|p1a: Snek\n|-start|p1a: Snek|Substitute\n|-damage|p1a: Snek|76\/100\n|move|p2a: Ferrothorn|Pin Missile|p1a: Snek\n|-supereffective|p1a: Snek\n|-activate|p1a: Snek|move: Substitute|[damage]\n|-supereffective|p1a: Snek\n|-end|p1a: Snek|Substitute\n|-hitcount|p1a: Snek|2\n|\n|-heal|p1a: Snek|82\/100|[from] item: Leftovers\n|upkeep\n|turn|3\n|inactive|Garchompiyam z has 120 seconds left.\n|\n|t:|1701160853\n|move|p1a: Snek|Substitute|p1a: Snek\n|-start|p1a: Snek|Substitute\n|-damage|p1a: Snek|57\/100\n|move|p2a: Ferrothorn|Leech Seed|p1a: Snek\n|-immune|p1a: Snek\n|\n|-heal|p1a: Snek|63\/100|[from] item: Leftovers\n|upkeep\n|turn|4\n|inactive|Garchompiyam z has 120 seconds left.\n|\n|t:|1701160877\n|move|p1a: Snek|Glare|p2a: Ferrothorn\n|-status|p2a: Ferrothorn|par\n|move|p2a: Ferrothorn|Gyro Ball|p1a: Snek\n|-end|p1a: Snek|Substitute\n|\n|-heal|p1a: Snek|70\/100|[from] item: Leftovers\n|upkeep\n|turn|5\n|\n|t:|1701160887\n|move|p1a: Snek|Leaf Storm|p2a: Ferrothorn\n|-supereffective|p2a: Ferrothorn\n|-damage|p2a: Ferrothorn|27\/100 par\n|-boost|p1a: Snek|spa|2\n|move|p2a: Ferrothorn|Leech Seed|p1a: Snek\n|-immune|p1a: Snek\n|\n|-heal|p1a: Snek|76\/100|[from] item: Leftovers\n|-heal|p2a: Ferrothorn|33\/100 par|[from] item: Leftovers\n|-heal|p2a: Ferrothorn|40\/100 par|[from] Ingrain\n|upkeep\n|turn|6\n|inactive|Garchompiyam z has 90 seconds left.\n|inactive|Garchompiyam z has 60 seconds left.\n|inactive|Garchompiyam z has 30 seconds left.\n|inactive|Garchompiyam z has 20 seconds left.\n|inactive|Garchompiyam z has 15 seconds left.\n|inactive|Garchompiyam z has 10 seconds left.\n|inactive|Garchompiyam z has 5 seconds left.\n|-message|Garchompiyam z lost due to inactivity.\n|\n|win|vXAIDENz\n|raw|vXAIDENz's rating: 1164 &rarr; <strong>1180<\/strong><br \/>(+16 for winning)\n|raw|Garchompiyam z's rating: 1033 &rarr; <strong>1023<\/strong><br \/>(-10 for losing)\n","uploadtime":1701161081,"views":3,"p1id":"vxaidenz","p2id":"garchompiyamz","formatid":"gen9nationaldexubers","rating":1023,"private":0,"password":""}