{"id":"gen9nationaldexubers-1986388095","p1":"Dr Guzzlord","p2":"GEO-M0DE\ufe0f\ufe0f\ufe0f\ufe0f\ufe0f\u2734\ufe0f","format":"[Gen 9] National Dex Ubers","log":"|j|\u2606Dr Guzzlord\n|j|\u2606GEO-M0DE\ufe0f\ufe0f\ufe0f\ufe0f\ufe0f\u2734\ufe0f\n|t:|1699474689\n|gametype|singles\n|player|p1|Dr Guzzlord|roughneck|1043\n|player|p2|GEO-M0DE\ufe0f\ufe0f\ufe0f\ufe0f\ufe0f\u2734\ufe0f|backpackerf|1125\n|teamsize|p1|1\n|teamsize|p2|6\n|gen|9\n|tier|[Gen 9] National Dex Ubers\n|rated|\n|rule|HP Percentage Mod: HP is shown in percentages\n|rule|Endless Battle Clause: Forcing endless battles is banned\n|rule|OHKO Clause: OHKO moves are banned\n|rule|Evasion Moves Clause: Evasion moves are banned\n|rule|Evasion Items Clause: Evasion items are banned\n|rule|Species Clause: Limit one of each Pok\u00e9mon\n|rule|Sleep Clause Mod: Limit one foe put to sleep\n|rule|Mega Rayquaza Clause: You cannot mega evolve Rayquaza\n|clearpoke\n|poke|p1|Torchic, F|\n|poke|p2|Arceus-Rock|\n|poke|p2|Lycanroc-Dusk, M|\n|poke|p2|Golem-Alola, M|\n|poke|p2|Archeops, M|\n|poke|p2|Krookodile, M|\n|poke|p2|Ting-Lu|\n|teampreview\n|n|!GEO-M0DE\ufe0f\ufe0f\ufe0f\ufe0f\ufe0f\u2734\ufe0f|geom0de\n|inactive|Battle timer is ON: inactive players will automatically lose when time's up. (requested by GEO-M0DE\ufe0f\ufe0f\ufe0f\ufe0f\ufe0f\u2734\ufe0f)\n|inactive|GEO-M0DE\ufe0f\ufe0f\ufe0f\ufe0f\ufe0f\u2734\ufe0f has 120 seconds left.\n|inactive|GEO-M0DE\ufe0f\ufe0f\ufe0f\ufe0f\ufe0f\u2734\ufe0f has 90 seconds left.\n|inactive|GEO-M0DE\ufe0f\ufe0f\ufe0f\ufe0f\ufe0f\u2734\ufe0f has 60 seconds left.\n|inactive|GEO-M0DE\ufe0f\ufe0f\ufe0f\ufe0f\ufe0f\u2734\ufe0f has 30 seconds left.\n|inactive|GEO-M0DE\ufe0f\ufe0f\ufe0f\ufe0f\ufe0f\u2734\ufe0f has 20 seconds left.\n|inactive|GEO-M0DE\ufe0f\ufe0f\ufe0f\ufe0f\ufe0f\u2734\ufe0f has 15 seconds left.\n|inactive|GEO-M0DE\ufe0f\ufe0f\ufe0f\ufe0f\ufe0f\u2734\ufe0f has 10 seconds left.\n|inactive|GEO-M0DE\ufe0f\ufe0f\ufe0f\ufe0f\ufe0f\u2734\ufe0f has 5 seconds left.\n|\n|t:|1699475144\n|start\n|switch|p1a: Chicken Nuggets|Torchic, F, shiny|100\/100\n|switch|p2a: \ud83e\udea8LYCANROC\ud83e\udea8|Lycanroc-Dusk, M, shiny|100\/100\n|turn|1\n|n|\u2606GEO-M0DE\ufe0f\ufe0f\ufe0f\ufe0f\ufe0f\u2734\ufe0f|geom0de\n|inactive|Dr Guzzlord has 120 seconds left.\n|inactive|Dr Guzzlord has 90 seconds left.\n|inactive|Dr Guzzlord has 60 seconds left.\n|inactive|Dr Guzzlord has 30 seconds left.\n|inactive|Dr Guzzlord has 20 seconds left.\n|inactive|Dr Guzzlord has 15 seconds left.\n|inactive|Dr Guzzlord has 10 seconds left.\n|inactive|Dr Guzzlord has 5 seconds left.\n|-message|Dr Guzzlord lost due to inactivity.\n|\n|win|GEO-M0DE\ufe0f\ufe0f\ufe0f\ufe0f\ufe0f\u2734\ufe0f\n|raw|Dr Guzzlord's rating: 1098 &rarr; <strong>1078<\/strong><br \/>(-20 for losing)\n|raw|GEO-M0DE\ufe0f\ufe0f\ufe0f\ufe0f\ufe0f\u2734\ufe0f's rating: 1163 &rarr; <strong>1183<\/strong><br \/>(+20 for winning)\n","uploadtime":1699474732,"views":4,"p1id":"drguzzlord","p2id":"geom0de","formatid":"gen9nationaldexubers","rating":1078,"private":0,"password":""}