{"id":"gen9nationaldexubers-1991276424","p1":"NerdsJV","p2":"Rentereh","format":"[Gen 9] National Dex Ubers","log":"|j|\u2606NerdsJV\n|j|\u2606Rentereh\n|t:|1700063540\n|gametype|singles\n|player|p1|NerdsJV|marnie|\n|player|p2|Rentereh|cilan|\n|teamsize|p1|3\n|teamsize|p2|3\n|gen|9\n|tier|[Gen 9] National Dex Ubers\n|rule|HP Percentage Mod: HP is shown in percentages\n|rule|Endless Battle Clause: Forcing endless battles is banned\n|rule|OHKO Clause: OHKO moves are banned\n|rule|Evasion Moves Clause: Evasion moves are banned\n|rule|Evasion Items Clause: Evasion items are banned\n|rule|Species Clause: Limit one of each Pok\u00e9mon\n|rule|Sleep Clause Mod: Limit one foe put to sleep\n|rule|Mega Rayquaza Clause: You cannot mega evolve Rayquaza\n|clearpoke\n|poke|p1|Grimer-Alola, L5, M|\n|poke|p1|Togepi, L5, M|\n|poke|p1|Magnemite, L5|\n|poke|p2|Zorua, L5, F|\n|poke|p2|Klink, L5|\n|poke|p2|Riolu, L5, M|\n|teampreview\n|c|\u2606NerdsJV|Owo\n|c|\u2606Rentereh|Uwu\n|\n|t:|1700063591\n|start\n|switch|p1a: Gurren|Magnemite, L5|100\/100\n|switch|p2a: Klink|Klink, L5|100\/100\n|turn|1\n|\n|t:|1700063616\n|move|p1a: Gurren|Thunderbolt|p2a: Klink\n|-damage|p2a: Klink|50\/100\n|-status|p2a: Klink|par\n|move|p2a: Klink|Shift Gear|p2a: Klink\n|-boost|p2a: Klink|spe|2\n|-boost|p2a: Klink|atk|1\n|\n|upkeep\n|turn|2\n|c|\u2606Rentereh|Q para desgra\u00e7ado\n|c|\u2606NerdsJV|Kkkkkkkkkkk\n|\n|t:|1700063655\n|move|p1a: Gurren|Thunderbolt|p2a: Klink\n|-damage|p2a: Klink|0 fnt\n|faint|p2a: Klink\n|\n|upkeep\n|\n|t:|1700063664\n|switch|p2a: Ken|Riolu, L5, M|100\/100\n|turn|3\n|\n|t:|1700063684\n|move|p1a: Gurren|Thunderbolt|p2a: Ken\n|-damage|p2a: Ken|20\/100\n|move|p2a: Ken|Brick Break|p1a: Gurren\n|-supereffective|p1a: Gurren\n|-damage|p1a: Gurren|0 fnt\n|faint|p1a: Gurren\n|-damage|p2a: Ken|10\/100|[from] item: Life Orb\n|\n|upkeep\n|\n|t:|1700063695\n|switch|p1a: Smudge|Grimer-Alola, L5, M|100\/100\n|turn|4\n|c|\u2606Rentereh|N\u00e3o era sturdy?\n|c|\u2606NerdsJV|Analytic\n|c|\u2606NerdsJV|N\u00e3o sei pq\n|\n|t:|1700063717\n|move|p2a: Ken|Brick Break|p1a: Smudge\n|-damage|p1a: Smudge|50\/100\n|-damage|p2a: Ken|0 fnt|[from] item: Life Orb\n|faint|p2a: Ken\n|move|p1a: Smudge|Drain Punch|p2: Ken|[notarget]\n|-fail|p1a: Smudge\n|\n|upkeep\n|\n|t:|1700063720\n|switch|p2a: Zorua|Zorua, L5, F|100\/100\n|turn|5\n|c|\u2606NerdsJV|Agr \u00e9 confiar que n\u00e3o mate\n|c|\u2606Rentereh|Mds\n|c|\u2606Rentereh|Smudge\n|c|\u2606NerdsJV|Kkkkkkkkkkk\n|c|\u2606NerdsJV|\u00c9 o casc\u00e3o\n|c|\u2606Rentereh|Kkkkkkkkk\n|c|\u2606NerdsJV|Em english\n|c|\u2606Rentereh|Zorua n mata nem fudendo\n|c|\u2606NerdsJV|Manda bala\n|\n|t:|1700063775\n|move|p2a: Zorua|Dark Pulse|p1a: Smudge\n|-resisted|p1a: Smudge\n|-damage|p1a: Smudge|30\/100\n|-damage|p2a: Zorua|90\/100|[from] item: Life Orb\n|cant|p1a: Smudge|flinch\n|\n|upkeep\n|turn|6\n|c|\u2606NerdsJV|Ah n\u00e3o.\n|c|\u2606Rentereh|Kkkkkkkkkkkk\n|c|\u2606NerdsJV|Se flinchar dnv eu choro\n|c|\u2606Rentereh|Vsf eu tenho sorte nos piores momentos\n|c|\u2606Rentereh|Vai flinchar nada\n|c|\u2606NerdsJV|Vai sim\n|\n|t:|1700063838\n|move|p2a: Zorua|Dark Pulse|p1a: Smudge\n|-resisted|p1a: Smudge\n|-damage|p1a: Smudge|9\/100\n|-damage|p2a: Zorua|80\/100|[from] item: Life Orb\n|cant|p1a: Smudge|flinch\n|\n|upkeep\n|turn|7\n|c|\u2606Rentereh|...\n|c|\u2606NerdsJV|...\n|\n|t:|1700063852\n|move|p2a: Zorua|Dark Pulse|p1a: Smudge\n|-resisted|p1a: Smudge\n|-damage|p1a: Smudge|0 fnt\n|faint|p1a: Smudge\n|-damage|p2a: Zorua|70\/100|[from] item: Life Orb\n|\n|upkeep\n|c|\u2606NerdsJV|Vc ganhou\n|\n|t:|1700063856\n|switch|p1a: Toguro|Togepi, L5, M|100\/100\n|turn|8\n|c|\u2606Rentereh|Nem fudendo irm\u00e3o\n|c|\u2606Rentereh|Toguro vai me explodir\n|c|\u2606Rentereh|Fica vendo\n|c|\u2606NerdsJV|Ce n\u00e3o tem Sludge?\n|\n|t:|1700063873\n|move|p2a: Zorua|Dark Pulse|p1a: Toguro\n|-resisted|p1a: Toguro\n|-damage|p1a: Toguro|79\/100\n|-damage|p2a: Zorua|60\/100|[from] item: Life Orb\n|move|p1a: Toguro|Dazzling Gleam|p2a: Zorua\n|-supereffective|p2a: Zorua\n|-damage|p2a: Zorua|0 fnt\n|faint|p2a: Zorua\n|\n|win|NerdsJV\n|c|\u2606Rentereh|Falei\n|c|\u2606Rentereh|Fox avisou sobre essas situa\u00e7\u00f5es\n|c|\u2606NerdsJV|Lol\n","uploadtime":1700063893,"views":15,"p1id":"nerdsjv","p2id":"rentereh","formatid":"gen9nationaldexubers","rating":0,"private":0,"password":""}