{"id":"gen9nationaldexubers-1981357684","p1":"needadecentname","p2":"von1233","format":"[Gen 9] National Dex Ubers","log":"|j|\u2606needadecentname\n|j|\u2606von1233\n|t:|1698887150\n|gametype|singles\n|player|p1|needadecentname|170|\n|player|p2|von1233|101|\n|teamsize|p1|6\n|teamsize|p2|6\n|gen|9\n|tier|[Gen 9] National Dex Ubers\n|rule|HP Percentage Mod: HP is shown in percentages\n|rule|Endless Battle Clause: Forcing endless battles is banned\n|rule|OHKO Clause: OHKO moves are banned\n|rule|Evasion Moves Clause: Evasion moves are banned\n|rule|Evasion Items Clause: Evasion items are banned\n|rule|Species Clause: Limit one of each Pok\u00e9mon\n|rule|Sleep Clause Mod: Limit one foe put to sleep\n|rule|Mega Rayquaza Clause: You cannot mega evolve Rayquaza\n|clearpoke\n|poke|p1|Groudon|\n|poke|p1|Zygarde|\n|poke|p1|Deoxys-Speed|\n|poke|p1|Mewtwo|\n|poke|p1|Arceus|\n|poke|p1|Zacian-*|\n|poke|p2|Dragonite, M|\n|poke|p2|Weavile, M|\n|poke|p2|Florges-White, F|\n|poke|p2|Gastrodon-East, M|\n|poke|p2|Landorus, M|\n|poke|p2|Heatran, M|\n|teampreview\n|c|\u2606von1233|my god\n|\n|t:|1698887162\n|start\n|switch|p1a: Deoxys|Deoxys-Speed|100\/100\n|switch|p2a: Gray Ranger|Weavile, M|100\/100\n|-ability|p1a: Deoxys|Pressure\n|-ability|p2a: Gray Ranger|Pressure\n|turn|1\n|c|\u2606needadecentname|had no time to acc build\n|\n|t:|1698887184\n|move|p1a: Deoxys|Stealth Rock|p2a: Gray Ranger\n|-sidestart|p2: von1233|move: Stealth Rock\n|move|p2a: Gray Ranger|Beat Up|p1a: Deoxys\n|-supereffective|p1a: Deoxys\n|-damage|p1a: Deoxys|53\/100\n|-supereffective|p1a: Deoxys\n|-damage|p1a: Deoxys|10\/100\n|-supereffective|p1a: Deoxys\n|-damage|p1a: Deoxys|0 fnt\n|faint|p1a: Deoxys\n|-hitcount|p1: Deoxys|3\n|\n|upkeep\n|\n|t:|1698887188\n|switch|p1a: Zacian|Zacian-Crowned|100\/100\n|-ability|p1a: Zacian|Intrepid Sword|boost\n|-boost|p1a: Zacian|atk|1\n|turn|2\n|\n|t:|1698887204\n|move|p1a: Zacian|Behemoth Blade|p2a: Gray Ranger\n|-supereffective|p2a: Gray Ranger\n|-damage|p2a: Gray Ranger|0 fnt\n|faint|p2a: Gray Ranger\n|\n|upkeep\n|\n|t:|1698887211\n|switch|p2a: Yellow Ranger|Dragonite, M|100\/100\n|turn|3\n|\n|t:|1698887216\n|move|p1a: Zacian|Play Rough|p2a: Yellow Ranger\n|-supereffective|p2a: Yellow Ranger\n|-damage|p2a: Yellow Ranger|10\/100\n|move|p2a: Yellow Ranger|Dragon Dance|p2a: Yellow Ranger\n|-boost|p2a: Yellow Ranger|atk|1\n|-boost|p2a: Yellow Ranger|spe|1\n|\n|upkeep\n|turn|4\n|\n|t:|1698887226\n|switch|p2a: Pink Ranger|Florges-White, F|100\/100\n|-damage|p2a: Pink Ranger|88\/100|[from] Stealth Rock\n|move|p1a: Zacian|Behemoth Blade|p2a: Pink Ranger\n|-supereffective|p2a: Pink Ranger\n|-damage|p2a: Pink Ranger|0 fnt\n|faint|p2a: Pink Ranger\n|\n|upkeep\n|c|\u2606von1233|i\u2019m getting bullied bro i can\u2019t even wish pass to dragonite\n|\n|t:|1698887252\n|switch|p2a: Red Ranger|Heatran, M|100\/100\n|-damage|p2a: Red Ranger|88\/100|[from] Stealth Rock\n|-item|p2a: Red Ranger|Air Balloon\n|turn|5\n|l|\u2606von1233\n|player|p2|\n|inactive|Battle timer is ON: inactive players will automatically lose when time's up. (requested by needadecentname)\n|inactive|von1233 has 270 seconds to reconnect!\n|j| DuckyIsAss\n|inactive|von1233 has 240 seconds to reconnect!\n|inactive|von1233 has 210 seconds to reconnect!\n|inactive|von1233 has 180 seconds to reconnect!\n|inactive|von1233 has 150 seconds to reconnect!\n|inactive|von1233 has 120 seconds to reconnect!\n|l| DuckyIsAss\n|j| DuckyIsAss\n|inactive|von1233 has 90 seconds to reconnect!\n|inactive|von1233 has 60 seconds to reconnect!\n|inactive|von1233 has 30 seconds to reconnect!\n|inactive|von1233 has 20 seconds to reconnect!\n|inactive|von1233 has 15 seconds to reconnect!\n|inactive|von1233 has 10 seconds to reconnect!\n|inactive|von1233 has 5 seconds to reconnect!\n|-message|von1233 lost due to inactivity.\n|\n|win|needadecentname\n","uploadtime":1698887623,"views":11,"p1id":"needadecentname","p2id":"von1233","formatid":"gen9nationaldexubers","rating":0,"private":0,"password":""}