{"id":"gen9nationaldexubers-1986537990","p1":"Dontoutpizzathehut","p2":"Siege Team","format":"[Gen 9] National Dex Ubers","log":"|j|\u2606Dontoutpizzathehut\n|j|\u2606Siege Team\n|t:|1699489545\n|gametype|singles\n|player|p1|Dontoutpizzathehut|170|1330\n|player|p2|Siege Team|veteran|1513\n|teamsize|p1|6\n|teamsize|p2|6\n|gen|9\n|tier|[Gen 9] National Dex Ubers\n|rated|\n|rule|HP Percentage Mod: HP is shown in percentages\n|rule|Endless Battle Clause: Forcing endless battles is banned\n|rule|OHKO Clause: OHKO moves are banned\n|rule|Evasion Moves Clause: Evasion moves are banned\n|rule|Evasion Items Clause: Evasion items are banned\n|rule|Species Clause: Limit one of each Pok\u00e9mon\n|rule|Sleep Clause Mod: Limit one foe put to sleep\n|rule|Mega Rayquaza Clause: You cannot mega evolve Rayquaza\n|clearpoke\n|poke|p1|Zygarde-10%|\n|poke|p1|Ursaluna-Bloodmoon, M|\n|poke|p1|Durant, F|\n|poke|p1|Gothitelle, F|\n|poke|p1|Murkrow, F|\n|poke|p1|Dugtrio, F|\n|poke|p2|Necrozma-Dusk-Mane|\n|poke|p2|Annihilape, M|\n|poke|p2|Yveltal|\n|poke|p2|Rayquaza|\n|poke|p2|Groudon|\n|poke|p2|Arceus-Flying|\n|teampreview\n|inactive|Battle timer is ON: inactive players will automatically lose when time's up. (requested by Dontoutpizzathehut)\n|j| mah boss stiff\n|j| girlboss for hire\n|\n|t:|1699489564\n|start\n|switch|p1a: Durant|Durant, F|100\/100\n|switch|p2a: Rayquaza|Rayquaza|100\/100\n|-ability|p2a: Rayquaza|Air Lock\n|turn|1\n|\n|t:|1699489570\n|move|p1a: Durant|Entrainment|p2a: Rayquaza\n|-endability|p2a: Rayquaza|Air Lock|[from] move: Entrainment\n|-ability|p2a: Rayquaza|Truant|[from] move: Entrainment\n|move|p2a: Rayquaza|V-create|p1a: Durant\n|-supereffective|p1a: Durant\n|-damage|p1a: Durant|0 fnt\n|-unboost|p2a: Rayquaza|spe|1\n|-unboost|p2a: Rayquaza|def|1\n|-unboost|p2a: Rayquaza|spd|1\n|faint|p1a: Durant\n|\n|upkeep\n|\n|t:|1699489576\n|switch|p1a: Gothitelle|Gothitelle, F|100\/100\n|turn|2\n|\n|t:|1699489582\n|cant|p2a: Rayquaza|ability: Truant\n|move|p1a: Gothitelle|Cosmic Power|p1a: Gothitelle\n|-boost|p1a: Gothitelle|def|1\n|-boost|p1a: Gothitelle|spd|1\n|\n|upkeep\n|turn|3\n|-message|Siege Team forfeited.\n|\n|win|Dontoutpizzathehut\n|raw|Dontoutpizzathehut's rating: 1330 &rarr; <strong>1360<\/strong><br \/>(+30 for winning)\n|raw|Siege Team's rating: 1513 &rarr; <strong>1483<\/strong><br \/>(-30 for losing)\n|l|\u2606Siege Team\n|l|\u2606Dontoutpizzathehut\n","uploadtime":1699489591,"views":15,"p1id":"dontoutpizzathehut","p2id":"siegeteam","formatid":"gen9nationaldexubers","rating":1360,"private":0,"password":""}