{"id":"gen9nationaldexubers-1991255451","p1":"Zaynzito","p2":"KojiOishi","format":"[Gen 9] National Dex Ubers","log":"|j|\u2606Zaynzito\n|j|\u2606KojiOishi\n|t:|1700061723\n|gametype|singles\n|player|p1|Zaynzito|hugh|\n|player|p2|KojiOishi|pokemonranger-gen4|\n|teamsize|p1|3\n|teamsize|p2|2\n|gen|9\n|tier|[Gen 9] National Dex Ubers\n|rule|HP Percentage Mod: HP is shown in percentages\n|rule|Endless Battle Clause: Forcing endless battles is banned\n|rule|OHKO Clause: OHKO moves are banned\n|rule|Evasion Moves Clause: Evasion moves are banned\n|rule|Evasion Items Clause: Evasion items are banned\n|rule|Species Clause: Limit one of each Pok\u00e9mon\n|rule|Sleep Clause Mod: Limit one foe put to sleep\n|rule|Mega Rayquaza Clause: You cannot mega evolve Rayquaza\n|clearpoke\n|poke|p1|Popplio, L5, F|\n|poke|p1|Furfrou-Heart, L5, F|\n|poke|p1|Pikipek, L5, M|\n|poke|p2|Tyrogue, L5, M|\n|poke|p2|Pawmi, L5, M|\n|teampreview\n|c|\u2606Zaynzito|\u00e9\n|c|\u2606Zaynzito|vc t\u00e1 fodido\n|c|\u2606KojiOishi|T\u00f4\n|\n|t:|1700061744\n|start\n|switch|p1a: Furfrou|Furfrou-Heart, L5, F|100\/100\n|switch|p2a: Pawmi|Pawmi, L5, M|100\/100\n|turn|1\n|\n|t:|1700061747\n|move|p2a: Pawmi|Fake Out|p1a: Furfrou\n|-damage|p1a: Furfrou|92\/100\n|cant|p1a: Furfrou|flinch\n|\n|upkeep\n|turn|2\n|\n|t:|1700061752\n|move|p1a: Furfrou|Return|p2a: Pawmi\n|-damage|p2a: Pawmi|25\/100\n|move|p2a: Pawmi|Nuzzle|p1a: Furfrou\n|-damage|p1a: Furfrou|88\/100\n|-status|p1a: Furfrou|par\n|\n|upkeep\n|turn|3\n|\n|t:|1700061766\n|move|p2a: Pawmi|Wish|p2a: Pawmi\n|move|p1a: Furfrou|U-turn|p2a: Pawmi\n|-damage|p2a: Pawmi|0 fnt\n|faint|p2a: Pawmi\n|\n|t:|1700061773\n|switch|p1a: Pikipek|Pikipek, L5, M|100\/100|[from] U-turn\n|\n|upkeep\n|\n|t:|1700061777\n|switch|p2a: Tyrogue|Tyrogue, L5, M|100\/100\n|turn|4\n|\n|t:|1700061782\n|move|p2a: Tyrogue|Protect|p2a: Tyrogue\n|-singleturn|p2a: Tyrogue|Protect\n|move|p1a: Pikipek|Brave Bird|p2a: Tyrogue\n|-activate|p2a: Tyrogue|move: Protect\n|\n|-status|p2a: Tyrogue|brn|[from] item: Flame Orb\n|upkeep\n|turn|5\n|\n|t:|1700061800\n|move|p1a: Pikipek|Brave Bird|p2a: Tyrogue\n|-supereffective|p2a: Tyrogue\n|-damage|p2a: Tyrogue|0 fnt\n|faint|p2a: Tyrogue\n|-damage|p1a: Pikipek|65\/100|[from] Recoil\n|-damage|p1a: Pikipek|56\/100|[from] item: Life Orb\n|\n|win|Zaynzito\n","uploadtime":1700061809,"views":19,"p1id":"zaynzito","p2id":"kojioishi","formatid":"gen9nationaldexubers","rating":0,"private":0,"password":""}