{"id":"gen9nationaldexubers-1979915061","p1":"JaxnAtax","p2":"Incredible Smurfy","format":"[Gen 9] National Dex Ubers","log":"|j|\u2606JaxnAtax\n|j|\u2606Incredible Smurfy\n|t:|1698728716\n|gametype|singles\n|player|p1|JaxnAtax|ghetsis-gen5bw|1369\n|player|p2|Incredible Smurfy|265|1389\n|teamsize|p1|6\n|teamsize|p2|6\n|gen|9\n|tier|[Gen 9] National Dex Ubers\n|rated|\n|rule|HP Percentage Mod: HP is shown in percentages\n|rule|Endless Battle Clause: Forcing endless battles is banned\n|rule|OHKO Clause: OHKO moves are banned\n|rule|Evasion Moves Clause: Evasion moves are banned\n|rule|Evasion Items Clause: Evasion items are banned\n|rule|Species Clause: Limit one of each Pok\u00e9mon\n|rule|Sleep Clause Mod: Limit one foe put to sleep\n|rule|Mega Rayquaza Clause: You cannot mega evolve Rayquaza\n|clearpoke\n|poke|p1|Dracovish|\n|poke|p1|Slurpuff, F|\n|poke|p1|Alakazam, F|\n|poke|p1|Kingambit, M|\n|poke|p1|Magearna-Original|\n|poke|p1|Ho-Oh|\n|poke|p2|Sandy Shocks|\n|poke|p2|Groudon|\n|poke|p2|Gholdengo|\n|poke|p2|Ho-Oh|\n|poke|p2|Marshadow|\n|poke|p2|Eternatus|\n|teampreview\n|inactive|Battle timer is ON: inactive players will automatically lose when time's up. (requested by JaxnAtax)\n|\n|t:|1698728724\n|start\n|switch|p1a: Slurpuff|Slurpuff, F, shiny|100\/100\n|switch|p2a: milk on yo face|Gholdengo|100\/100\n|-item|p2a: milk on yo face|Air Balloon\n|turn|1\n|\n|t:|1698728733\n|move|p1a: Slurpuff|Sticky Web|p2a: milk on yo face\n|-sidestart|p2: Incredible Smurfy|move: Sticky Web\n|move|p2a: milk on yo face|Nasty Plot|p2a: milk on yo face\n|-boost|p2a: milk on yo face|spa|2\n|\n|upkeep\n|turn|2\n|\n|t:|1698728741\n|move|p1a: Slurpuff|Misty Explosion|p2a: milk on yo face\n|-resisted|p2a: milk on yo face\n|-damage|p2a: milk on yo face|84\/100\n|-enditem|p2a: milk on yo face|Air Balloon\n|faint|p1a: Slurpuff\n|move|p2a: milk on yo face|Nasty Plot|p2a: milk on yo face\n|-boost|p2a: milk on yo face|spa|2\n|\n|upkeep\n|\n|t:|1698728747\n|switch|p1a: Ho-Oh|Ho-Oh, shiny|100\/100\n|turn|3\n|\n|t:|1698728750\n|move|p1a: Ho-Oh|Sacred Fire|p2a: milk on yo face|[miss]\n|-miss|p1a: Ho-Oh|p2a: milk on yo face\n|move|p2a: milk on yo face|Power Gem|p1a: Ho-Oh\n|-supereffective|p1a: Ho-Oh\n|-damage|p1a: Ho-Oh|0 fnt\n|faint|p1a: Ho-Oh\n|\n|upkeep\n|c|\u2606Incredible Smurfy|never punihsed\n|\n|t:|1698728758\n|switch|p1a: Dracovish|Dracovish, shiny|100\/100\n|turn|4\n|\n|t:|1698728760\n|switch|p2a: coffee beans|Groudon, shiny|100\/100\n|-activate|p2a: coffee beans|move: Sticky Web\n|-unboost|p2a: coffee beans|spe|1\n|detailschange|p2a: coffee beans|Groudon-Primal, shiny\n|-primal|p2a: coffee beans|Red Orb\n|-weather|DesolateLand|[from] ability: Desolate Land|[of] p2a: coffee beans\n|move|p1a: Dracovish|Fishious Rend||[still]\n|-fail|p1a: Dracovish|Fishious Rend|[from] Desolate Land\n|\n|-weather|DesolateLand|[upkeep]\n|upkeep\n|turn|5\n|-message|JaxnAtax forfeited.\n|\n|win|Incredible Smurfy\n|raw|JaxnAtax's rating: 1369 &rarr; <strong>1350<\/strong><br \/>(-19 for losing)\n|raw|Incredible Smurfy's rating: 1389 &rarr; <strong>1408<\/strong><br \/>(+19 for winning)\n|l|\u2606JaxnAtax\n","uploadtime":1698728780,"views":7,"p1id":"jaxnatax","p2id":"incrediblesmurfy","formatid":"gen9nationaldexubers","rating":1350,"private":0,"password":""}