{"id":"gen9nationaldexubers-1978936586","p1":"Lunarquay","p2":"Dr. Asphalt","format":"[Gen 9] National Dex Ubers","log":"|j|\u2606Lunarquay\n|j|\u2606Dr. Asphalt\n|t:|1698612194\n|gametype|singles\n|player|p1|Lunarquay|cynthia-gen4|1263\n|player|p2|Dr. Asphalt|colress|1153\n|teamsize|p1|6\n|teamsize|p2|6\n|gen|9\n|tier|[Gen 9] National Dex Ubers\n|rated|\n|rule|HP Percentage Mod: HP is shown in percentages\n|rule|Endless Battle Clause: Forcing endless battles is banned\n|rule|OHKO Clause: OHKO moves are banned\n|rule|Evasion Moves Clause: Evasion moves are banned\n|rule|Evasion Items Clause: Evasion items are banned\n|rule|Species Clause: Limit one of each Pok\u00e9mon\n|rule|Sleep Clause Mod: Limit one foe put to sleep\n|rule|Mega Rayquaza Clause: You cannot mega evolve Rayquaza\n|clearpoke\n|poke|p1|Deoxys-Attack|\n|poke|p1|Groudon|\n|poke|p1|Kyogre|\n|poke|p1|Necrozma-Dusk-Mane|\n|poke|p1|Xerneas-*|\n|poke|p1|Blaziken, F|\n|poke|p2|Shaymin-Sky|\n|poke|p2|Eternatus|\n|poke|p2|Sneasler, F|\n|poke|p2|Hydreigon, M|\n|poke|p2|Maractus, F|\n|poke|p2|Lunala|\n|teampreview\n|inactive|Battle timer is ON: inactive players will automatically lose when time's up. (requested by Dr. Asphalt)\n|inactive|Lunarquay also wants the timer to be on.\n|\n|t:|1698612201\n|start\n|switch|p1a: damage machine|Deoxys-Attack|100\/100\n|switch|p2a: Avery|Sneasler, F|100\/100\n|-ability|p1a: damage machine|Pressure\n|turn|1\n|\n|t:|1698612227\n|move|p1a: damage machine|Zen Headbutt|p2a: Avery\n|-supereffective|p2a: Avery\n|-crit|p2a: Avery\n|-enditem|p2a: Avery|Focus Sash\n|-damage|p2a: Avery|1\/100\n|-damage|p1a: damage machine|91\/100|[from] item: Life Orb\n|move|p2a: Avery|Lash Out|p1a: damage machine\n|-supereffective|p1a: damage machine\n|-crit|p1a: damage machine\n|-damage|p1a: damage machine|0 fnt\n|faint|p1a: damage machine\n|\n|upkeep\n|inactive|Lunarquay has 120 seconds left.\n|\n|t:|1698612241\n|switch|p1a: sun wielder|Blaziken, F, shiny|100\/100\n|turn|2\n|\n|t:|1698612245\n|detailschange|p1a: sun wielder|Blaziken-Mega, F, shiny\n|-mega|p1a: sun wielder|Blaziken|Blazikenite\n|move|p1a: sun wielder|Protect|p1a: sun wielder\n|-singleturn|p1a: sun wielder|Protect\n|move|p2a: Avery|Reversal|p1a: sun wielder\n|-activate|p1a: sun wielder|move: Protect\n|\n|-ability|p1a: sun wielder|Speed Boost|boost\n|-boost|p1a: sun wielder|spe|1\n|upkeep\n|turn|3\n|\n|t:|1698612254\n|move|p2a: Avery|Reversal|p1a: sun wielder\n|-crit|p1a: sun wielder\n|-damage|p1a: sun wielder|0 fnt\n|faint|p1a: sun wielder\n|\n|upkeep\n|n|!Lunarquay|lunarquay\n|\n|t:|1698612265\n|switch|p1a: Xmas tree <3|Xerneas|100\/100\n|-ability|p1a: Xmas tree <3|Fairy Aura\n|turn|4\n|\n|t:|1698612269\n|move|p2a: Avery|Dire Claw|p1a: Xmas tree <3\n|-supereffective|p1a: Xmas tree <3\n|-damage|p1a: Xmas tree <3|28\/100\n|-status|p1a: Xmas tree <3|par\n|cant|p1a: Xmas tree <3|par\n|\n|upkeep\n|turn|5\n|c|\u2606Dr. Asphalt|F\n|-message|Lunarquay forfeited.\n|\n|win|Dr. Asphalt\n|raw|Lunarquay's rating: 1263 &rarr; <strong>1230<\/strong><br \/>(-33 for losing)\n|raw|Dr. Asphalt's rating: 1153 &rarr; <strong>1186<\/strong><br \/>(+33 for winning)\n","uploadtime":1698612260,"views":6,"p1id":"lunarquay","p2id":"drasphalt","formatid":"gen9nationaldexubers","rating":1186,"private":0,"password":""}