{"id":"gen9nationaldexubers-1999142164","p1":"Lux2821","p2":"Soyeon is a cutie","format":"[Gen 9] National Dex Ubers","log":"|j|\u2606Lux2821\n|j|\u2606Soyeon is a cutie\n|t:|1701037747\n|gametype|singles\n|player|p1|Lux2821|lusamine-nihilego|1430\n|player|p2|Soyeon is a cutie|idol|1660\n|teamsize|p1|6\n|teamsize|p2|6\n|gen|9\n|tier|[Gen 9] National Dex Ubers\n|rated|\n|rule|HP Percentage Mod: HP is shown in percentages\n|rule|Endless Battle Clause: Forcing endless battles is banned\n|rule|OHKO Clause: OHKO moves are banned\n|rule|Evasion Moves Clause: Evasion moves are banned\n|rule|Evasion Items Clause: Evasion items are banned\n|rule|Species Clause: Limit one of each Pok\u00e9mon\n|rule|Sleep Clause Mod: Limit one foe put to sleep\n|rule|Mega Rayquaza Clause: You cannot mega evolve Rayquaza\n|clearpoke\n|poke|p1|Garganacl, M|\n|poke|p1|Groudon|\n|poke|p1|Zacian-*|\n|poke|p1|Xerneas-*|\n|poke|p1|Comfey, M|\n|poke|p1|Dracovish|\n|poke|p2|Eternatus|\n|poke|p2|Ditto|\n|poke|p2|Ho-Oh|\n|poke|p2|Groudon|\n|poke|p2|Arceus-Water|\n|poke|p2|Yveltal|\n|teampreview\n|inactive|Battle timer is ON: inactive players will automatically lose when time's up. (requested by Lux2821)\n|inactive|Soyeon is a cutie also wants the timer to be on.\n|\n|t:|1701037759\n|start\n|switch|p1a: Nacl Stacl|Garganacl, M|100\/100\n|switch|p2a: Ho-Oh|Ho-Oh|100\/100\n|turn|1\n|\n|t:|1701037764\n|-terastallize|p2a: Ho-Oh|Ground\n|move|p2a: Ho-Oh|Earthquake|p1a: Nacl Stacl\n|-supereffective|p1a: Nacl Stacl\n|-damage|p1a: Nacl Stacl|0 fnt\n|faint|p1a: Nacl Stacl\n|\n|upkeep\n|\n|t:|1701037769\n|switch|p1a: Le Grand|Comfey, M|100\/100\n|turn|2\n|\n|t:|1701037773\n|move|p1a: Le Grand|Growth|p1a: Le Grand\n|-boost|p1a: Le Grand|atk|1\n|-boost|p1a: Le Grand|spa|1\n|move|p2a: Ho-Oh|Earthquake|p1a: Le Grand\n|-enditem|p1a: Le Grand|Focus Sash\n|-damage|p1a: Le Grand|1\/100\n|\n|upkeep\n|turn|3\n|\n|t:|1701037778\n|-terastallize|p1a: Le Grand|Grass\n|move|p1a: Le Grand|Giga Drain|p2a: Ho-Oh\n|-supereffective|p2a: Ho-Oh\n|-crit|p2a: Ho-Oh\n|-damage|p2a: Ho-Oh|20\/100\n|-heal|p1a: Le Grand|59\/100|[from] drain|[of] p2a: Ho-Oh\n|move|p2a: Ho-Oh|Earthquake|p1a: Le Grand\n|-resisted|p1a: Le Grand\n|-damage|p1a: Le Grand|0 fnt\n|faint|p1a: Le Grand\n|\n|upkeep\n|\n|t:|1701037784\n|switch|p1a: e|Dracovish|100\/100\n|turn|4\n|\n|t:|1701037787\n|switch|p2a: Groudon|Groudon|100\/100\n|detailschange|p2a: Groudon|Groudon-Primal\n|-primal|p2a: Groudon|Red Orb\n|-weather|DesolateLand|[from] ability: Desolate Land|[of] p2a: Groudon\n|move|p1a: e|Fishious Rend||[still]\n|-fail|p1a: e|Fishious Rend|[from] Desolate Land\n|\n|-weather|DesolateLand|[upkeep]\n|upkeep\n|turn|5\n|\n|t:|1701037792\n|switch|p1a: Erth|Groudon, shiny|100\/100\n|detailschange|p1a: Erth|Groudon-Primal, shiny\n|-primal|p1a: Erth|Red Orb\n|switch|p2a: Ho-Oh|Ho-Oh, tera:Ground|53\/100\n|\n|-weather|DesolateLand|[upkeep]\n|upkeep\n|turn|6\n|-message|Lux2821 forfeited.\n|\n|win|Soyeon is a cutie\n|raw|Lux2821's rating: 1430 &rarr; <strong>1422<\/strong><br \/>(-8 for losing)\n|raw|Soyeon is a cutie's rating: 1660 &rarr; <strong>1668<\/strong><br \/>(+8 for winning)\n|l|\u2606Lux2821\n","uploadtime":1701037803,"views":1,"p1id":"lux2821","p2id":"soyeonisacutie","formatid":"gen9nationaldexubers","rating":1422,"private":0,"password":""}