{"id":"gen9nationaldexubers-2000584556","p1":"cocabill","p2":"getrektunub","format":"[Gen 9] National Dex Ubers","log":"|j|\u2606cocabill\n|j|\u2606getrektunub\n|t:|1701207671\n|gametype|singles\n|player|p1|cocabill|red|1067\n|player|p2|getrektunub|may-masters|1017\n|teamsize|p1|6\n|teamsize|p2|6\n|gen|9\n|tier|[Gen 9] National Dex Ubers\n|rated|\n|rule|HP Percentage Mod: HP is shown in percentages\n|rule|Endless Battle Clause: Forcing endless battles is banned\n|rule|OHKO Clause: OHKO moves are banned\n|rule|Evasion Moves Clause: Evasion moves are banned\n|rule|Evasion Items Clause: Evasion items are banned\n|rule|Species Clause: Limit one of each Pok\u00e9mon\n|rule|Sleep Clause Mod: Limit one foe put to sleep\n|rule|Mega Rayquaza Clause: You cannot mega evolve Rayquaza\n|clearpoke\n|poke|p1|Scizor, F|\n|poke|p1|Garchomp, M|\n|poke|p1|Metagross|\n|poke|p1|Incineroar, F|\n|poke|p1|Snorlax, M|\n|poke|p1|Gyarados, M|\n|poke|p2|Sudowoodo, M|\n|poke|p2|Fidough, F|\n|poke|p2|Scizor, M|\n|poke|p2|Squawkabilly, M|\n|poke|p2|Alomomola, F|\n|poke|p2|Bounsweet, L1, F|\n|teampreview\n|\n|t:|1701207683\n|start\n|switch|p1a: Ninja|Scizor, F|100\/100\n|switch|p2a: Apple|Bounsweet, L1, F, shiny|100\/100\n|turn|1\n|\n|t:|1701207689\n|move|p1a: Ninja|Bullet Punch|p2a: Apple\n|-enditem|p2a: Apple|Focus Sash\n|-damage|p2a: Apple|9\/100\n|move|p2a: Apple|Endeavor|p1a: Ninja\n|-damage|p1a: Ninja|1\/100\n|\n|upkeep\n|turn|2\n|\n|t:|1701207700\n|move|p1a: Ninja|Bullet Punch|p2a: Apple\n|-damage|p2a: Apple|0 fnt\n|faint|p2a: Apple\n|\n|upkeep\n|c|\u2606cocabill|f**k you\n|-message|cocabill forfeited.\n|\n|win|getrektunub\n|raw|cocabill's rating: 1067 &rarr; <strong>1044<\/strong><br \/>(-23 for losing)\n|raw|getrektunub's rating: 1017 &rarr; <strong>1060<\/strong><br \/>(+43 for winning)\n|l|\u2606cocabill\n","uploadtime":1701207708,"views":0,"p1id":"cocabill","p2id":"getrektunub","formatid":"gen9nationaldexubers","rating":1044,"private":0,"password":""}