{"id":"gen9nationaldexubers-1987032773","p1":"Icey37","p2":"Lizned","format":"[Gen 9] National Dex Ubers","log":"|j|\u203dIcey37\n|j|\u2606Lizned\n|t:|1699550598\n|gametype|singles\n|player|p1|Icey37|bea|1192\n|player|p2|Lizned|silver|1276\n|teamsize|p1|6\n|teamsize|p2|6\n|gen|9\n|tier|[Gen 9] National Dex Ubers\n|rated|\n|rule|HP Percentage Mod: HP is shown in percentages\n|rule|Endless Battle Clause: Forcing endless battles is banned\n|rule|OHKO Clause: OHKO moves are banned\n|rule|Evasion Moves Clause: Evasion moves are banned\n|rule|Evasion Items Clause: Evasion items are banned\n|rule|Species Clause: Limit one of each Pok\u00e9mon\n|rule|Sleep Clause Mod: Limit one foe put to sleep\n|rule|Mega Rayquaza Clause: You cannot mega evolve Rayquaza\n|clearpoke\n|poke|p1|Eevee, F|\n|poke|p1|Smeargle, M|\n|poke|p1|Espathra, F|\n|poke|p1|Zygarde|\n|poke|p1|Blastoise, F|\n|poke|p1|Ogerpon-Hearthflame, F|\n|poke|p2|Groudon|\n|poke|p2|Necrozma-Dusk-Mane|\n|poke|p2|Ditto|\n|poke|p2|Yveltal|\n|poke|p2|Zacian-*|\n|poke|p2|Kangaskhan, F|\n|teampreview\n|inactive|Battle timer is ON: inactive players will automatically lose when time's up. (requested by Icey37)\n|\n|t:|1699550610\n|start\n|switch|p1a: Ogerpon|Ogerpon-Hearthflame, F|100\/100\n|switch|p2a: Kangaskhan|Kangaskhan, F|100\/100\n|-ability|p1a: Ogerpon|Mold Breaker\n|turn|1\n|\n|t:|1699550626\n|detailschange|p2a: Kangaskhan|Kangaskhan-Mega, F\n|-mega|p2a: Kangaskhan|Kangaskhan|Kangaskhanite\n|-terastallize|p1a: Ogerpon|Fire\n|detailschange|p1a: Ogerpon|Ogerpon-Hearthflame-Tera, F, tera:Fire\n|-ability|p1a: Ogerpon|Embody Aspect (Hearthflame)|boost\n|-boost|p1a: Ogerpon|atk|1\n|move|p2a: Kangaskhan|Fake Out|p1a: Ogerpon\n|-damage|p1a: Ogerpon|71\/100\n|-damage|p1a: Ogerpon|64\/100\n|-hitcount|p1a: Ogerpon|2\n|cant|p1a: Ogerpon|flinch\n|\n|upkeep\n|turn|2\n|\n|t:|1699550653\n|switch|p2a: Necrozma|Necrozma-Dusk-Mane|100\/100\n|move|p1a: Ogerpon|Ivy Cudgel|p2a: Necrozma\n|-supereffective|p2a: Necrozma\n|-damage|p2a: Necrozma|0 fnt\n|faint|p2a: Necrozma\n|\n|upkeep\n|inactive|Lizned has 120 seconds left.\n|\n|t:|1699550664\n|switch|p2a: Ditto|Ditto|100\/100\n|turn|3\n|inactive|Lizned has 120 seconds left.\n|\n|t:|1699550682\n|move|p2a: Ditto|Transform||[still]\n|-fail|p2a: Ditto\n|move|p1a: Ogerpon|Synthesis|p1a: Ogerpon\n|-heal|p1a: Ogerpon|100\/100\n|\n|upkeep\n|turn|4\n|c|\u2606Lizned|huh\n|inactive|Lizned has 120 seconds left.\n|\n|t:|1699550702\n|switch|p2a: Yveltal|Yveltal|100\/100\n|-ability|p2a: Yveltal|Dark Aura\n|move|p1a: Ogerpon|Trailblaze|p2a: Yveltal\n|-resisted|p2a: Yveltal\n|-damage|p2a: Yveltal|83\/100\n|-boost|p1a: Ogerpon|spe|1\n|\n|upkeep\n|turn|5\n|\n|t:|1699550717\n|move|p1a: Ogerpon|Ivy Cudgel|p2a: Yveltal\n|-damage|p2a: Yveltal|0 fnt\n|faint|p2a: Yveltal\n|\n|upkeep\n|\n|t:|1699550723\n|switch|p2a: Kangaskhan|Kangaskhan-Mega, F|100\/100\n|turn|6\n|\n|t:|1699550727\n|move|p2a: Kangaskhan|Fake Out|p1a: Ogerpon\n|-damage|p1a: Ogerpon|73\/100\n|-damage|p1a: Ogerpon|66\/100\n|-hitcount|p1a: Ogerpon|2\n|cant|p1a: Ogerpon|flinch\n|\n|upkeep\n|turn|7\n|\n|t:|1699550736\n|move|p1a: Ogerpon|Horn Leech|p2a: Kangaskhan\n|-crit|p2a: Kangaskhan\n|-damage|p2a: Kangaskhan|0 fnt\n|-heal|p1a: Ogerpon|100\/100|[from] drain|[of] p2a: Kangaskhan\n|faint|p2a: Kangaskhan\n|\n|upkeep\n|-message|Lizned forfeited.\n|\n|win|Icey37\n|raw|Icey37's rating: 1192 &rarr; <strong>1223<\/strong><br \/>(+31 for winning)\n|raw|Lizned's rating: 1276 &rarr; <strong>1245<\/strong><br \/>(-31 for losing)\n|l|\u2606Lizned\n|l|\u203dIcey37\n|j|\u203dIcey37\n|player|p1|Icey37|bea\n","uploadtime":1699551273,"views":9,"p1id":"icey37","p2id":"lizned","formatid":"gen9nationaldexubers","rating":1223,"private":0,"password":""}