{"id":"gen9nationaldexubers-1995577632","p1":"JustinRuggs","p2":"Tran minh quan","format":"[Gen 9] National Dex Ubers","log":"|j|\u2606JustinRuggs\n|j|\u2606Tran minh quan\n|t:|1700584427\n|gametype|singles\n|player|p1|JustinRuggs|gambler|1137\n|player|p2|Tran minh quan|lucas|1094\n|teamsize|p1|6\n|teamsize|p2|1\n|gen|9\n|tier|[Gen 9] National Dex Ubers\n|rated|\n|rule|HP Percentage Mod: HP is shown in percentages\n|rule|Endless Battle Clause: Forcing endless battles is banned\n|rule|OHKO Clause: OHKO moves are banned\n|rule|Evasion Moves Clause: Evasion moves are banned\n|rule|Evasion Items Clause: Evasion items are banned\n|rule|Species Clause: Limit one of each Pok\u00e9mon\n|rule|Sleep Clause Mod: Limit one foe put to sleep\n|rule|Mega Rayquaza Clause: You cannot mega evolve Rayquaza\n|clearpoke\n|poke|p1|Blaziken, F|\n|poke|p1|Milotic, F|\n|poke|p1|Breloom, M|\n|poke|p1|Registeel|\n|poke|p1|Donphan, M|\n|poke|p1|Latias, F|\n|poke|p2|Metang|\n|teampreview\n|inactive|Battle timer is ON: inactive players will automatically lose when time's up. (requested by JustinRuggs)\n|inactive|Tran minh quan has 120 seconds left.\n|inactive|Tran minh quan has 90 seconds left.\n|inactive|Tran minh quan has 60 seconds left.\n|inactive|Tran minh quan has 30 seconds left.\n|inactive|Tran minh quan has 20 seconds left.\n|\n|t:|1700584572\n|start\n|switch|p1a: Stardust|Breloom, M|100\/100\n|switch|p2a: Metang|Metang|100\/100\n|turn|1\n|\n|t:|1700584579\n|move|p1a: Stardust|Spore|p2a: Metang\n|-status|p2a: Metang|slp|[from] move: Spore\n|cant|p2a: Metang|slp\n|\n|upkeep\n|turn|2\n|inactive|Tran minh quan has 90 seconds left.\n|l|\u2606JustinRuggs\n|inactive|JustinRuggs disconnected and has a minute to reconnect!\n|player|p1|\n|j|\u2606JustinRuggs\n|inactive|JustinRuggs reconnected and has 105 seconds left.\n|player|p1|JustinRuggs|gambler\n|\n|t:|1700584626\n|cant|p2a: Metang|slp\n|move|p1a: Stardust|Brick Break|p2a: Metang\n|-damage|p2a: Metang|73\/100 slp\n|\n|upkeep\n|turn|3\n|\n|t:|1700584633\n|move|p1a: Stardust|Brick Break|p2a: Metang\n|-damage|p2a: Metang|42\/100 slp\n|cant|p2a: Metang|slp\n|\n|upkeep\n|turn|4\n|\n|t:|1700584640\n|-terastallize|p2a: Metang|Steel\n|move|p1a: Stardust|Brick Break|p2a: Metang\n|-supereffective|p2a: Metang\n|-damage|p2a: Metang|0 fnt\n|faint|p2a: Metang\n|\n|win|JustinRuggs\n|raw|JustinRuggs's rating: 1137 &rarr; <strong>1159<\/strong><br \/>(+22 for winning)\n|raw|Tran minh quan's rating: 1094 &rarr; <strong>1073<\/strong><br \/>(-21 for losing)\n","uploadtime":1700584649,"views":5,"p1id":"justinruggs","p2id":"tranminhquan","formatid":"gen9nationaldexubers","rating":1073,"private":0,"password":""}