{"id":"gen9nationaldexubers-1990622253","p1":"Zake202012","p2":"AmarokShadowwolf","format":"[Gen 9] National Dex Ubers","log":"|j|\u2606Zake202012\n|j|\u2606AmarokShadowwolf\n|t:|1699986477\n|gametype|singles\n|player|p1|Zake202012|n|1426\n|player|p2|AmarokShadowwolf|265|1425\n|teamsize|p1|6\n|teamsize|p2|6\n|gen|9\n|tier|[Gen 9] National Dex Ubers\n|rated|\n|rule|HP Percentage Mod: HP is shown in percentages\n|rule|Endless Battle Clause: Forcing endless battles is banned\n|rule|OHKO Clause: OHKO moves are banned\n|rule|Evasion Moves Clause: Evasion moves are banned\n|rule|Evasion Items Clause: Evasion items are banned\n|rule|Species Clause: Limit one of each Pok\u00e9mon\n|rule|Sleep Clause Mod: Limit one foe put to sleep\n|rule|Mega Rayquaza Clause: You cannot mega evolve Rayquaza\n|clearpoke\n|poke|p1|Salamence, F|\n|poke|p1|Scyther, M|\n|poke|p1|Kingambit, M|\n|poke|p1|Serperior, M|\n|poke|p1|Zangoose, F|\n|poke|p1|Arcanine-Hisui, F|\n|poke|p2|Glimmora, F|\n|poke|p2|Garganacl, F|\n|poke|p2|Nihilego|\n|poke|p2|Omastar, M|\n|poke|p2|Shuckle, F|\n|poke|p2|Tyranitar, F|\n|teampreview\n|inactive|Battle timer is ON: inactive players will automatically lose when time's up. (requested by AmarokShadowwolf)\n|c|\u2606AmarokShadowwolf|gl hf\n|\n|t:|1699986487\n|start\n|switch|p1a: Serperior|Serperior, M|100\/100\n|switch|p2a: Glimmora|Glimmora, F|100\/100\n|turn|1\n|\n|t:|1699986492\n|move|p1a: Serperior|Substitute|p1a: Serperior\n|-start|p1a: Serperior|Substitute\n|-damage|p1a: Serperior|76\/100\n|move|p2a: Glimmora|Stealth Rock|p1a: Serperior\n|-sidestart|p1: Zake202012|move: Stealth Rock\n|\n|-heal|p1a: Serperior|82\/100|[from] item: Leftovers\n|upkeep\n|turn|2\n|\n|t:|1699986495\n|move|p1a: Serperior|Leaf Storm|p2a: Glimmora\n|-damage|p2a: Glimmora|51\/100\n|-boost|p1a: Serperior|spa|2\n|move|p2a: Glimmora|Mortal Spin|p1a: Serperior\n|-supereffective|p1a: Serperior\n|-activate|p1a: Serperior|move: Substitute|[damage]\n|\n|-heal|p1a: Serperior|88\/100|[from] item: Leftovers\n|upkeep\n|turn|3\n|\n|t:|1699986503\n|move|p1a: Serperior|Leaf Storm|p2a: Glimmora\n|-damage|p2a: Glimmora|0 fnt\n|-boost|p1a: Serperior|spa|2\n|faint|p2a: Glimmora\n|\n|-heal|p1a: Serperior|94\/100|[from] item: Leftovers\n|upkeep\n|\n|t:|1699986508\n|switch|p2a: Nihilego|Nihilego|100\/100\n|turn|4\n|\n|t:|1699986515\n|move|p1a: Serperior|Leaf Storm|p2a: Nihilego\n|-damage|p2a: Nihilego|0 fnt\n|-boost|p1a: Serperior|spa|2\n|faint|p2a: Nihilego\n|\n|-heal|p1a: Serperior|100\/100|[from] item: Leftovers\n|upkeep\n|c|\u2606AmarokShadowwolf|gg i think\n|\n|t:|1699986521\n|switch|p2a: Omastar|Omastar, M|100\/100\n|turn|5\n|\n|t:|1699986528\n|move|p1a: Serperior|Leaf Storm|p2a: Omastar\n|-supereffective|p2a: Omastar\n|-damage|p2a: Omastar|0 fnt\n|faint|p2a: Omastar\n|\n|upkeep\n|\n|t:|1699986530\n|switch|p2a: Shuckle|Shuckle, F|100\/100\n|turn|6\n|\n|t:|1699986532\n|move|p1a: Serperior|Leaf Storm|p2a: Shuckle\n|-damage|p2a: Shuckle|0 fnt\n|faint|p2a: Shuckle\n|\n|upkeep\n|\n|t:|1699986535\n|switch|p2a: Garganacl|Garganacl, F|100\/100\n|turn|7\n|\n|t:|1699986539\n|move|p1a: Serperior|Leaf Storm|p2a: Garganacl\n|-supereffective|p2a: Garganacl\n|-damage|p2a: Garganacl|0 fnt\n|faint|p2a: Garganacl\n|\n|upkeep\n|\n|t:|1699986541\n|switch|p2a: Tyranitar|Tyranitar, F|100\/100\n|-weather|Sandstorm|[from] ability: Sand Stream|[of] p2a: Tyranitar\n|turn|8\n|\n|t:|1699986543\n|move|p1a: Serperior|Leaf Storm|p2a: Tyranitar\n|-supereffective|p2a: Tyranitar\n|-damage|p2a: Tyranitar|0 fnt\n|faint|p2a: Tyranitar\n|\n|win|Zake202012\n|raw|Zake202012's rating: 1426 &rarr; <strong>1446<\/strong><br \/>(+20 for winning)\n|raw|AmarokShadowwolf's rating: 1425 &rarr; <strong>1405<\/strong><br \/>(-20 for losing)\n|l|\u2606AmarokShadowwolf\n","uploadtime":1699986548,"views":7,"p1id":"zake202012","p2id":"amarokshadowwolf","formatid":"gen9nationaldexubers","rating":1405,"private":0,"password":""}