{"id":"gen9nationaldexubers-1995601854","p1":"Tran minh quan","p2":"astolfo_barusu","format":"[Gen 9] National Dex Ubers","log":"|j|\u2606Tran minh quan\n|j|\u2606astolfo_barusu\n|t:|1700586543\n|gametype|singles\n|player|p1|Tran minh quan|lucas|1051\n|player|p2|astolfo_barusu|ingo|1093\n|teamsize|p1|3\n|teamsize|p2|6\n|gen|9\n|tier|[Gen 9] National Dex Ubers\n|rated|\n|rule|HP Percentage Mod: HP is shown in percentages\n|rule|Endless Battle Clause: Forcing endless battles is banned\n|rule|OHKO Clause: OHKO moves are banned\n|rule|Evasion Moves Clause: Evasion moves are banned\n|rule|Evasion Items Clause: Evasion items are banned\n|rule|Species Clause: Limit one of each Pok\u00e9mon\n|rule|Sleep Clause Mod: Limit one foe put to sleep\n|rule|Mega Rayquaza Clause: You cannot mega evolve Rayquaza\n|clearpoke\n|poke|p1|Metang|\n|poke|p1|Litten, F|\n|poke|p1|Gligar, F|\n|poke|p2|Giratina|\n|poke|p2|Chansey, F|\n|poke|p2|Corviknight, M|\n|poke|p2|Dondozo, M|\n|poke|p2|Serperior, M|\n|poke|p2|Quaquaval, M|\n|teampreview\n|\n|t:|1700586551\n|start\n|switch|p1a: Gligar|Gligar, F|100\/100\n|switch|p2a: Quaquaval|Quaquaval, M, shiny|100\/100\n|turn|1\n|\n|t:|1700586562\n|move|p1a: Gligar|Knock Off|p2a: Quaquaval\n|-resisted|p2a: Quaquaval\n|-damage|p2a: Quaquaval|86\/100\n|-enditem|p2a: Quaquaval|White Herb|[from] move: Knock Off|[of] p1a: Gligar\n|move|p2a: Quaquaval|Aqua Step|p1a: Gligar\n|-supereffective|p1a: Gligar\n|-damage|p1a: Gligar|0 fnt\n|-boost|p2a: Quaquaval|spe|1\n|faint|p1a: Gligar\n|-ability|p2a: Quaquaval|Moxie|boost\n|-boost|p2a: Quaquaval|atk|1\n|\n|upkeep\n|\n|t:|1700586574\n|switch|p1a: Metang|Metang|100\/100\n|turn|2\n|\n|t:|1700586579\n|move|p2a: Quaquaval|Close Combat|p1a: Metang\n|-damage|p1a: Metang|23\/100\n|-unboost|p2a: Quaquaval|def|1\n|-unboost|p2a: Quaquaval|spd|1\n|move|p1a: Metang|Meteor Mash|p2a: Quaquaval|[miss]\n|-miss|p1a: Metang|p2a: Quaquaval\n|\n|upkeep\n|turn|3\n|\n|t:|1700586587\n|move|p2a: Quaquaval|Aqua Step|p1a: Metang\n|-damage|p1a: Metang|0 fnt\n|-boost|p2a: Quaquaval|spe|1\n|faint|p1a: Metang\n|-ability|p2a: Quaquaval|Moxie|boost\n|-boost|p2a: Quaquaval|atk|1\n|\n|upkeep\n|\n|t:|1700586595\n|switch|p1a: Litten|Litten, F|100\/100\n|-ability|p1a: Litten|Intimidate|boost\n|-unboost|p2a: Quaquaval|atk|1\n|turn|4\n|\n|t:|1700586600\n|move|p2a: Quaquaval|Aqua Step|p1a: Litten\n|-supereffective|p1a: Litten\n|-damage|p1a: Litten|0 fnt\n|-boost|p2a: Quaquaval|spe|1\n|faint|p1a: Litten\n|\n|win|astolfo_barusu\n|raw|Tran minh quan's rating: 1051 &rarr; <strong>1035<\/strong><br \/>(-16 for losing)\n|raw|astolfo_barusu's rating: 1093 &rarr; <strong>1116<\/strong><br \/>(+23 for winning)\n|l|\u2606astolfo_barusu\n","uploadtime":1700586692,"views":5,"p1id":"tranminhquan","p2id":"astolfobarusu","formatid":"gen9nationaldexubers","rating":1035,"private":0,"password":""}