{"id":"gen9nationaldexubers-1998997704","p1":"Pelotudinhos Clown","p2":"SilverKeith","format":"[Gen 9] National Dex Ubers","log":"|j|\u2606Pelotudinhos Clown\n|j|\u2606SilverKeith\n|t:|1701022203\n|gametype|singles\n|player|p1|Pelotudinhos Clown|clown|\n|player|p2|SilverKeith|265|\n|teamsize|p1|6\n|teamsize|p2|6\n|gen|9\n|tier|[Gen 9] National Dex Ubers\n|rule|HP Percentage Mod: HP is shown in percentages\n|rule|Endless Battle Clause: Forcing endless battles is banned\n|rule|OHKO Clause: OHKO moves are banned\n|rule|Evasion Moves Clause: Evasion moves are banned\n|rule|Evasion Items Clause: Evasion items are banned\n|rule|Species Clause: Limit one of each Pok\u00e9mon\n|rule|Sleep Clause Mod: Limit one foe put to sleep\n|rule|Mega Rayquaza Clause: You cannot mega evolve Rayquaza\n|clearpoke\n|poke|p1|Zamazenta-*|\n|poke|p1|Skarmory, M|\n|poke|p1|Blissey, F|\n|poke|p1|Alcremie, F|\n|poke|p1|Flapple, M|\n|poke|p1|Polteageist|\n|poke|p2|Cinderace, M|\n|poke|p2|Articuno-Galar|\n|poke|p2|Zarude-Dada|\n|poke|p2|Orbeetle, F|\n|poke|p2|Copperajah, M|\n|poke|p2|Togetic, F|\n|teampreview\n|j| zereffu\n|j| santysas\n|c| zereffu|Pole?\n|c|\u2606Pelotudinhos Clown|en mamarla\n|c|\u2606Pelotudinhos Clown|uwu\n|j| Juanjomaster\n|c| zereffu|Tambien\n|l| Juanjomaster\n|c| santysas|El Zarude con BUFANDA\n|c| zereffu|El zarude baila\n|c|\u2606Pelotudinhos Clown|re facherito\n|c|\u2606SilverKeith|para m\u00e1s facha\n|j| Ric94\n|l| Ric94\n|c|\u2606SilverKeith|acuerdense de no hacer backseatting\n|c| zereffu|Fran si pierdes Ric no manda foto\n|c|\u2606Pelotudinhos Clown|no me metas Presi\u00f3n\n|j| Ric94\n|c| zereffu|Ah lo dijiste\n|j| Juanjomaster\n|c|\u2606SilverKeith|le damos en 2 mins?\n|c|\u2606Pelotudinhos Clown|ok\n|c| santysas|No esta el Octillery\n|c| santysas|Perdi\u00f3 el cine\n|c|\u2606Pelotudinhos Clown|uhh qu\u00e9 hace el escarabajo ese?\n|c| santysas|Queria verlo ser el MVP\n|c|\u2606SilverKeith|no vale fijarse\n|c|\u2606SilverKeith|(?)\n|c| santysas|Eso es que Silver tampoco sabe\n|c|\u2606Pelotudinhos Clown|vale (?)\n|c|\u2606SilverKeith|bueno arrancamos\n|c|\u2606Pelotudinhos Clown|igual deb\u00ed meter al pulo s\u00ed pero queseyo me falt\u00f3 fe\n|j| Liza_White\n|c|\u2606Pelotudinhos Clown|le damos no?\n|c|\u2606SilverKeith|seh\n|\n|t:|1701022462\n|start\n|switch|p1a: Cachorr\u00e3o|Zamazenta|100\/100\n|switch|p2a: Chobi|Orbeetle, F|100\/100\n|-ability|p1a: Cachorr\u00e3o|Dauntless Shield|boost\n|-boost|p1a: Cachorr\u00e3o|def|1\n|-item|p1a: Cachorr\u00e3o|Choice Band|[from] ability: Frisk|[of] p2a: Chobi|[identify]\n|turn|1\n|c| santysas|no tenes el poder del h3ntai de tu lado ahora\n|l| Juanjomaster\n|c|\u2606Pelotudinhos Clown|ugh tipo psiquico no se vale :C\n|j| Juanjomaster\n|c| santysas|De no dalir el match anterior, a ser el primero que sale\n|\n|t:|1701022511\n|move|p1a: Cachorr\u00e3o|Stone Edge|p2a: Chobi\n|-supereffective|p2a: Chobi\n|-damage|p2a: Chobi|33\/100\n|move|p2a: Chobi|Trick Room|p2a: Chobi\n|-fieldstart|move: Trick Room|[of] p2a: Chobi\n|\n|upkeep\n|turn|2\n|c| santysas|Grande Zamazenta\n|c| zereffu|C\u00f3mo aguanto\n|\n|t:|1701022549\n|switch|p2a: Trompada|Copperajah, M|100\/100\n|switch|p1a: Tu abuela|Blissey, F|100\/100\n|\n|upkeep\n|turn|3\n|c|\u2606Pelotudinhos Clown|chale\n|\n|t:|1701022570\n|switch|p1a: illo k dise churra|Skarmory, M|100\/100\n|move|p2a: Trompada|Curse|p2a: Trompada\n|-unboost|p2a: Trompada|spe|1\n|-boost|p2a: Trompada|atk|1\n|-boost|p2a: Trompada|def|1\n|\n|upkeep\n|turn|4\n|\n|t:|1701022585\n|move|p2a: Trompada|Heat Crash|p1a: illo k dise churra\n|-supereffective|p1a: illo k dise churra\n|-ability|p1a: illo k dise churra|Sturdy\n|-damage|p1a: illo k dise churra|1\/100\n|-damage|p2a: Trompada|84\/100|[from] item: Rocky Helmet|[of] p1a: illo k dise churra\n|move|p1a: illo k dise churra|Iron Defense|p1a: illo k dise churra\n|-boost|p1a: illo k dise churra|def|2\n|\n|upkeep\n|turn|5\n|c|\u2606Pelotudinhos Clown|alv\n|c| zereffu|\u00aa\n|c|\u2606Pelotudinhos Clown|weno se viene el 6-0 (?\n|\n|t:|1701022612\n|move|p2a: Trompada|Heat Crash|p1a: illo k dise churra\n|-supereffective|p1a: illo k dise churra\n|-crit|p1a: illo k dise churra\n|-damage|p1a: illo k dise churra|0 fnt\n|-damage|p2a: Trompada|68\/100|[from] item: Rocky Helmet|[of] p1a: illo k dise churra\n|faint|p1a: illo k dise churra\n|\n|-fieldend|move: Trick Room\n|upkeep\n|c| santysas|crit\n|c| Juanjomaster|Hax\n|c| santysas|HAX\n|c| zereffu|HAX\n|c|\u2606SilverKeith|le hace honor al nombre\n|\n|t:|1701022654\n|switch|p1a: Cachorr\u00e3o|Zamazenta|100\/100\n|turn|6\n|\n|t:|1701022669\n|switch|p2a: Luli|Togetic, F, shiny|100\/100\n|move|p1a: Cachorr\u00e3o|Close Combat|p2a: Luli\n|-resisted|p2a: Luli\n|-damage|p2a: Luli|80\/100\n|-unboost|p1a: Cachorr\u00e3o|def|1\n|-unboost|p1a: Cachorr\u00e3o|spd|1\n|\n|upkeep\n|turn|7\n|c|\u2606SilverKeith|COMO UN LIBRO\n|c| zereffu|Ok\n|c| zereffu|Esto es gg?\n|c|\u2606Pelotudinhos Clown|yup xd\n|\n|t:|1701022730\n|switch|p1a: Vanilla cake|Alcremie, F|100\/100\n|move|p2a: Luli|Trick|p1a: Vanilla cake\n|-activate|p2a: Luli|move: Trick|[of] p1a: Vanilla cake\n|-item|p1a: Vanilla cake|Choice Specs|[from] move: Trick\n|-item|p2a: Luli|Kee Berry|[from] move: Trick\n|\n|upkeep\n|turn|8\n|c| zereffu|Kee Berry? Wat\n|c|\u2606Pelotudinhos Clown|lol me esperaba el trick con el articuno tbh\n|\n|t:|1701022775\n|move|p1a: Vanilla cake|Mystical Fire|p2a: Luli\n|-damage|p2a: Luli|48\/100\n|-unboost|p2a: Luli|spa|1\n|move|p2a: Luli|Thunder Wave|p1a: Vanilla cake\n|-status|p1a: Vanilla cake|par\n|\n|upkeep\n|turn|9\n|c|\u2606SilverKeith|cocina\n|j| Lucaslakd\n|\n|t:|1701022831\n|switch|p2a: CONEJ\u00c3O|Cinderace, M|100\/100\n|switch|p1a: Cachorr\u00e3o|Zamazenta|100\/100\n|\n|upkeep\n|turn|10\n|c| Lucaslakd|Full picado\n|\n|t:|1701022868\n|move|p1a: Cachorr\u00e3o|Stone Edge|p2a: CONEJ\u00c3O\n|-supereffective|p2a: CONEJ\u00c3O\n|-crit|p2a: CONEJ\u00c3O\n|-damage|p2a: CONEJ\u00c3O|0 fnt\n|faint|p2a: CONEJ\u00c3O\n|\n|upkeep\n|\n|t:|1701022880\n|switch|p2a: Trompada|Copperajah, M|68\/100\n|turn|11\n|c|\u2606Pelotudinhos Clown|vamoh cachorrao\n|\n|t:|1701022910\n|switch|p1a: Vanilla cake|Alcremie, F|100\/100 par\n|move|p2a: Trompada|Heavy Slam|p1a: Vanilla cake\n|-supereffective|p1a: Vanilla cake\n|-damage|p1a: Vanilla cake|0 fnt\n|faint|p1a: Vanilla cake\n|\n|upkeep\n|c| Lucaslakd|Alcremie noo\n|c| Ric94|vainilla nooooooo\n|c|\u2606Pelotudinhos Clown|F vai\n|\n|t:|1701022941\n|switch|p1a: goes brr brrr|Flapple, M|100\/100\n|turn|12\n|c|\u2606Pelotudinhos Clown|no se q hace uwu\n|\n|t:|1701022966\n|-terastallize|p1a: goes brr brrr|Water\n|move|p1a: goes brr brrr|Dragon Dance|p1a: goes brr brrr\n|-boost|p1a: goes brr brrr|atk|1\n|-boost|p1a: goes brr brrr|spe|1\n|move|p2a: Trompada|Play Rough|p1a: goes brr brrr\n|-damage|p1a: goes brr brrr|34\/100\n|\n|upkeep\n|turn|13\n|l| Liza_White\n|j| Liza_White\n|c| Lucaslakd|M\u00e1s te vale matarlo o sino\n|c|\u2606Pelotudinhos Clown|q se yo creo que no lo mato\n|c| Lucaslakd|Encima ya se que item debe tener trompada\n|c|\u2606Pelotudinhos Clown|assalut vest?\n|c|\u2606Pelotudinhos Clown|an no\n|c|\u2606Pelotudinhos Clown|tenia curse\n|c|\u2606Pelotudinhos Clown|es life orb\n|c| Lucaslakd|No\n|c|\u2606SilverKeith|lucas cerra el orto\n|c| Lucaslakd|:(\n|\n|t:|1701023045\n|move|p1a: goes brr brrr|Grav Apple|p2a: Trompada\n|-resisted|p2a: Trompada\n|-damage|p2a: Trompada|18\/100\n|-unboost|p2a: Trompada|def|1\n|-damage|p1a: goes brr brrr|24\/100|[from] item: Life Orb\n|move|p2a: Trompada|Heavy Slam|p1a: goes brr brrr\n|-resisted|p1a: goes brr brrr\n|-damage|p1a: goes brr brrr|0 fnt\n|faint|p1a: goes brr brrr\n|\n|upkeep\n|c|\u2606Pelotudinhos Clown|:(\n|\n|t:|1701023056\n|switch|p1a: Cachorr\u00e3o|Zamazenta|100\/100\n|turn|14\n|c| Ric94|dale que empieza mi partida de lol\n|c| Lucaslakd|Dale que empieza mi partida en random\n|l| zereffu\n|\n|t:|1701023130\n|switch|p2a: Chobi|Orbeetle, F|33\/100\n|-item|p1a: Cachorr\u00e3o|Choice Band|[from] ability: Frisk|[of] p2a: Chobi|[identify]\n|move|p1a: Cachorr\u00e3o|Stone Edge|p2a: Chobi\n|-supereffective|p2a: Chobi\n|-damage|p2a: Chobi|0 fnt\n|faint|p2a: Chobi\n|\n|upkeep\n|c| Lucaslakd|Como la viooo\n|c|\u2606Pelotudinhos Clown|igual estoy re F jajaj\n|c| Lucaslakd|Podes ganar a\u00fan\n|c| Lucaslakd|Pero es m\u00e1s f\u00e1cil perder(??\n|c|\u2606Pelotudinhos Clown|toca confiar en el carry de Cachorr\u00e3o\n|\n|t:|1701023245\n|switch|p2a: Argenticuno|Articuno-Galar, shiny|100\/100\n|turn|15\n|c| santysas|WTF\n|c| santysas|GOD NICK\n|c| Lucaslakd|Picado\n|c| Liza_White|Me flipa el nick xDDD\n|c| Lucaslakd|Silver quiere ganar la batalla de facja\n|c| Lucaslakd|Facha\n|\n|t:|1701023277\n|switch|p1a: Tu abuela|Blissey, F|100\/100\n|-terastallize|p2a: Argenticuno|Psychic\n|move|p2a: Argenticuno|Agility|p2a: Argenticuno\n|-boost|p2a: Argenticuno|spe|2\n|\n|upkeep\n|turn|16\n|\n|t:|1701023285\n|move|p2a: Argenticuno|Psyshock|p1a: Tu abuela\n|-damage|p1a: Tu abuela|39\/100\n|-damage|p2a: Argenticuno|91\/100|[from] item: Life Orb\n|move|p1a: Tu abuela|Toxic|p2a: Argenticuno\n|-status|p2a: Argenticuno|tox\n|\n|-heal|p1a: Tu abuela|45\/100|[from] item: Leftovers\n|-damage|p2a: Argenticuno|84\/100 tox|[from] psn\n|upkeep\n|turn|17\n|c|\u2606Pelotudinhos Clown|uf como pega ese bicho\n|\n|t:|1701023340\n|move|p2a: Argenticuno|Psyshock|p1a: Tu abuela\n|-damage|p1a: Tu abuela|0 fnt\n|faint|p1a: Tu abuela\n|-damage|p2a: Argenticuno|75\/100 tox|[from] item: Life Orb\n|\n|-damage|p2a: Argenticuno|62\/100 tox|[from] psn\n|upkeep\n|\n|t:|1701023357\n|switch|p1a: Kat vibes|Polteageist|100\/100\n|turn|18\n|c| Lucaslakd|El tera lo hace re potente\n|c| Lucaslakd|VAMOS TE-TERA\n|\n|t:|1701023438\n|move|p2a: Argenticuno|Psyshock|p1a: Kat vibes\n|-enditem|p1a: Kat vibes|Focus Sash\n|-damage|p1a: Kat vibes|1\/100\n|-start|p2a: Argenticuno|Disable|Psyshock|[from] ability: Cursed Body|[of] p1a: Kat vibes\n|-damage|p2a: Argenticuno|52\/100 tox|[from] item: Life Orb\n|move|p1a: Kat vibes|Shadow Ball|p2a: Argenticuno\n|-supereffective|p2a: Argenticuno\n|-damage|p2a: Argenticuno|0 fnt\n|faint|p2a: Argenticuno\n|\n|upkeep\n|c| Lucaslakd|Buenisima\n|\n|t:|1701023481\n|switch|p2a: Luli|Togetic, F, shiny|48\/100\n|turn|19\n|\n|t:|1701023532\n|move|p1a: Kat vibes|Shadow Ball|p2a: Luli\n|-crit|p2a: Luli\n|-damage|p2a: Luli|0 fnt\n|faint|p2a: Luli\n|\n|upkeep\n|c|\u2606Pelotudinhos Clown|hax (?\n|c| Lucaslakd|Hax\n|\n|t:|1701023542\n|switch|p2a: Zarude Dadanstorm|Zarude-Dada|100\/100\n|turn|20\n|c| santysas|oof\n|\n|t:|1701023551\n|move|p2a: Zarude Dadanstorm|Bulk Up|p2a: Zarude Dadanstorm\n|-boost|p2a: Zarude Dadanstorm|atk|1\n|-boost|p2a: Zarude Dadanstorm|def|1\n|move|p1a: Kat vibes|Strength Sap|p2a: Zarude Dadanstorm\n|-unboost|p2a: Zarude Dadanstorm|atk|1\n|-heal|p1a: Kat vibes|100\/100\n|\n|upkeep\n|turn|21\n|c| Ric94|gg\n|c| Lucaslakd|No se por que no metio a zarude antes\n|j| zereffu\n|j| Sppregaladog01\n|c|\u2606SilverKeith|si meto a zarude y mato a la tetera\n|c|\u2606SilverKeith|me mata el despues de un close combat\n|c|\u2606SilverKeith|y me sweepea\n|l| Sppregaladog01\n|c| Lucaslakd|Pero es banded no mataba al togetic\n|c| zereffu|Ac\u00e1 se define btw\n|c|\u2606SilverKeith|al togetic lo mata de dos ataques\n|c| Liza_White|Esta super re\u00f1ido\n|j| Sppregaladog01\n|c|\u2606SilverKeith|y nada de lo que haga impide\n|c|\u2606SilverKeith|que mate al copperajah\n|c| Lucaslakd|Pero no tiene roost?\n|c|\u2606SilverKeith|no\n|c| Lucaslakd|Bueno no respondas\n|c|\u2606SilverKeith|y ya esta muerto\n|c| zereffu|Por no banear a Zamazenta\n|c| Lucaslakd|Es verdad\n|c| Lucaslakd|Ban zamazenta\n|c| santysas|la tetera hizo crit culpa de zamazenta\n|c| Lucaslakd|Si\n|c| Liza_White|Ban zamazenta\n|c| Liza_White|*no lo sac\u00f3 en su combate*\n|c| Lucaslakd|Zamazenta le pas\u00f3 los cheats\n|c| santysas|Zamazenta sube el stat de suerte de su entrenador\n|c|\u2606Pelotudinhos Clown|wey no se uwu\n|\n|t:|1701023690\n|move|p2a: Zarude Dadanstorm|Bulk Up|p2a: Zarude Dadanstorm\n|-boost|p2a: Zarude Dadanstorm|atk|1\n|-boost|p2a: Zarude Dadanstorm|def|1\n|move|p1a: Kat vibes|Tera Blast|p2a: Zarude Dadanstorm\n|-damage|p2a: Zarude Dadanstorm|73\/100\n|\n|-heal|p2a: Zarude Dadanstorm|79\/100|[from] item: Leftovers\n|upkeep\n|turn|22\n|c| santysas|su hab oculta\n|c| zereffu|Oki\n|c| zereffu|Ojo*\n|\n|t:|1701023711\n|move|p2a: Zarude Dadanstorm|Bulk Up|p2a: Zarude Dadanstorm\n|-boost|p2a: Zarude Dadanstorm|atk|1\n|-boost|p2a: Zarude Dadanstorm|def|1\n|move|p1a: Kat vibes|Tera Blast|p2a: Zarude Dadanstorm\n|-damage|p2a: Zarude Dadanstorm|47\/100\n|\n|-heal|p2a: Zarude Dadanstorm|54\/100|[from] item: Leftovers\n|upkeep\n|turn|23\n|\n|t:|1701023719\n|move|p2a: Zarude Dadanstorm|Synthesis|p2a: Zarude Dadanstorm\n|-heal|p2a: Zarude Dadanstorm|100\/100\n|move|p1a: Kat vibes|Tera Blast|p2a: Zarude Dadanstorm\n|-damage|p2a: Zarude Dadanstorm|69\/100\n|\n|-heal|p2a: Zarude Dadanstorm|75\/100|[from] item: Leftovers\n|upkeep\n|turn|24\n|c|\u2606Pelotudinhos Clown|uh ahi perdi\n|c| zereffu|OJO\n|c| Liza_White|oh dios\n|\n|t:|1701023735\n|move|p2a: Zarude Dadanstorm|Bulk Up|p2a: Zarude Dadanstorm\n|-boost|p2a: Zarude Dadanstorm|atk|1\n|-boost|p2a: Zarude Dadanstorm|def|1\n|move|p1a: Kat vibes|Tera Blast|p2a: Zarude Dadanstorm\n|-damage|p2a: Zarude Dadanstorm|45\/100\n|\n|-heal|p2a: Zarude Dadanstorm|51\/100|[from] item: Leftovers\n|upkeep\n|turn|25\n|c| Lucaslakd|Shell smash pa que esperas\n|c| Lucaslakd|*No lo tiene*\n|l| Sppregaladog01\n|\n|t:|1701023752\n|move|p2a: Zarude Dadanstorm|Synthesis|p2a: Zarude Dadanstorm\n|-heal|p2a: Zarude Dadanstorm|100\/100\n|move|p1a: Kat vibes|Shell Smash|p1a: Kat vibes\n|-unboost|p1a: Kat vibes|def|1\n|-unboost|p1a: Kat vibes|spd|1\n|-boost|p1a: Kat vibes|atk|2\n|-boost|p1a: Kat vibes|spa|2\n|-boost|p1a: Kat vibes|spe|2\n|\n|upkeep\n|turn|26\n|j| Mr Graecus\n|c| Lucaslakd|Uy lpm me voy\n|c|\u2606Pelotudinhos Clown|xD\n|c| santysas|Ahora te ganaste el odio de silver lucas(?\n|c| zereffu|Close combat cr\u00edtico de Zamazenta\n|c|\u2606Pelotudinhos Clown|wey no sabia ni que aprendia sintesis esa cosa\n|j| Sppregaladog01\n|c| zereffu|I Belice\n|c| Lucaslakd|Pense que no lo ten\u00eda quien carajo lo usa con strenghsap\n|c|\u2606Pelotudinhos Clown|yo (?\n|c| zereffu|Todos los plantas aprenden s\u00edntesis\n|\n|t:|1701023830\n|move|p1a: Kat vibes|Tera Blast|p2a: Zarude Dadanstorm\n|-damage|p2a: Zarude Dadanstorm|44\/100\n|move|p2a: Zarude Dadanstorm|Darkest Lariat|p1a: Kat vibes\n|-supereffective|p1a: Kat vibes\n|-damage|p1a: Kat vibes|0 fnt\n|faint|p1a: Kat vibes\n|\n|-heal|p2a: Zarude Dadanstorm|51\/100|[from] item: Leftovers\n|upkeep\n|c| zereffu|Menos Eldegoss\n|\n|t:|1701023839\n|switch|p1a: Cachorr\u00e3o|Zamazenta|100\/100\n|turn|27\n|c| zereffu|Mata o gg\n|c| Ric94|critico\n|c|\u2606Pelotudinhos Clown|ye\n|l| Sppregaladog01\n|\n|t:|1701023858\n|move|p1a: Cachorr\u00e3o|Close Combat|p2a: Zarude Dadanstorm\n|-supereffective|p2a: Zarude Dadanstorm\n|-damage|p2a: Zarude Dadanstorm|2\/100\n|-unboost|p1a: Cachorr\u00e3o|def|1\n|-unboost|p1a: Cachorr\u00e3o|spd|1\n|move|p2a: Zarude Dadanstorm|Close Combat|p1a: Cachorr\u00e3o\n|-damage|p1a: Cachorr\u00e3o|0 fnt\n|-unboost|p2a: Zarude Dadanstorm|def|1\n|-unboost|p2a: Zarude Dadanstorm|spd|1\n|faint|p1a: Cachorr\u00e3o\n|\n|win|SilverKeith\n|c|\u2606Pelotudinhos Clown|ohh f\n|c| santysas|CINE\n|c|\u2606SilverKeith|g\n|c|\u2606Pelotudinhos Clown|GG\n|c| Ric94|f\n|c|\u2606SilverKeith|fucking\n|c|\u2606SilverKeith|f\n|c| Lucaslakd|Pecho frio\n|c|\u2606SilverKeith|g\n|c| zereffu|Ksi\n|l| Ric94\n|c| zereffu|Lo dejaste boostear mucho\n|c|\u2606SilverKeith|CINEEEEEE\n|c| Lucaslakd|Menos mal asi silver no me mataba\n|c|\u2606SilverKeith|CINEEEEEEEE\n|c|\u2606SilverKeith|SEXOOOOO\n|c|\u2606SilverKeith|INVICTO\n|c|\u2606Pelotudinhos Clown|hahah\n|c|\u2606SilverKeith|PARA TODOS LOS QUE NO CREIAN\n|c| Lucaslakd|Era shell smash mucho antes\n|c|\u2606Pelotudinhos Clown|tbh lo dej\u00e9 boostearse porque no sab\u00eda que se curaba\n|c| Lucaslakd|Apenas se empezo a boostear\n|j| Sppregaladog01\n|c|\u2606Pelotudinhos Clown|skill issue\n|c| zereffu|Al primer boost\n|l| Sppregaladog01\n|c| Lucaslakd|Bueno gg nomas queda una pelea\n|c| zereffu|Luego era especular si ten\u00eda golpe bajo y bajarle el ataque con stregh zap\n|c| zereffu|Pero gg a ambos igual\n|c|\u2606Pelotudinhos Clown|al primer boost ya no lo bajaba de 1 y luego me mataba\n|c|\u2606Pelotudinhos Clown|lo calcul\u00e9 (?\n|l| zereffu\n|c| Lucaslakd|Si pero  no era eso\n|c|\u2606Pelotudinhos Clown|ah no ser que no llevara nada de stats defensivos\n|c| Lucaslakd|Era o bajarle toda la vida con tera blast\n|c| Lucaslakd|O te mataba y entraba zamazenta free\n|c| Lucaslakd|Y ah\u00ed lo matabas con close combat si \u00e9l no tiene boost\n|c|\u2606Pelotudinhos Clown|igual mi fallo fue el s\u00edntesis :c\n|c| Lucaslakd|Ta bien, yo tuve  una derrota peor(?\n|c| Lucaslakd|Silver invicto cine\n|c| Lucaslakd|Gg yo sigo practicando\n|l| Lucaslakd\n|j| zereffu\n|l| Mr Graecus\n|j| Mr Graecus\n|l| Mr Graecus\n|l|\u2606Pelotudinhos Clown\n|l| zereffu\n|l| Liza_White\n|j| Liza_White\n|l| Juanjomaster\n|l| santysas\n|l| Liza_White\n","uploadtime":1701024184,"views":19,"p1id":"pelotudinhosclown","p2id":"silverkeith","formatid":"gen9nationaldexubers","rating":0,"private":0,"password":""}