{"id":"gen9nationaldexubers-1978086239","p1":"k4ney","p2":"talalcht","format":"[Gen 9] National Dex Ubers","log":"|j|\u2606k4ney\n|j|\u2606talalcht\n|t:|1698497267\n|gametype|singles\n|player|p1|k4ney|102|1316\n|player|p2|talalcht|palmer|1262\n|teamsize|p1|6\n|teamsize|p2|6\n|gen|9\n|tier|[Gen 9] National Dex Ubers\n|rated|\n|rule|HP Percentage Mod: HP is shown in percentages\n|rule|Endless Battle Clause: Forcing endless battles is banned\n|rule|OHKO Clause: OHKO moves are banned\n|rule|Evasion Moves Clause: Evasion moves are banned\n|rule|Evasion Items Clause: Evasion items are banned\n|rule|Species Clause: Limit one of each Pok\u00e9mon\n|rule|Sleep Clause Mod: Limit one foe put to sleep\n|rule|Mega Rayquaza Clause: You cannot mega evolve Rayquaza\n|clearpoke\n|poke|p1|Ogerpon-Hearthflame, F|\n|poke|p1|Smeargle, F|\n|poke|p1|Shaymin-Sky|\n|poke|p1|Marshadow|\n|poke|p1|Slurpuff, F|\n|poke|p1|Skeledirge, F|\n|poke|p2|Samurott-Hisui, M|\n|poke|p2|Lopunny, F|\n|poke|p2|Dragonite, M|\n|poke|p2|Volcarona, F|\n|poke|p2|Gholdengo|\n|poke|p2|Clodsire, F|\n|teampreview\n|inactive|Battle timer is ON: inactive players will automatically lose when time's up. (requested by k4ney)\n|\n|t:|1698497284\n|start\n|switch|p1a: Slurpuff|Slurpuff, F|100\/100\n|switch|p2a: Sure\ud83e\udd96|Clodsire, F|100\/100\n|turn|1\n|\n|t:|1698497292\n|move|p1a: Slurpuff|Yawn|p2a: Sure\ud83e\udd96\n|-start|p2a: Sure\ud83e\udd96|move: Yawn|[of] p1a: Slurpuff\n|move|p2a: Sure\ud83e\udd96|Toxic Spikes|p1a: Slurpuff\n|-sidestart|p1: k4ney|move: Toxic Spikes\n|\n|upkeep\n|turn|2\n|\n|t:|1698497301\n|switch|p2a: Sol\u2600|Volcarona, F|100\/100\n|move|p1a: Slurpuff|Sticky Web|p2a: Sol\u2600\n|-sidestart|p2: talalcht|move: Sticky Web\n|\n|upkeep\n|turn|3\n|\n|t:|1698497310\n|move|p2a: Sol\u2600|Quiver Dance|p2a: Sol\u2600\n|-boost|p2a: Sol\u2600|spa|1\n|-boost|p2a: Sol\u2600|spd|1\n|-boost|p2a: Sol\u2600|spe|1\n|move|p1a: Slurpuff|Yawn|p2a: Sol\u2600\n|-start|p2a: Sol\u2600|move: Yawn|[of] p1a: Slurpuff\n|\n|upkeep\n|turn|4\n|\n|t:|1698497321\n|switch|p2a: Oro\ud83e\udd47|Gholdengo|100\/100\n|-item|p2a: Oro\ud83e\udd47|Air Balloon\n|switch|p1a: Smeargle|Smeargle, F, shiny|100\/100\n|-status|p1a: Smeargle|psn\n|\n|-damage|p1a: Smeargle|88\/100 psn|[from] psn\n|-ability|p1a: Smeargle|Moody|boost\n|-boost|p1a: Smeargle|def|2\n|-unboost|p1a: Smeargle|spa|1\n|upkeep\n|turn|5\n|\n|t:|1698497348\n|switch|p1a: Slurpuff|Slurpuff, F|100\/100\n|-status|p1a: Slurpuff|psn\n|move|p2a: Oro\ud83e\udd47|Nasty Plot|p2a: Oro\ud83e\udd47\n|-boost|p2a: Oro\ud83e\udd47|spa|2\n|\n|-damage|p1a: Slurpuff|88\/100 psn|[from] psn\n|upkeep\n|turn|6\n|inactive|k4ney has 120 seconds left.\n|inactive|talalcht has 120 seconds left.\n|\n|t:|1698497371\n|move|p1a: Slurpuff|Aromatherapy|p1a: Slurpuff\n|-activate|p1a: Slurpuff|move: Aromatherapy\n|-curestatus|p1a: Slurpuff|psn|[msg]\n|-curestatus|p1: Smeargle|psn|[msg]\n|move|p2a: Oro\ud83e\udd47|Make It Rain|p1a: Slurpuff\n|-supereffective|p1a: Slurpuff\n|-damage|p1a: Slurpuff|0 fnt\n|-unboost|p2a: Oro\ud83e\udd47|spa|1\n|faint|p1a: Slurpuff\n|\n|upkeep\n|inactive|k4ney has 120 seconds left.\n|inactive|k4ney has 90 seconds left.\n|\n|t:|1698497420\n|switch|p1a: Skeledirge|Skeledirge, F|100\/100\n|-status|p1a: Skeledirge|psn\n|turn|7\n|inactive|talalcht has 120 seconds left.\n|\n|t:|1698497437\n|switch|p2a: Sure\ud83e\udd96|Clodsire, F|100\/100\n|-activate|p2a: Sure\ud83e\udd96|move: Sticky Web\n|-unboost|p2a: Sure\ud83e\udd96|spe|1\n|move|p1a: Skeledirge|Torch Song|p2a: Sure\ud83e\udd96\n|-damage|p2a: Sure\ud83e\udd96|79\/100\n|-boost|p1a: Skeledirge|spa|1\n|\n|-heal|p2a: Sure\ud83e\udd96|85\/100|[from] item: Leftovers\n|-damage|p1a: Skeledirge|88\/100 psn|[from] psn\n|upkeep\n|turn|8\n|inactive|k4ney has 90 seconds left.\n|inactive|talalcht has 120 seconds left.\n|inactive|k4ney has 60 seconds left.\n|inactive|k4ney has 30 seconds left.\n|inactive|k4ney has 20 seconds left.\n|inactive|k4ney has 15 seconds left.\n|inactive|k4ney has 10 seconds left.\n|inactive|k4ney has 5 seconds left.\n|-message|k4ney lost due to inactivity.\n|\n|win|talalcht\n|raw|k4ney's rating: 1316 &rarr; <strong>1293<\/strong><br \/>(-23 for losing)\n|raw|talalcht's rating: 1262 &rarr; <strong>1291<\/strong><br \/>(+29 for winning)\n","uploadtime":1698497537,"views":18,"p1id":"k4ney","p2id":"talalcht","formatid":"gen9nationaldexubers","rating":1291,"private":0,"password":""}