{"id":"gen9nationaldexubers-1978454787","p1":"loch2009","p2":"Tempt999999t","format":"[Gen 9] National Dex Ubers","log":"|j|\u2606loch2009\n|j|\u2606Tempt999999t\n|t:|1698541134\n|gametype|singles\n|player|p1|loch2009|cynthia-gen4|1252\n|player|p2|Tempt999999t|psychic-gen4|1380\n|teamsize|p1|6\n|teamsize|p2|6\n|gen|9\n|tier|[Gen 9] National Dex Ubers\n|rated|\n|rule|HP Percentage Mod: HP is shown in percentages\n|rule|Endless Battle Clause: Forcing endless battles is banned\n|rule|OHKO Clause: OHKO moves are banned\n|rule|Evasion Moves Clause: Evasion moves are banned\n|rule|Evasion Items Clause: Evasion items are banned\n|rule|Species Clause: Limit one of each Pok\u00e9mon\n|rule|Sleep Clause Mod: Limit one foe put to sleep\n|rule|Mega Rayquaza Clause: You cannot mega evolve Rayquaza\n|clearpoke\n|poke|p1|Alakazam, F|\n|poke|p1|Tapu Fini|\n|poke|p1|Xurkitree|\n|poke|p1|Darmanitan-Galar, F|\n|poke|p1|Genesect|\n|poke|p1|Slurpuff, F|\n|poke|p2|Necrozma-Dusk-Mane|\n|poke|p2|Dracovish|\n|poke|p2|Groudon|\n|poke|p2|Xerneas-*|\n|poke|p2|Yveltal|\n|poke|p2|Marshadow|\n|teampreview\n|\n|t:|1698541150\n|start\n|switch|p1a: Slurpuff|Slurpuff, F|100\/100\n|switch|p2a: Obsidian|Groudon, shiny|100\/100\n|detailschange|p2a: Obsidian|Groudon-Primal, shiny\n|-primal|p2a: Obsidian|Red Orb\n|-weather|DesolateLand|[from] ability: Desolate Land|[of] p2a: Obsidian\n|turn|1\n|inactive|Battle timer is ON: inactive players will automatically lose when time's up. (requested by Tempt999999t)\n|\n|t:|1698541167\n|move|p1a: Slurpuff|Yawn|p2a: Obsidian\n|-start|p2a: Obsidian|move: Yawn|[of] p1a: Slurpuff\n|move|p2a: Obsidian|Heat Crash|p1a: Slurpuff\n|-enditem|p1a: Slurpuff|Focus Sash\n|-damage|p1a: Slurpuff|1\/100\n|\n|-weather|DesolateLand|[upkeep]\n|upkeep\n|turn|2\n|c|\u2606loch2009|cant name yourself after temp then use a team like that man\n|l|\u2606Tempt999999t\n|inactive|Tempt999999t disconnected and has a minute to reconnect!\n|player|p2|\n|inactive|Tempt999999t has 30 seconds to reconnect!\n|inactive|Tempt999999t has 20 seconds to reconnect!\n|inactive|Tempt999999t has 15 seconds to reconnect!\n|inactive|Tempt999999t has 10 seconds to reconnect!\n|inactive|Tempt999999t has 5 seconds to reconnect!\n|-message|Tempt999999t lost due to inactivity.\n|\n|win|loch2009\n|raw|loch2009's rating: 1252 &rarr; <strong>1284<\/strong><br \/>(+32 for winning)\n|raw|Tempt999999t's rating: 1354 &rarr; <strong>1328<\/strong><br \/>(-26 for losing)\n","uploadtime":1698541256,"views":7,"p1id":"loch2009","p2id":"tempt999999t","formatid":"gen9nationaldexubers","rating":1284,"private":0,"password":""}