{"id":"gen9nationaldexubers-1999531682","p1":"700club","p2":"QuirkyWaves","format":"[Gen 9] National Dex Ubers","log":"|j|\u2606700club\n|j|\u2606QuirkyWaves\n|t:|1701093204\n|gametype|singles\n|player|p1|700club|shadowtriad|1272\n|player|p2|QuirkyWaves|teamrocket|1175\n|teamsize|p1|6\n|teamsize|p2|6\n|gen|9\n|tier|[Gen 9] National Dex Ubers\n|rated|\n|rule|HP Percentage Mod: HP is shown in percentages\n|rule|Endless Battle Clause: Forcing endless battles is banned\n|rule|OHKO Clause: OHKO moves are banned\n|rule|Evasion Moves Clause: Evasion moves are banned\n|rule|Evasion Items Clause: Evasion items are banned\n|rule|Species Clause: Limit one of each Pok\u00e9mon\n|rule|Sleep Clause Mod: Limit one foe put to sleep\n|rule|Mega Rayquaza Clause: You cannot mega evolve Rayquaza\n|clearpoke\n|poke|p1|Ogerpon-Hearthflame, F|\n|poke|p1|Ditto|\n|poke|p1|Deoxys-Speed|\n|poke|p1|Mewtwo|\n|poke|p1|Necrozma-Dusk-Mane|\n|poke|p1|Enamorus, F|\n|poke|p2|Iron Hands|\n|poke|p2|Dragapult, M|\n|poke|p2|Mewtwo|\n|poke|p2|Genesect-Douse|\n|poke|p2|Gallade, M|\n|poke|p2|Dracovish|\n|teampreview\n|inactive|Battle timer is ON: inactive players will automatically lose when time's up. (requested by QuirkyWaves)\n|c|\u2606700club|hi\n|\n|t:|1701093226\n|start\n|switch|p1a: Deoxys|Deoxys-Speed|100\/100\n|switch|p2a: Dragapult|Dragapult, M, shiny|100\/100\n|-ability|p1a: Deoxys|Pressure\n|turn|1\n|\n|t:|1701093245\n|move|p1a: Deoxys|Taunt|p2a: Dragapult\n|-start|p2a: Dragapult|move: Taunt\n|move|p2a: Dragapult|Shadow Ball|p1a: Deoxys\n|-supereffective|p1a: Deoxys\n|-damage|p1a: Deoxys|36\/100\n|\n|upkeep\n|turn|2\n|\n|t:|1701093252\n|move|p1a: Deoxys|Stealth Rock|p2a: Dragapult\n|-sidestart|p2: QuirkyWaves|move: Stealth Rock\n|move|p2a: Dragapult|Shadow Ball|p1a: Deoxys\n|-supereffective|p1a: Deoxys\n|-damage|p1a: Deoxys|0 fnt\n|faint|p1a: Deoxys\n|\n|upkeep\n|inactive|700club has 120 seconds left.\n|\n|t:|1701093288\n|switch|p1a: Ditto|Ditto|100\/100\n|-transform|p1a: Ditto|p2a: Dragapult|[from] ability: Imposter\n|turn|3\n|\n|t:|1701093310\n|move|p1a: Ditto|Dragon Darts|p2a: Dragapult\n|-supereffective|p2a: Dragapult\n|-damage|p2a: Dragapult|12\/100\n|-anim|p1a: Ditto|Dragon Darts|p2a: Dragapult\n|-supereffective|p2a: Dragapult\n|-damage|p2a: Dragapult|0 fnt\n|faint|p2a: Dragapult\n|\n|upkeep\n|\n|t:|1701093318\n|switch|p2a: Iron Hands|Iron Hands, shiny|100\/100\n|-damage|p2a: Iron Hands|94\/100|[from] Stealth Rock\n|turn|4\n|\n|t:|1701093337\n|switch|p1a: Necrozma|Necrozma-Dusk-Mane|100\/100\n|move|p2a: Iron Hands|Belly Drum|p2a: Iron Hands\n|-damage|p2a: Iron Hands|44\/100\n|-setboost|p2a: Iron Hands|atk|6|[from] move: Belly Drum\n|\n|upkeep\n|turn|5\n|\n|t:|1701093345\n|detailschange|p1a: Necrozma|Necrozma-Ultra\n|-burst|p1a: Necrozma|Necrozma|Ultranecrozium Z\n|move|p1a: Necrozma|Earthquake|p2a: Iron Hands\n|-supereffective|p2a: Iron Hands\n|-damage|p2a: Iron Hands|0 fnt\n|faint|p2a: Iron Hands\n|-end|p2a: Iron Hands|Quark Drive|[silent]\n|\n|upkeep\n|-message|QuirkyWaves forfeited.\n|\n|win|700club\n|raw|700club's rating: 1272 &rarr; <strong>1290<\/strong><br \/>(+18 for winning)\n|raw|QuirkyWaves's rating: 1175 &rarr; <strong>1157<\/strong><br \/>(-18 for losing)\n|l|\u2606QuirkyWaves\n","uploadtime":1701093361,"views":3,"p1id":"700club","p2id":"quirkywaves","formatid":"gen9nationaldexubers","rating":1157,"private":0,"password":""}