{"id":"gen9nationaldexubers-1988871625","p1":"TRYHARDERIDONTLOSE","p2":"wdymthenameisthere","format":"[Gen 9] National Dex Ubers","log":"|j|\u2606TRYHARDERIDONTLOSE\n|j|\u2606wdymthenameisthere\n|t:|1699778068\n|gametype|singles\n|player|p1|TRYHARDERIDONTLOSE|cyclist|1056\n|player|p2|wdymthenameisthere|volkner|1054\n|teamsize|p1|6\n|teamsize|p2|6\n|gen|9\n|tier|[Gen 9] National Dex Ubers\n|rated|\n|rule|HP Percentage Mod: HP is shown in percentages\n|rule|Endless Battle Clause: Forcing endless battles is banned\n|rule|OHKO Clause: OHKO moves are banned\n|rule|Evasion Moves Clause: Evasion moves are banned\n|rule|Evasion Items Clause: Evasion items are banned\n|rule|Species Clause: Limit one of each Pok\u00e9mon\n|rule|Sleep Clause Mod: Limit one foe put to sleep\n|rule|Mega Rayquaza Clause: You cannot mega evolve Rayquaza\n|clearpoke\n|poke|p1|Charizard, F|\n|poke|p1|Gengar, M|\n|poke|p1|Moltres|\n|poke|p1|Gyarados, F|\n|poke|p1|Dragonite, M|\n|poke|p1|Mewtwo|\n|poke|p2|Aegislash, M|\n|poke|p2|Dracovish|\n|poke|p2|Kyogre|\n|poke|p2|Melmetal|\n|poke|p2|Calyrex-Ice|\n|poke|p2|Baxcalibur, M|\n|teampreview\n|\n|t:|1699778075\n|start\n|switch|p1a: Gengar|Gengar, M|100\/100\n|switch|p2a: Dracovish|Dracovish|100\/100\n|turn|1\n|\n|t:|1699778081\n|move|p2a: Dracovish|Zen Headbutt|p1a: Gengar\n|-supereffective|p1a: Gengar\n|-damage|p1a: Gengar|9\/100\n|cant|p1a: Gengar|flinch\n|\n|upkeep\n|turn|2\n|-message|TRYHARDERIDONTLOSE forfeited.\n|\n|win|wdymthenameisthere\n|raw|TRYHARDERIDONTLOSE's rating: 1056 &rarr; <strong>1037<\/strong><br \/>(-19 for losing)\n|raw|wdymthenameisthere's rating: 1054 &rarr; <strong>1086<\/strong><br \/>(+32 for winning)\n|l|\u2606TRYHARDERIDONTLOSE\n","uploadtime":1699778099,"views":6,"p1id":"tryharderidontlose","p2id":"wdymthenameisthere","formatid":"gen9nationaldexubers","rating":1037,"private":0,"password":""}