{"id":"gen9nationaldexubers-1990038304","p1":"badatgameplsbenice","p2":"sc00bes","format":"[Gen 9] National Dex Ubers","log":"|j|\u2606badatgameplsbenice\n|j|\u2606sc00bes\n|t:|1699917919\n|gametype|singles\n|player|p1|badatgameplsbenice|backersf|1212\n|player|p2|sc00bes|hugh|1136\n|teamsize|p1|6\n|teamsize|p2|6\n|gen|9\n|tier|[Gen 9] National Dex Ubers\n|rated|\n|rule|HP Percentage Mod: HP is shown in percentages\n|rule|Endless Battle Clause: Forcing endless battles is banned\n|rule|OHKO Clause: OHKO moves are banned\n|rule|Evasion Moves Clause: Evasion moves are banned\n|rule|Evasion Items Clause: Evasion items are banned\n|rule|Species Clause: Limit one of each Pok\u00e9mon\n|rule|Sleep Clause Mod: Limit one foe put to sleep\n|rule|Mega Rayquaza Clause: You cannot mega evolve Rayquaza\n|clearpoke\n|poke|p1|Groudon|\n|poke|p1|Xerneas-*|\n|poke|p1|Necrozma-Dusk-Mane|\n|poke|p1|Kingambit, F|\n|poke|p1|Zacian-*|\n|poke|p1|Arceus|\n|poke|p2|Kyogre|\n|poke|p2|Zeraora|\n|poke|p2|Palafin, F|\n|poke|p2|Kommo-o, M|\n|poke|p2|Lucario, F|\n|poke|p2|Garchomp, F|\n|teampreview\n|inactive|Battle timer is ON: inactive players will automatically lose when time's up. (requested by badatgameplsbenice)\n|c|\u2606sc00bes|wait a minute\n|c|\u2606sc00bes|i fought you\n|c|\u2606sc00bes|also\n|c|\u2606badatgameplsbenice|yeah probally\n|c|\u2606sc00bes|why the legend spam?\n|inactive|badatgameplsbenice has 120 seconds left.\n|c|\u2606badatgameplsbenice|very fun\n|\n|t:|1699917956\n|start\n|switch|p1a: Groudon|Groudon|100\/100\n|switch|p2a: Palafin|Palafin, F, shiny|100\/100\n|detailschange|p1a: Groudon|Groudon-Primal\n|-primal|p1a: Groudon|Red Orb\n|-weather|DesolateLand|[from] ability: Desolate Land|[of] p1a: Groudon\n|turn|1\n|c|\u2606badatgameplsbenice|also best way to win\n|c|\u2606badatgameplsbenice|its a bad team but it can catch people off gaurd\n|inactive|badatgameplsbenice has 120 seconds left.\n|c|\u2606sc00bes|making a creative and cool team is fun and can be really good\n|\n|t:|1699917994\n|move|p2a: Palafin|Jet Punch||[still]\n|-fail|p2a: Palafin|Jet Punch|[from] Desolate Land\n|move|p1a: Groudon|Swords Dance|p1a: Groudon\n|-boost|p1a: Groudon|atk|2\n|\n|-weather|DesolateLand|[upkeep]\n|upkeep\n|turn|2\n|\n|t:|1699917999\n|move|p2a: Palafin|Jet Punch||[still]\n|-fail|p2a: Palafin|Jet Punch|[from] Desolate Land\n|move|p1a: Groudon|Rock Polish|p1a: Groudon\n|-boost|p1a: Groudon|spe|2\n|\n|-weather|DesolateLand|[upkeep]\n|upkeep\n|turn|3\n|c|\u2606badatgameplsbenice|i have those dw\n|\n|t:|1699918006\n|move|p2a: Palafin|Jet Punch||[still]\n|-fail|p2a: Palafin|Jet Punch|[from] Desolate Land\n|move|p1a: Groudon|Heat Crash|p2a: Palafin\n|-resisted|p2a: Palafin\n|-damage|p2a: Palafin|0 fnt\n|faint|p2a: Palafin\n|\n|-weather|DesolateLand|[upkeep]\n|upkeep\n|c|\u2606sc00bes|excuse me?\n|c|\u2606sc00bes|\"Failed\"\n|c|\u2606sc00bes|why did it fail\n|c|\u2606badatgameplsbenice|intense sun\n|c|\u2606sc00bes|that wasnt a set up move\n|c|\u2606sc00bes|oh\n|c|\u2606sc00bes|bc\n|c|\u2606sc00bes|bs\n|\n|t:|1699918029\n|switch|p2a: Kyogre|Kyogre, shiny|100\/100\n|detailschange|p2a: Kyogre|Kyogre-Primal, shiny\n|-primal|p2a: Kyogre|Blue Orb\n|-weather|PrimordialSea|[from] ability: Primordial Sea|[of] p2a: Kyogre\n|turn|4\n|\n|t:|1699918034\n|move|p1a: Groudon|Earthquake|p2a: Kyogre\n|-damage|p2a: Kyogre|0 fnt\n|faint|p2a: Kyogre\n|-weather|none\n|\n|upkeep\n|n|!sc00bes|sc00bes\n|-message|sc00bes forfeited.\n|\n|win|badatgameplsbenice\n|raw|badatgameplsbenice's rating: 1212 &rarr; <strong>1232<\/strong><br \/>(+20 for winning)\n|raw|sc00bes's rating: 1136 &rarr; <strong>1116<\/strong><br \/>(-20 for losing)\n|l|!sc00bes\n","uploadtime":1699918041,"views":6,"p1id":"badatgameplsbenice","p2id":"sc00bes","formatid":"gen9nationaldexubers","rating":1116,"private":0,"password":""}