{"id":"gen9nationaldexubers-2000557309","p1":"Gtg g u2","p2":"Calista_Beautiful","format":"[Gen 9] National Dex Ubers","log":"|j|\u2606Gtg g u2\n|j|\u2606Calista_Beautiful\n|t:|1701205100\n|gametype|singles\n|player|p1|Gtg g u2|chase|1146\n|player|p2|Calista_Beautiful|caitlin-masters|1120\n|teamsize|p1|6\n|teamsize|p2|6\n|gen|9\n|tier|[Gen 9] National Dex Ubers\n|rated|\n|rule|HP Percentage Mod: HP is shown in percentages\n|rule|Endless Battle Clause: Forcing endless battles is banned\n|rule|OHKO Clause: OHKO moves are banned\n|rule|Evasion Moves Clause: Evasion moves are banned\n|rule|Evasion Items Clause: Evasion items are banned\n|rule|Species Clause: Limit one of each Pok\u00e9mon\n|rule|Sleep Clause Mod: Limit one foe put to sleep\n|rule|Mega Rayquaza Clause: You cannot mega evolve Rayquaza\n|clearpoke\n|poke|p1|Pikachu, M|\n|poke|p1|Kleavor, M|\n|poke|p1|Gengar, M|\n|poke|p1|Lucario, M|\n|poke|p1|Flygon, F|\n|poke|p1|Melmetal|\n|poke|p2|Ogerpon-Hearthflame, F|\n|poke|p2|Absol, M|\n|poke|p2|Umbreon, F|\n|poke|p2|Necrozma-Dawn-Wings|\n|poke|p2|Kyogre|\n|poke|p2|Xerneas-*|\n|teampreview\n|inactive|Battle timer is ON: inactive players will automatically lose when time's up. (requested by Gtg g u2)\n|\n|t:|1701205109\n|start\n|switch|p1a: Kleavor|Kleavor, M|100\/100\n|switch|p2a: Lunar Eclipse|Necrozma-Dawn-Wings|100\/100\n|turn|1\n|\n|t:|1701205112\n|detailschange|p2a: Lunar Eclipse|Necrozma-Ultra\n|-burst|p2a: Lunar Eclipse|Necrozma|Ultranecrozium Z\n|move|p2a: Lunar Eclipse|Photon Geyser|p1a: Kleavor\n|-damage|p1a: Kleavor|0 fnt\n|faint|p1a: Kleavor\n|\n|upkeep\n|\n|t:|1701205117\n|switch|p1a: Gengar|Gengar, M|100\/100\n|turn|2\n|\n|t:|1701205120\n|move|p1a: Gengar|Shadow Ball|p2a: Lunar Eclipse\n|-supereffective|p2a: Lunar Eclipse\n|-damage|p2a: Lunar Eclipse|26\/100\n|move|p2a: Lunar Eclipse|Photon Geyser|p1a: Gengar\n|-supereffective|p1a: Gengar\n|-enditem|p1a: Gengar|Focus Sash\n|-damage|p1a: Gengar|1\/100\n|\n|upkeep\n|turn|3\n|\n|t:|1701205126\n|move|p1a: Gengar|Shadow Ball|p2a: Lunar Eclipse\n|-supereffective|p2a: Lunar Eclipse\n|-damage|p2a: Lunar Eclipse|0 fnt\n|faint|p2a: Lunar Eclipse\n|\n|upkeep\n|\n|t:|1701205133\n|switch|p2a: Serenity|Xerneas|100\/100\n|-ability|p2a: Serenity|Fairy Aura\n|turn|4\n|\n|t:|1701205136\n|-terastallize|p2a: Serenity|Fairy\n|move|p1a: Gengar|Sludge Bomb|p2a: Serenity\n|-supereffective|p2a: Serenity\n|-damage|p2a: Serenity|26\/100\n|move|p2a: Serenity|Play Rough|p1a: Gengar\n|-resisted|p1a: Gengar\n|-damage|p1a: Gengar|0 fnt\n|faint|p1a: Gengar\n|\n|upkeep\n|\n|t:|1701205139\n|switch|p1a: Lucario|Lucario, M|100\/100\n|turn|5\n|-message|Calista_Beautiful forfeited.\n|\n|win|Gtg g u2\n|raw|Gtg g u2's rating: 1146 &rarr; <strong>1169<\/strong><br \/>(+23 for winning)\n|raw|Calista_Beautiful's rating: 1120 &rarr; <strong>1097<\/strong><br \/>(-23 for losing)\n|l|\u2606Calista_Beautiful\n","uploadtime":1701205145,"views":0,"p1id":"gtggu2","p2id":"calistabeautiful","formatid":"gen9nationaldexubers","rating":1097,"private":0,"password":""}