{"id":"gen9nationaldexubers-1990179548","p1":"SnakesAndCakes","p2":"AlastorTheOverlord","format":"[Gen 9] National Dex Ubers","log":"|j|\u2606SnakesAndCakes\n|j|\u2606AlastorTheOverlord\n|t:|1699933606\n|gametype|singles\n|player|p1|SnakesAndCakes|n|1069\n|player|p2|AlastorTheOverlord|n|1181\n|teamsize|p1|6\n|teamsize|p2|6\n|gen|9\n|tier|[Gen 9] National Dex Ubers\n|rated|\n|rule|HP Percentage Mod: HP is shown in percentages\n|rule|Endless Battle Clause: Forcing endless battles is banned\n|rule|OHKO Clause: OHKO moves are banned\n|rule|Evasion Moves Clause: Evasion moves are banned\n|rule|Evasion Items Clause: Evasion items are banned\n|rule|Species Clause: Limit one of each Pok\u00e9mon\n|rule|Sleep Clause Mod: Limit one foe put to sleep\n|rule|Mega Rayquaza Clause: You cannot mega evolve Rayquaza\n|clearpoke\n|poke|p1|Necrozma-Dusk-Mane|\n|poke|p1|Pheromosa|\n|poke|p1|Xurkitree|\n|poke|p1|Nihilego|\n|poke|p1|Naganadel|\n|poke|p1|Kartana|\n|poke|p2|Blastoise, M|\n|poke|p2|Galvantula, M|\n|poke|p2|Garganacl, M|\n|poke|p2|Scream Tail|\n|poke|p2|Dracovish|\n|poke|p2|Yveltal|\n|teampreview\n|inactive|Battle timer is ON: inactive players will automatically lose when time's up. (requested by AlastorTheOverlord)\n|\n|t:|1699933620\n|start\n|switch|p1a: Glass|Nihilego, shiny|100\/100\n|switch|p2a: Elektrotula|Galvantula, M, shiny|100\/100\n|turn|1\n|\n|t:|1699933637\n|switch|p1a: Obsididan|Necrozma-Dusk-Mane, shiny|100\/100\n|move|p2a: Elektrotula|Sticky Web|p1a: Obsididan\n|-sidestart|p1: SnakesAndCakes|move: Sticky Web\n|\n|upkeep\n|turn|2\n|\n|t:|1699933647\n|move|p2a: Elektrotula|Thunder|p1a: Obsididan\n|-damage|p1a: Obsididan|60\/100\n|-status|p1a: Obsididan|par\n|cant|p1a: Obsididan|par\n|\n|upkeep\n|turn|3\n|-message|SnakesAndCakes forfeited.\n|\n|win|AlastorTheOverlord\n|raw|SnakesAndCakes's rating: 1069 &rarr; <strong>1055<\/strong><br \/>(-14 for losing)\n|raw|AlastorTheOverlord's rating: 1181 &rarr; <strong>1198<\/strong><br \/>(+17 for winning)\n|l|\u2606SnakesAndCakes\n","uploadtime":1699933661,"views":10,"p1id":"snakesandcakes","p2id":"alastortheoverlord","formatid":"gen9nationaldexubers","rating":1055,"private":0,"password":""}