{"id":"gen9nationaldexubers-1985595034","p1":"GYM LEADER DAZY","p2":"KingoftheTitans","format":"[Gen 9] National Dex Ubers","log":"|j|\u2606GYM LEADER DAZY\n|j|\u2606KingoftheTitans\n|t:|1699387520\n|gametype|singles\n|player|p1|GYM LEADER DAZY|lady-gen4|1406\n|player|p2|KingoftheTitans|170|1357\n|teamsize|p1|6\n|teamsize|p2|6\n|gen|9\n|tier|[Gen 9] National Dex Ubers\n|rated|\n|rule|HP Percentage Mod: HP is shown in percentages\n|rule|Endless Battle Clause: Forcing endless battles is banned\n|rule|OHKO Clause: OHKO moves are banned\n|rule|Evasion Moves Clause: Evasion moves are banned\n|rule|Evasion Items Clause: Evasion items are banned\n|rule|Species Clause: Limit one of each Pok\u00e9mon\n|rule|Sleep Clause Mod: Limit one foe put to sleep\n|rule|Mega Rayquaza Clause: You cannot mega evolve Rayquaza\n|clearpoke\n|poke|p1|Chi-Yu|\n|poke|p1|Yveltal|\n|poke|p1|Darkrai|\n|poke|p1|Tyranitar, F|\n|poke|p1|Roaring Moon|\n|poke|p1|Kingambit, F|\n|poke|p2|Porygon-Z|\n|poke|p2|Metagross|\n|poke|p2|Iron Valiant|\n|poke|p2|Heatran, M|\n|poke|p2|Genesect|\n|poke|p2|Rotom-Wash|\n|teampreview\n|\n|t:|1699387529\n|start\n|switch|p1a: SLEEP BITCH!!!|Darkrai|100\/100\n|switch|p2a: Genesect|Genesect, shiny|100\/100\n|-ability|p2a: Genesect|Download|boost\n|-boost|p2a: Genesect|atk|1\n|turn|1\n|\n|t:|1699387535\n|move|p2a: Genesect|U-turn|p1a: SLEEP BITCH!!!\n|-supereffective|p1a: SLEEP BITCH!!!\n|-damage|p1a: SLEEP BITCH!!!|0 fnt\n|faint|p1a: SLEEP BITCH!!!\n|\n|t:|1699387539\n|switch|p2a: Metagross|Metagross|100\/100|[from] U-turn\n|\n|upkeep\n|\n|t:|1699387593\n|switch|p1a: DEATH!!!!|Yveltal|100\/100\n|-ability|p1a: DEATH!!!!|Dark Aura\n|turn|2\n|\n|t:|1699387603\n|detailschange|p2a: Metagross|Metagross-Mega\n|-mega|p2a: Metagross|Metagross|Metagrossite\n|move|p2a: Metagross|Ice Punch|p1a: DEATH!!!!\n|-supereffective|p1a: DEATH!!!!\n|-damage|p1a: DEATH!!!!|34\/100\n|-status|p1a: DEATH!!!!|frz\n|cant|p1a: DEATH!!!!|frz\n|\n|upkeep\n|turn|3\n|-message|GYM LEADER DAZY forfeited.\n|\n|win|KingoftheTitans\n|raw|GYM LEADER DAZY's rating: 1406 &rarr; <strong>1383<\/strong><br \/>(-23 for losing)\n|raw|KingoftheTitans's rating: 1357 &rarr; <strong>1380<\/strong><br \/>(+23 for winning)\n|l|\u2606GYM LEADER DAZY\n","uploadtime":1699387630,"views":6,"p1id":"gymleaderdazy","p2id":"kingofthetitans","formatid":"gen9nationaldexubers","rating":1380,"private":0,"password":""}