{"id":"gen9nationaldexubers-1995479612","p1":"aquiles meo","p2":"eslogann","format":"[Gen 9] National Dex Ubers","log":"|j|\u2606aquiles meo\n|j|\u2606eslogann\n|t:|1700575402\n|gametype|singles\n|player|p1|aquiles meo|ethan|1098\n|player|p2|eslogann|veteran|1134\n|teamsize|p1|6\n|teamsize|p2|6\n|gen|9\n|tier|[Gen 9] National Dex Ubers\n|rated|\n|rule|HP Percentage Mod: HP is shown in percentages\n|rule|Endless Battle Clause: Forcing endless battles is banned\n|rule|OHKO Clause: OHKO moves are banned\n|rule|Evasion Moves Clause: Evasion moves are banned\n|rule|Evasion Items Clause: Evasion items are banned\n|rule|Species Clause: Limit one of each Pok\u00e9mon\n|rule|Sleep Clause Mod: Limit one foe put to sleep\n|rule|Mega Rayquaza Clause: You cannot mega evolve Rayquaza\n|clearpoke\n|poke|p1|Jirachi|\n|poke|p1|Ho-Oh|\n|poke|p1|Rayquaza|\n|poke|p1|Pidgeot, M|\n|poke|p1|Lucario, M|\n|poke|p1|Luxray, M|\n|poke|p2|Annihilape, F|\n|poke|p2|Glimmora, M|\n|poke|p2|Meowscarada, M|\n|poke|p2|Skeledirge, M|\n|poke|p2|Pawmot, F|\n|poke|p2|Baxcalibur, F|\n|teampreview\n|inactive|Battle timer is ON: inactive players will automatically lose when time's up. (requested by eslogann)\n|\n|t:|1700575407\n|start\n|switch|p1a: Jirachi|Jirachi|100\/100\n|switch|p2a: Glimmora|Glimmora, M|100\/100\n|turn|1\n|\n|t:|1700575427\n|move|p1a: Jirachi|Doom Desire|p2a: Glimmora\n|-start|p1a: Jirachi|Doom Desire\n|move|p2a: Glimmora|Stealth Rock|p1a: Jirachi\n|-sidestart|p1: aquiles meo|move: Stealth Rock\n|\n|upkeep\n|turn|2\n|\n|t:|1700575436\n|switch|p2a: Skeledirge|Skeledirge, M|100\/100\n|move|p1a: Jirachi|Iron Head|p2a: Skeledirge\n|-resisted|p2a: Skeledirge\n|-damage|p2a: Skeledirge|90\/100\n|\n|upkeep\n|turn|3\n|inactive|aquiles meo has 120 seconds left.\n|\n|t:|1700575466\n|switch|p1a: Ho-Oh|Ho-Oh|100\/100\n|move|p2a: Skeledirge|Torch Song|p1a: Ho-Oh\n|-resisted|p1a: Ho-Oh\n|-damage|p1a: Ho-Oh|89\/100\n|-boost|p2a: Skeledirge|spa|1\n|\n|-end|p2a: Skeledirge|move: Doom Desire\n|-resisted|p2a: Skeledirge\n|-damage|p2a: Skeledirge|63\/100\n|upkeep\n|turn|4\n|inactive|aquiles meo has 120 seconds left.\n|\n|t:|1700575478\n|move|p1a: Ho-Oh|Earthquake|p2a: Skeledirge\n|-supereffective|p2a: Skeledirge\n|-damage|p2a: Skeledirge|13\/100\n|move|p2a: Skeledirge|Shadow Ball|p1a: Ho-Oh\n|-damage|p1a: Ho-Oh|54\/100\n|\n|upkeep\n|turn|5\n|-message|eslogann forfeited.\n|\n|win|aquiles meo\n|raw|aquiles meo's rating: 1098 &rarr; <strong>1126<\/strong><br \/>(+28 for winning)\n|raw|eslogann's rating: 1134 &rarr; <strong>1106<\/strong><br \/>(-28 for losing)\n|l|\u2606eslogann\n","uploadtime":1700575490,"views":0,"p1id":"aquilesmeo","p2id":"eslogann","formatid":"gen9nationaldexubers","rating":1106,"private":0,"password":""}