{"id":"gen9nationaldexubers-1985719485","p1":"vic_ketchum","p2":"Gayamore","format":"[Gen 9] National Dex Ubers","log":"|j|\u2606vic_ketchum\n|j|\u2606Gayamore\n|t:|1699399035\n|gametype|singles\n|player|p1|vic_ketchum|ash-kalos|1000\n|player|p2|Gayamore|cheryl|1000\n|teamsize|p1|6\n|teamsize|p2|1\n|gen|9\n|tier|[Gen 9] National Dex Ubers\n|rated|\n|rule|HP Percentage Mod: HP is shown in percentages\n|rule|Endless Battle Clause: Forcing endless battles is banned\n|rule|OHKO Clause: OHKO moves are banned\n|rule|Evasion Moves Clause: Evasion moves are banned\n|rule|Evasion Items Clause: Evasion items are banned\n|rule|Species Clause: Limit one of each Pok\u00e9mon\n|rule|Sleep Clause Mod: Limit one foe put to sleep\n|rule|Mega Rayquaza Clause: You cannot mega evolve Rayquaza\n|clearpoke\n|poke|p1|Mewtwo|\n|poke|p1|Pheromosa|\n|poke|p1|Deoxys|\n|poke|p1|Buzzwole|\n|poke|p1|Zoroark, M|\n|poke|p1|Scizor, M|\n|poke|p2|Calyrex-Ice|\n|teampreview\n|inactive|Battle timer is ON: inactive players will automatically lose when time's up. (requested by Gayamore)\n|\n|t:|1699399045\n|start\n|switch|p1a: XICOR|Scizor, M, shiny|100\/100\n|switch|p2a: Calyrex|Calyrex-Ice|100\/100\n|-ability|p2a: Calyrex|As One\n|-ability|p2a: Calyrex|Unnerve\n|turn|1\n|\n|t:|1699399061\n|move|p1a: XICOR|Swords Dance|p1a: XICOR\n|-boost|p1a: XICOR|atk|2\n|move|p2a: Calyrex|High Horsepower|p1a: XICOR\n|-damage|p1a: XICOR|65\/100\n|\n|upkeep\n|turn|2\n|\n|t:|1699399070\n|move|p1a: XICOR|Swords Dance|p1a: XICOR\n|-boost|p1a: XICOR|atk|2\n|move|p2a: Calyrex|Life Dew||[still]\n|-fail|p2a: Calyrex|heal\n|\n|upkeep\n|turn|3\n|\n|t:|1699399076\n|move|p1a: XICOR|Swords Dance|p1a: XICOR\n|-boost|p1a: XICOR|atk|2\n|move|p2a: Calyrex|High Horsepower|p1a: XICOR\n|-damage|p1a: XICOR|23\/100\n|\n|upkeep\n|turn|4\n|\n|t:|1699399086\n|move|p1a: XICOR|Close Combat|p2a: Calyrex\n|-damage|p2a: Calyrex|2\/100\n|-unboost|p1a: XICOR|def|1\n|-unboost|p1a: XICOR|spd|1\n|move|p2a: Calyrex|High Horsepower|p1a: XICOR\n|-damage|p1a: XICOR|0 fnt\n|faint|p1a: XICOR\n|-ability|p2a: Calyrex|Chilling Neigh|boost\n|-boost|p2a: Calyrex|atk|1\n|\n|upkeep\n|\n|t:|1699399096\n|switch|p1a: BROLY|Buzzwole, shiny|100\/100\n|turn|5\n|\n|t:|1699399105\n|move|p1a: BROLY|Outrage|p2a: Calyrex\n|-damage|p2a: Calyrex|0 fnt\n|faint|p2a: Calyrex\n|\n|win|vic_ketchum\n|raw|vic_ketchum's rating: 1000 &rarr; <strong>1040<\/strong><br \/>(+40 for winning)\n|raw|Gayamore's rating: 1000 &rarr; <strong>1000<\/strong><br \/>(+0 for losing)\n","uploadtime":1699399111,"views":5,"p1id":"vicketchum","p2id":"gayamore","formatid":"gen9nationaldexubers","rating":1000,"private":0,"password":""}