{"id":"gen9nationaldexubers-1994824124","p1":"0ther_S1de","p2":"700club","format":"[Gen 9] National Dex Ubers","log":"|j|\u26060ther_S1de\n|j|\u2606700club\n|t:|1700496179\n|gametype|singles\n|player|p1|0ther_S1de|korrina|1424\n|player|p2|700club|shadowtriad|1309\n|teamsize|p1|6\n|teamsize|p2|6\n|gen|9\n|tier|[Gen 9] National Dex Ubers\n|rated|\n|rule|HP Percentage Mod: HP is shown in percentages\n|rule|Endless Battle Clause: Forcing endless battles is banned\n|rule|OHKO Clause: OHKO moves are banned\n|rule|Evasion Moves Clause: Evasion moves are banned\n|rule|Evasion Items Clause: Evasion items are banned\n|rule|Species Clause: Limit one of each Pok\u00e9mon\n|rule|Sleep Clause Mod: Limit one foe put to sleep\n|rule|Mega Rayquaza Clause: You cannot mega evolve Rayquaza\n|clearpoke\n|poke|p1|Groudon|\n|poke|p1|Kyogre|\n|poke|p1|Salamence, M|\n|poke|p1|Marshadow|\n|poke|p1|Pheromosa|\n|poke|p1|Yveltal|\n|poke|p2|Ogerpon-Hearthflame, F|\n|poke|p2|Ditto|\n|poke|p2|Deoxys-Speed|\n|poke|p2|Mewtwo|\n|poke|p2|Necrozma-Dusk-Mane|\n|poke|p2|Groudon|\n|teampreview\n|c|\u2606700club|hi\n|\n|t:|1700496191\n|start\n|switch|p1a: Groudon|Groudon|100\/100\n|switch|p2a: Deoxys|Deoxys-Speed|100\/100\n|-ability|p2a: Deoxys|Pressure\n|detailschange|p1a: Groudon|Groudon-Primal\n|-primal|p1a: Groudon|Red Orb\n|-weather|DesolateLand|[from] ability: Desolate Land|[of] p1a: Groudon\n|turn|1\n|c|\u26060ther_S1de|yo\n|\n|t:|1700496200\n|move|p2a: Deoxys|Reflect|p2a: Deoxys\n|-sidestart|p2: 700club|Reflect\n|move|p1a: Groudon|Heat Crash|p2a: Deoxys\n|-damage|p2a: Deoxys|30\/100\n|\n|-weather|DesolateLand|[upkeep]\n|upkeep\n|turn|2\n|\n|t:|1700496205\n|move|p2a: Deoxys|Stealth Rock|p1a: Groudon\n|-sidestart|p1: 0ther_S1de|move: Stealth Rock\n|move|p1a: Groudon|Heat Crash|p2a: Deoxys\n|-damage|p2a: Deoxys|0 fnt\n|faint|p2a: Deoxys\n|\n|-weather|DesolateLand|[upkeep]\n|upkeep\n|\n|t:|1700496215\n|switch|p2a: Necrozma|Necrozma-Dusk-Mane|100\/100\n|turn|3\n|\n|t:|1700496233\n|detailschange|p2a: Necrozma|Necrozma-Ultra\n|-burst|p2a: Necrozma|Necrozma|Ultranecrozium Z\n|move|p2a: Necrozma|Dragon Dance|p2a: Necrozma\n|-boost|p2a: Necrozma|atk|1\n|-boost|p2a: Necrozma|spe|1\n|move|p1a: Groudon|Thunder Wave|p2a: Necrozma\n|-status|p2a: Necrozma|par\n|\n|-weather|DesolateLand|[upkeep]\n|upkeep\n|turn|4\n|\n|t:|1700496246\n|-weather|none\n|switch|p1a: Yveltal|Yveltal|100\/100\n|-ability|p1a: Yveltal|Dark Aura\n|-zpower|p2a: Necrozma\n|move|p2a: Necrozma|Light That Burns the Sky|p1a: Yveltal|[zeffect]\n|-immune|p1a: Yveltal\n|\n|upkeep\n|turn|5\n|c|\u2606700club|wp\n|c|\u26060ther_S1de|tyy\n|\n|t:|1700496263\n|move|p2a: Necrozma|Stone Edge|p1a: Yveltal\n|-supereffective|p1a: Yveltal\n|-damage|p1a: Yveltal|0 fnt\n|faint|p1a: Yveltal\n|\n|-sideend|p2: 700club|Reflect\n|upkeep\n|\n|t:|1700496270\n|switch|p1a: Kyogre|Kyogre|100\/100\n|-damage|p1a: Kyogre|88\/100|[from] Stealth Rock\n|detailschange|p1a: Kyogre|Kyogre-Primal\n|-primal|p1a: Kyogre|Blue Orb\n|-weather|PrimordialSea|[from] ability: Primordial Sea|[of] p1a: Kyogre\n|turn|6\n|\n|t:|1700496277\n|move|p2a: Necrozma|Photon Geyser|p1a: Kyogre\n|-damage|p1a: Kyogre|0 fnt\n|faint|p1a: Kyogre\n|-weather|none\n|\n|upkeep\n|c|\u26060ther_S1de|WAIT WHAT\n|c|\u26060ther_S1de|NO WAY THAT SHOULD DO THAT MUCH\n|c|\u26060ther_S1de|WHAT\n|c|\u2606700club|lol\n|c|\u26060ther_S1de|WAIT WAIT WAIT\n|c|\u26060ther_S1de|is photon psysical?\n|c|\u26060ther_S1de|or special\n|c|\u26060ther_S1de|i thot it was special\n|c|\u2606700club|sorry\n|c|\u2606700club|but i don't know\n|c|\u26060ther_S1de|no hover over it\n|\n|t:|1700496349\n|switch|p1a: Groudon|Groudon-Primal|100\/100\n|-damage|p1a: Groudon|88\/100|[from] Stealth Rock\n|-weather|DesolateLand|[from] ability: Desolate Land|[of] p1a: Groudon\n|turn|7\n|c|\u2606700club|necrozma is too weirs\n|c|\u2606700club|weird\n|c|\u26060ther_S1de|and see if it has the exploding symbol\n|c|\u26060ther_S1de|nah its special\n|c|\u26060ther_S1de|thats weird\n|c|\u2606700club|where am i supposed to see a symbol?\n|c|\u2606700club|oh right\n|c|\u26060ther_S1de|kyogre is max hp and special attacck\n|c|\u26060ther_S1de|Damn necrozma is crazy\n|c|\u26060ther_S1de|gg\n|-message|0ther_S1de forfeited.\n|\n|win|700club\n|raw|0ther_S1de's rating: 1424 &rarr; <strong>1399<\/strong><br \/>(-25 for losing)\n|raw|700club's rating: 1330 &rarr; <strong>1355<\/strong><br \/>(+25 for winning)\n|l|\u26060ther_S1de\n|c|\u2606700club|it says it's aa psysical attack if necrozma is physical so it's a little chet code lol\n","uploadtime":1700496506,"views":3,"p1id":"0thers1de","p2id":"700club","formatid":"gen9nationaldexubers","rating":1355,"private":0,"password":""}