{"id":"gen9nationaldexubers-1993090362","p1":"Charlie98554","p2":"GeorgiaEternatuss","format":"[Gen 9] National Dex Ubers","log":"|j|\u2606Charlie98554\n|j|\u2606GeorgiaEternatuss\n|t:|1700263608\n|gametype|singles\n|player|p1|Charlie98554|2|1226\n|player|p2|GeorgiaEternatuss|steven|1334\n|teamsize|p1|6\n|teamsize|p2|6\n|gen|9\n|tier|[Gen 9] National Dex Ubers\n|rated|\n|rule|HP Percentage Mod: HP is shown in percentages\n|rule|Endless Battle Clause: Forcing endless battles is banned\n|rule|OHKO Clause: OHKO moves are banned\n|rule|Evasion Moves Clause: Evasion moves are banned\n|rule|Evasion Items Clause: Evasion items are banned\n|rule|Species Clause: Limit one of each Pok\u00e9mon\n|rule|Sleep Clause Mod: Limit one foe put to sleep\n|rule|Mega Rayquaza Clause: You cannot mega evolve Rayquaza\n|clearpoke\n|poke|p1|Dugtrio, M|\n|poke|p1|Darmanitan-Galar, F|\n|poke|p1|Palafin, F|\n|poke|p1|Mew|\n|poke|p1|Zygarde|\n|poke|p1|Durant, F|\n|poke|p2|Xerneas-*|\n|poke|p2|Zapdos|\n|poke|p2|Umbreon, M|\n|poke|p2|Marshadow|\n|poke|p2|Diancie|\n|poke|p2|Celesteela|\n|teampreview\n|c|\u2606Charlie98554|glhf\n|\n|t:|1700263619\n|start\n|switch|p1a: Darmanitan|Darmanitan-Galar, F|100\/100\n|switch|p2a: Celesteela|Celesteela|100\/100\n|turn|1\n|\n|t:|1700263633\n|move|p1a: Darmanitan|Substitute|p1a: Darmanitan\n|-start|p1a: Darmanitan|Substitute\n|-damage|p1a: Darmanitan|75\/100\n|move|p2a: Celesteela|Autotomize|p2a: Celesteela\n|-boost|p2a: Celesteela|spe|2\n|-start|p2a: Celesteela|Autotomize\n|\n|-heal|p1a: Darmanitan|82\/100|[from] item: Leftovers\n|upkeep\n|turn|2\n|\n|t:|1700263644\n|move|p2a: Celesteela|Flash Cannon|p1a: Darmanitan\n|-supereffective|p1a: Darmanitan\n|-end|p1a: Darmanitan|Substitute\n|move|p1a: Darmanitan|Belly Drum|p1a: Darmanitan\n|-damage|p1a: Darmanitan|32\/100\n|-setboost|p1a: Darmanitan|atk|6|[from] move: Belly Drum\n|\n|-heal|p1a: Darmanitan|38\/100|[from] item: Leftovers\n|-formechange|p1a: Darmanitan|Darmanitan-Galar-Zen|\n|upkeep\n|turn|3\n|\n|t:|1700263659\n|move|p2a: Celesteela|Flash Cannon|p1a: Darmanitan\n|-damage|p1a: Darmanitan|0 fnt\n|faint|p1a: Darmanitan\n|-ability|p2a: Celesteela|Beast Boost|boost\n|-boost|p2a: Celesteela|spa|1\n|\n|upkeep\n|\n|t:|1700263674\n|switch|p1a: Mew|Mew|100\/100\n|turn|4\n|c|\u2606Charlie98554|!dt celesteela\n|raw|<div class=\"message\"><ul class=\"utilichart\"><li class=\"result\"><span class=\"col numcol\">UU<\/span> <span class=\"col iconcol\"><psicon pokemon=\"celesteela\"\/><\/span> <span class=\"col pokemonnamecol\" style=\"white-space:nowrap\"><a href=\"https:\/\/dex.pokemonshowdown.com\/pokemon\/celesteela\" target=\"_blank\">Celesteela<\/a><\/span> <span class=\"col typecol\"><img src=\"https:\/\/play.pokemonshowdown.com\/sprites\/types\/Steel.png\" alt=\"Steel\" height=\"14\" width=\"32\"><img src=\"https:\/\/play.pokemonshowdown.com\/sprites\/types\/Flying.png\" alt=\"Flying\" height=\"14\" width=\"32\"><\/span> <span style=\"float:left;min-height:26px\"><span class=\"col abilitycol\">Beast Boost<\/span><span class=\"col abilitycol\"><\/span><\/span><span style=\"float:left;min-height:26px\"><span class=\"col statcol\"><em>HP<\/em><br \/>97<\/span> <span class=\"col statcol\"><em>Atk<\/em><br \/>101<\/span> <span class=\"col statcol\"><em>Def<\/em><br \/>103<\/span> <span class=\"col statcol\"><em>SpA<\/em><br \/>107<\/span> <span class=\"col statcol\"><em>SpD<\/em><br \/>101<\/span> <span class=\"col statcol\"><em>Spe<\/em><br \/>61<\/span> <span class=\"col bstcol\"><em>BST<br \/>570<\/em><\/span> <\/span><\/li><li style=\"clear:both\"><\/li><\/ul><\/div>\n|raw|<font size=\"1\"><font color=\"#686868\">Dex#:<\/font> 797&nbsp;|&ThickSpace;<font color=\"#686868\">Gen:<\/font> 7&nbsp;|&ThickSpace;<font color=\"#686868\">Height:<\/font> 9.2 m&nbsp;|&ThickSpace;<font color=\"#686868\">Weight:<\/font> 999.9 kg <em>(120 BP)<\/em>&nbsp;|&ThickSpace;<font color=\"#686868\">Dex Colour:<\/font> Green&nbsp;|&ThickSpace;<font color=\"#686868\">Egg Group(s):<\/font> Undiscovered&nbsp;|&ThickSpace;<font color=\"#686868\">Does Not Evolve<\/font><\/font>\n\n|\n|t:|1700263686\n|move|p2a: Celesteela|Flash Cannon|p1a: Mew\n|-damage|p1a: Mew|59\/100\n|move|p1a: Mew|Transform|p2a: Celesteela\n|-transform|p1a: Mew|p2a: Celesteela\n|\n|-heal|p1a: Mew|65\/100|[from] item: Leftovers\n|upkeep\n|turn|5\n|\n|t:|1700263702\n|move|p2a: Celesteela|Fire Blast|p1a: Mew\n|-supereffective|p1a: Mew\n|-damage|p1a: Mew|0 fnt\n|faint|p1a: Mew\n|-ability|p2a: Celesteela|Beast Boost|boost\n|-boost|p2a: Celesteela|spa|1\n|\n|upkeep\n|\n|t:|1700263711\n|switch|p1a: Durant|Durant, F|100\/100\n|turn|6\n|\n|t:|1700263717\n|move|p1a: Durant|Entrainment|p2a: Celesteela\n|-endability|p2a: Celesteela|Beast Boost|[from] move: Entrainment\n|-ability|p2a: Celesteela|Truant|[from] move: Entrainment\n|move|p2a: Celesteela|Fire Blast|p1a: Durant|[miss]\n|-miss|p2a: Celesteela|p1a: Durant\n|\n|upkeep\n|turn|7\n|\n|t:|1700263725\n|switch|p1a: Dugtrio|Dugtrio, M|100\/100\n|cant|p2a: Celesteela|ability: Truant\n|\n|upkeep\n|turn|8\n|\n|t:|1700263732\n|move|p1a: Dugtrio|Protect|p1a: Dugtrio\n|-singleturn|p1a: Dugtrio|Protect\n|move|p2a: Celesteela|Flash Cannon|p1a: Dugtrio\n|-activate|p1a: Dugtrio|move: Protect\n|\n|upkeep\n|turn|9\n|\n|t:|1700263738\n|cant|p2a: Celesteela|ability: Truant\n|move|p1a: Dugtrio|Curse|p1a: Dugtrio\n|-unboost|p1a: Dugtrio|spe|1\n|-boost|p1a: Dugtrio|atk|1\n|-boost|p1a: Dugtrio|def|1\n|\n|upkeep\n|turn|10\n|\n|t:|1700263765\n|move|p1a: Dugtrio|Protect|p1a: Dugtrio\n|-singleturn|p1a: Dugtrio|Protect\n|move|p2a: Celesteela|Autotomize|p2a: Celesteela\n|-boost|p2a: Celesteela|spe|2\n|-start|p2a: Celesteela|Autotomize\n|\n|upkeep\n|turn|11\n|inactive|Battle timer is ON: inactive players will automatically lose when time's up. (requested by Charlie98554)\n|\n|t:|1700263780\n|switch|p2a: Zapdos|Zapdos|100\/100\n|move|p1a: Dugtrio|Agility|p1a: Dugtrio\n|-boost|p1a: Dugtrio|spe|2\n|\n|upkeep\n|turn|12\n|-message|Charlie98554 forfeited.\n|\n|win|GeorgiaEternatuss\n|raw|Charlie98554's rating: 1226 &rarr; <strong>1209<\/strong><br \/>(-17 for losing)\n|raw|GeorgiaEternatuss's rating: 1334 &rarr; <strong>1348<\/strong><br \/>(+14 for winning)\n|l|\u2606Charlie98554\n","uploadtime":1700263793,"views":12,"p1id":"charlie98554","p2id":"georgiaeternatuss","formatid":"gen9nationaldexubers","rating":1209,"private":0,"password":""}