{"id":"gen9nationaldexubers-1981556760","p1":"PSYCH0-MODE\ufe0f","p2":"geleceh","format":"[Gen 9] National Dex Ubers","log":"|j|\u2606PSYCH0-MODE\ufe0f\n|j|\u2606geleceh\n|t:|1698917838\n|gametype|singles\n|player|p1|PSYCH0-MODE\ufe0f|sabrina|1142\n|player|p2|geleceh|rocketgrunt|1160\n|teamsize|p1|6\n|teamsize|p2|6\n|gen|9\n|tier|[Gen 9] National Dex Ubers\n|rated|\n|rule|HP Percentage Mod: HP is shown in percentages\n|rule|Endless Battle Clause: Forcing endless battles is banned\n|rule|OHKO Clause: OHKO moves are banned\n|rule|Evasion Moves Clause: Evasion moves are banned\n|rule|Evasion Items Clause: Evasion items are banned\n|rule|Species Clause: Limit one of each Pok\u00e9mon\n|rule|Sleep Clause Mod: Limit one foe put to sleep\n|rule|Mega Rayquaza Clause: You cannot mega evolve Rayquaza\n|clearpoke\n|poke|p1|Mew|\n|poke|p1|Articuno-Galar|\n|poke|p1|Munkidori, M|\n|poke|p1|Indeedee, M|\n|poke|p1|Necrozma-Dawn-Wings|\n|poke|p1|Alakazam, M|\n|poke|p2|Maushold|\n|poke|p2|Cinccino, M|\n|poke|p2|Cloyster, F|\n|poke|p2|Ambipom, F|\n|poke|p2|Toucannon, F|\n|poke|p2|Smeargle, F|\n|teampreview\n|inactive|Battle timer is ON: inactive players will automatically lose when time's up. (requested by geleceh)\n|\n|t:|1698917861\n|start\n|switch|p1a: \ud83c\udf0c\ud83d\udd2eINDEEDEE\ud83d\udd2e\ud83c\udf0c|Indeedee, M|100\/100\n|switch|p2a: Smeargle|Smeargle, F|100\/100\n|-fieldstart|move: Psychic Terrain|[from] ability: Psychic Surge|[of] p1a: \ud83c\udf0c\ud83d\udd2eINDEEDEE\ud83d\udd2e\ud83c\udf0c\n|turn|1\n|inactive|geleceh has 120 seconds left.\n|\n|t:|1698917896\n|switch|p1a: \ud83c\udf0c\ud83d\udd2eALAKAZAM\ud83d\udd2e\ud83c\udf0c|Alakazam, M, shiny|100\/100\n|move|p2a: Smeargle|Protect||[still]\n|-fail|p2a: Smeargle\n|\n|-ability|p2a: Smeargle|Moody|boost\n|-boost|p2a: Smeargle|def|2\n|-unboost|p2a: Smeargle|spd|1\n|upkeep\n|turn|2\n|\n|t:|1698917908\n|detailschange|p1a: \ud83c\udf0c\ud83d\udd2eALAKAZAM\ud83d\udd2e\ud83c\udf0c|Alakazam-Mega, M, shiny\n|-mega|p1a: \ud83c\udf0c\ud83d\udd2eALAKAZAM\ud83d\udd2e\ud83c\udf0c|Alakazam|Alakazite\n|-ability|p1a: \ud83c\udf0c\ud83d\udd2eALAKAZAM\ud83d\udd2e\ud83c\udf0c|Moody|[from] ability: Trace|[of] p2a: Smeargle\n|move|p1a: \ud83c\udf0c\ud83d\udd2eALAKAZAM\ud83d\udd2e\ud83c\udf0c|Psychic|p2a: Smeargle\n|-damage|p2a: Smeargle|0 fnt\n|faint|p2a: Smeargle\n|\n|-ability|p1a: \ud83c\udf0c\ud83d\udd2eALAKAZAM\ud83d\udd2e\ud83c\udf0c|Moody|boost\n|-boost|p1a: \ud83c\udf0c\ud83d\udd2eALAKAZAM\ud83d\udd2e\ud83c\udf0c|spa|2\n|-unboost|p1a: \ud83c\udf0c\ud83d\udd2eALAKAZAM\ud83d\udd2e\ud83c\udf0c|def|1\n|upkeep\n|\n|t:|1698917923\n|switch|p2a: Ambipom|Ambipom, F|100\/100\n|turn|3\n|\n|t:|1698917927\n|move|p2a: Ambipom|Fake Out|p1a: \ud83c\udf0c\ud83d\udd2eALAKAZAM\ud83d\udd2e\ud83c\udf0c\n|-activate|p1a: \ud83c\udf0c\ud83d\udd2eALAKAZAM\ud83d\udd2e\ud83c\udf0c|move: Psychic Terrain\n|move|p1a: \ud83c\udf0c\ud83d\udd2eALAKAZAM\ud83d\udd2e\ud83c\udf0c|Psychic|p2a: Ambipom\n|-damage|p2a: Ambipom|0 fnt\n|faint|p2a: Ambipom\n|\n|-ability|p1a: \ud83c\udf0c\ud83d\udd2eALAKAZAM\ud83d\udd2e\ud83c\udf0c|Moody|boost\n|-boost|p1a: \ud83c\udf0c\ud83d\udd2eALAKAZAM\ud83d\udd2e\ud83c\udf0c|atk|2\n|-unboost|p1a: \ud83c\udf0c\ud83d\udd2eALAKAZAM\ud83d\udd2e\ud83c\udf0c|spa|1\n|upkeep\n|\n|t:|1698917937\n|switch|p2a: Cinccino|Cinccino, M|100\/100\n|turn|4\n|\n|t:|1698917942\n|move|p1a: \ud83c\udf0c\ud83d\udd2eALAKAZAM\ud83d\udd2e\ud83c\udf0c|Psychic|p2a: Cinccino\n|-damage|p2a: Cinccino|0 fnt\n|faint|p2a: Cinccino\n|\n|-ability|p1a: \ud83c\udf0c\ud83d\udd2eALAKAZAM\ud83d\udd2e\ud83c\udf0c|Moody|boost\n|-boost|p1a: \ud83c\udf0c\ud83d\udd2eALAKAZAM\ud83d\udd2e\ud83c\udf0c|spe|2\n|-unboost|p1a: \ud83c\udf0c\ud83d\udd2eALAKAZAM\ud83d\udd2e\ud83c\udf0c|def|1\n|upkeep\n|inactive|geleceh has 120 seconds left.\n|-message|geleceh forfeited.\n|\n|win|PSYCH0-MODE\ufe0f\n|raw|PSYCH0-MODE\ufe0f's rating: 1142 &rarr; <strong>1166<\/strong><br \/>(+24 for winning)\n|raw|geleceh's rating: 1127 &rarr; <strong>1103<\/strong><br \/>(-24 for losing)\n|l|\u2606geleceh\n","uploadtime":1698918245,"views":6,"p1id":"psych0mode","p2id":"geleceh","formatid":"gen9nationaldexubers","rating":1103,"private":0,"password":""}