{"id":"gen9nationaldexubers-1993073858","p1":"Kdisue","p2":"JesterPennetrqte","format":"[Gen 9] National Dex Ubers","log":"|j|\u2606Kdisue\n|j|\u2606JesterPennetrqte\n|t:|1700261765\n|gametype|singles\n|player|p1|Kdisue|265|1114\n|player|p2|JesterPennetrqte|emmet|1102\n|teamsize|p1|6\n|teamsize|p2|6\n|gen|9\n|tier|[Gen 9] National Dex Ubers\n|rated|\n|rule|HP Percentage Mod: HP is shown in percentages\n|rule|Endless Battle Clause: Forcing endless battles is banned\n|rule|OHKO Clause: OHKO moves are banned\n|rule|Evasion Moves Clause: Evasion moves are banned\n|rule|Evasion Items Clause: Evasion items are banned\n|rule|Species Clause: Limit one of each Pok\u00e9mon\n|rule|Sleep Clause Mod: Limit one foe put to sleep\n|rule|Mega Rayquaza Clause: You cannot mega evolve Rayquaza\n|clearpoke\n|poke|p1|Deoxys-Defense|\n|poke|p1|Chansey, F|\n|poke|p1|Ferrothorn, F|\n|poke|p1|Rotom-Wash|\n|poke|p1|Ho-Oh|\n|poke|p1|Lugia|\n|poke|p2|Giratina-Origin|\n|poke|p2|Toxapex, F|\n|poke|p2|Zygarde|\n|poke|p2|Wo-Chien|\n|poke|p2|Garganacl, F|\n|poke|p2|Marshadow|\n|teampreview\n|\n|t:|1700261772\n|start\n|switch|p1a: Sexy Red|Deoxys-Defense|100\/100\n|switch|p2a: Toxapex|Toxapex, F|100\/100\n|-ability|p1a: Sexy Red|Pressure\n|turn|1\n|inactive|Battle timer is ON: inactive players will automatically lose when time's up. (requested by Kdisue)\n|\n|t:|1700261779\n|move|p1a: Sexy Red|Psycho Boost|p2a: Toxapex\n|-supereffective|p2a: Toxapex\n|-damage|p2a: Toxapex|0 fnt\n|-unboost|p1a: Sexy Red|spa|2\n|faint|p2a: Toxapex\n|-damage|p1a: Sexy Red|91\/100|[from] item: Life Orb\n|\n|upkeep\n|inactive|JesterPennetrqte has 120 seconds left.\n|inactive|JesterPennetrqte has 90 seconds left.\n|c|\u2606Kdisue|Do you like my stall team?\n|inactive|JesterPennetrqte has 60 seconds left.\n|inactive|JesterPennetrqte has 30 seconds left.\n|inactive|JesterPennetrqte has 20 seconds left.\n|inactive|JesterPennetrqte has 15 seconds left.\n|inactive|JesterPennetrqte has 10 seconds left.\n|inactive|JesterPennetrqte has 5 seconds left.\n|-message|JesterPennetrqte lost due to inactivity.\n|\n|win|Kdisue\n|raw|Kdisue's rating: 1114 &rarr; <strong>1137<\/strong><br \/>(+23 for winning)\n|raw|JesterPennetrqte's rating: 1086 &rarr; <strong>1065<\/strong><br \/>(-21 for losing)\n","uploadtime":1700261933,"views":7,"p1id":"kdisue","p2id":"jesterpennetrqte","formatid":"gen9nationaldexubers","rating":1065,"private":0,"password":""}