{"id":"gen9nationaldexubers-1996763998","p1":"Slothbaseiscool","p2":"ThisLad","format":"[Gen 9] National Dex Ubers","log":"|j|\u2606Slothbaseiscool\n|j|\u2606ThisLad\n|t:|1700721254\n|gametype|singles\n|player|p1|Slothbaseiscool|169|1138\n|player|p2|ThisLad|170|1287\n|teamsize|p1|6\n|teamsize|p2|6\n|gen|9\n|tier|[Gen 9] National Dex Ubers\n|rated|\n|rule|HP Percentage Mod: HP is shown in percentages\n|rule|Endless Battle Clause: Forcing endless battles is banned\n|rule|OHKO Clause: OHKO moves are banned\n|rule|Evasion Moves Clause: Evasion moves are banned\n|rule|Evasion Items Clause: Evasion items are banned\n|rule|Species Clause: Limit one of each Pok\u00e9mon\n|rule|Sleep Clause Mod: Limit one foe put to sleep\n|rule|Mega Rayquaza Clause: You cannot mega evolve Rayquaza\n|clearpoke\n|poke|p1|Vivillon-Fancy, M|\n|poke|p1|Taillow, L1, M|\n|poke|p1|Hippopotas, L1, F|\n|poke|p1|Houndstone, F|\n|poke|p1|Smeargle, F|\n|poke|p1|Iron Valiant|\n|poke|p2|Groudon|\n|poke|p2|Arceus-Dark|\n|poke|p2|Ho-Oh|\n|poke|p2|Zygarde|\n|poke|p2|Kyogre|\n|poke|p2|Necrozma-Dusk-Mane|\n|teampreview\n|inactive|Battle timer is ON: inactive players will automatically lose when time's up. (requested by ThisLad)\n|\n|t:|1700721266\n|start\n|switch|p1a: Iron Valiant|Iron Valiant|100\/100\n|switch|p2a: Good Lion boi|Necrozma-Dusk-Mane|100\/100\n|turn|1\n|\n|t:|1700721280\n|move|p1a: Iron Valiant|Destiny Bond|p1a: Iron Valiant\n|-singlemove|p1a: Iron Valiant|Destiny Bond\n|move|p2a: Good Lion boi|Stealth Rock|p1a: Iron Valiant\n|-sidestart|p1: Slothbaseiscool|move: Stealth Rock\n|\n|upkeep\n|turn|2\n|-message|Slothbaseiscool forfeited.\n|\n|win|ThisLad\n|raw|Slothbaseiscool's rating: 1138 &rarr; <strong>1123<\/strong><br \/>(-15 for losing)\n|raw|ThisLad's rating: 1287 &rarr; <strong>1302<\/strong><br \/>(+15 for winning)\n|l|\u2606Slothbaseiscool\n","uploadtime":1700721300,"views":8,"p1id":"slothbaseiscool","p2id":"thislad","formatid":"gen9nationaldexubers","rating":1123,"private":0,"password":""}