{"id":"gen9nationaldexubers-1987390567","p1":"M3wL0v3r","p2":"I like Glaceon yay","format":"[Gen 9] National Dex Ubers","log":"|j|\u2606M3wL0v3r\n|j|\u2606I like Glaceon yay\n|t:|1699585264\n|gametype|singles\n|player|p1|M3wL0v3r|101|1102\n|player|p2|I like Glaceon yay|pokekid|1154\n|teamsize|p1|6\n|teamsize|p2|6\n|gen|9\n|tier|[Gen 9] National Dex Ubers\n|rated|\n|rule|HP Percentage Mod: HP is shown in percentages\n|rule|Endless Battle Clause: Forcing endless battles is banned\n|rule|OHKO Clause: OHKO moves are banned\n|rule|Evasion Moves Clause: Evasion moves are banned\n|rule|Evasion Items Clause: Evasion items are banned\n|rule|Species Clause: Limit one of each Pok\u00e9mon\n|rule|Sleep Clause Mod: Limit one foe put to sleep\n|rule|Mega Rayquaza Clause: You cannot mega evolve Rayquaza\n|clearpoke\n|poke|p1|Marshadow|\n|poke|p1|Marowak, M|\n|poke|p1|Miltank, F|\n|poke|p1|Quagsire, F|\n|poke|p1|Amoonguss, F|\n|poke|p1|Raichu, M|\n|poke|p2|Zekrom|\n|poke|p2|Arceus-Fairy|\n|poke|p2|Zacian-*|\n|poke|p2|Charizard, F|\n|poke|p2|Groudon|\n|poke|p2|Kyurem-White|\n|teampreview\n|c|\u2606M3wL0v3r|YOOO\n|c|\u2606I like Glaceon yay|ahi\n|c|\u2606M3wL0v3r|HI AGAIN\n|c|\u2606I like Glaceon yay|g\n|c|\u2606I like Glaceon yay|again\n|\n|t:|1699585292\n|start\n|switch|p1a: Marowak|Marowak, M|100\/100\n|switch|p2a: Kyogre is a no|Groudon|100\/100\n|detailschange|p2a: Kyogre is a no|Groudon-Primal\n|-primal|p2a: Kyogre is a no|Red Orb\n|-weather|DesolateLand|[from] ability: Desolate Land|[of] p2a: Kyogre is a no\n|turn|1\n|c|\u2606I like Glaceon yay|:D\n|c|\u2606I like Glaceon yay|I forgot what item this has\n|\n|t:|1699585315\n|move|p2a: Kyogre is a no|Precipice Blades|p1a: Marowak\n|-damage|p1a: Marowak|16\/100\n|move|p1a: Marowak|Bonemerang|p2a: Kyogre is a no\n|-supereffective|p2a: Kyogre is a no\n|-crit|p2a: Kyogre is a no\n|-damage|p2a: Kyogre is a no|10\/100\n|-supereffective|p2a: Kyogre is a no\n|-damage|p2a: Kyogre is a no|0 fnt\n|faint|p2a: Kyogre is a no\n|-weather|none\n|-hitcount|p2: Kyogre is a no|2\n|\n|upkeep\n|c|\u2606M3wL0v3r|Thick Club\n|c|\u2606I like Glaceon yay|OH\n|\n|t:|1699585333\n|switch|p2a: Pink God|Arceus-Fairy|100\/100\n|turn|2\n|c|\u2606I like Glaceon yay|I thought it was thick bone\n|l|\u2606M3wL0v3r\n|player|p1|\n|j|\u2606M3wL0v3r\n|player|p1|M3wL0v3r|101\n|j| bananaszn\n|c|\u2606M3wL0v3r|Sorry I disconnected\n|c|\u2606M3wL0v3r|lol\n|\n|t:|1699585417\n|move|p2a: Pink God|Extreme Speed|p1a: Marowak\n|-damage|p1a: Marowak|0 fnt\n|faint|p1a: Marowak\n|\n|upkeep\n|c|\u2606I like Glaceon yay|it\u2019s ok\n|c|\u2606I like Glaceon yay|!dt Clodsire\n|raw|<div class=\"message\"><ul class=\"utilichart\"><li class=\"result\"><span class=\"col numcol\">OU<\/span> <span class=\"col iconcol\"><psicon pokemon=\"clodsire\"\/><\/span> <span class=\"col pokemonnamecol\" style=\"white-space:nowrap\"><a href=\"https:\/\/dex.pokemonshowdown.com\/pokemon\/clodsire\" target=\"_blank\">Clodsire<\/a><\/span> <span class=\"col typecol\"><img src=\"https:\/\/play.pokemonshowdown.com\/sprites\/types\/Poison.png\" alt=\"Poison\" height=\"14\" width=\"32\"><img src=\"https:\/\/play.pokemonshowdown.com\/sprites\/types\/Ground.png\" alt=\"Ground\" height=\"14\" width=\"32\"><\/span> <span style=\"float:left;min-height:26px\"><span class=\"col twoabilitycol\">Poison Point<br \/>Water Absorb<\/span><span class=\"col abilitycol\"><em>Unaware<\/em><\/span><\/span><span style=\"float:left;min-height:26px\"><span class=\"col statcol\"><em>HP<\/em><br \/>130<\/span> <span class=\"col statcol\"><em>Atk<\/em><br \/>75<\/span> <span class=\"col statcol\"><em>Def<\/em><br \/>60<\/span> <span class=\"col statcol\"><em>SpA<\/em><br \/>45<\/span> <span class=\"col statcol\"><em>SpD<\/em><br \/>100<\/span> <span class=\"col statcol\"><em>Spe<\/em><br \/>20<\/span> <span class=\"col bstcol\"><em>BST<br \/>430<\/em><\/span> <\/span><\/li><li style=\"clear:both\"><\/li><\/ul><\/div>\n|raw|<font size=\"1\"><font color=\"#686868\">Dex#:<\/font> 980&nbsp;|&ThickSpace;<font color=\"#686868\">Gen:<\/font> 9&nbsp;|&ThickSpace;<font color=\"#686868\">Height:<\/font> 1.8 m&nbsp;|&ThickSpace;<font color=\"#686868\">Weight:<\/font> 223 kg <em>(120 BP)<\/em>&nbsp;|&ThickSpace;<font color=\"#686868\">Dex Colour:<\/font> Brown&nbsp;|&ThickSpace;<font color=\"#686868\">Egg Group(s):<\/font> Water 1, Field&nbsp;|&ThickSpace;<font color=\"#686868\">Pre-Evolution:<\/font> Wooper-Paldea&nbsp;|&ThickSpace;<font color=\"#686868\">Does Not Evolve<\/font><\/font>\n\n|\n|t:|1699585444\n|switch|p1a: Amoonguss|Amoonguss, F|100\/100\n|turn|3\n|c|\u2606I like Glaceon yay|still confused about this\n|\n|t:|1699585459\n|move|p2a: Pink God|Shadow Force||[still]\n|-prepare|p2a: Pink God|Shadow Force\n|move|p1a: Amoonguss|Spore|p2a: Pink God|[miss]\n|-miss|p1a: Amoonguss|p2a: Pink God\n|\n|upkeep\n|turn|4\n|\n|t:|1699585463\n|move|p2a: Pink God|Shadow Force|p1a: Amoonguss|[from]lockedmove\n|-damage|p1a: Amoonguss|58\/100\n|-status|p2a: Pink God|slp|[from] ability: Effect Spore|[of] p1a: Amoonguss\n|move|p1a: Amoonguss|Sludge Bomb|p2a: Pink God\n|-supereffective|p2a: Pink God\n|-damage|p2a: Pink God|46\/100 slp\n|\n|upkeep\n|turn|5\n|c| bananaszn|judgement psychic ohkos any day of the week\n|c| bananaszn|what the heck\n|\n|t:|1699585472\n|-terastallize|p2a: Pink God|Dark\n|cant|p2a: Pink God|slp\n|move|p1a: Amoonguss|Sludge Bomb|p2a: Pink God\n|-damage|p2a: Pink God|21\/100 slp\n|\n|upkeep\n|turn|6\n|c|\u2606I like Glaceon yay|:\/\n|\n|t:|1699585485\n|cant|p2a: Pink God|slp\n|move|p1a: Amoonguss|Sludge Bomb|p2a: Pink God\n|-damage|p2a: Pink God|0 fnt\n|faint|p2a: Pink God\n|\n|upkeep\n|\n|t:|1699585491\n|switch|p2a: RUN FROM ME|Charizard, F|100\/100\n|turn|7\n|c| bananaszn|he he he ha\n|\n|t:|1699585505\n|detailschange|p2a: RUN FROM ME|Charizard-Mega-X, F\n|-mega|p2a: RUN FROM ME|Charizard|Charizardite X\n|move|p2a: RUN FROM ME|Flare Blitz|p1a: Amoonguss\n|-supereffective|p1a: Amoonguss\n|-damage|p1a: Amoonguss|0 fnt\n|faint|p1a: Amoonguss\n|-damage|p2a: RUN FROM ME|73\/100|[from] Recoil\n|\n|upkeep\n|c|\u2606M3wL0v3r|I was hoping for effect spore\n|\n|t:|1699585517\n|switch|p1a: Zacian Slaughterer|Quagsire, F|100\/100\n|turn|8\n|c|\u2606I like Glaceon yay|I stilll got no idea what does OHKO means\n|c| bananaszn|one hit ko\n|c|\u2606M3wL0v3r|One Hit Knock Out\n|c| bananaszn|basically insta kill\n|\n|t:|1699585529\n|move|p2a: RUN FROM ME|Earthquake|p1a: Zacian Slaughterer\n|-damage|p1a: Zacian Slaughterer|77\/100\n|move|p1a: Zacian Slaughterer|Earthquake|p2a: RUN FROM ME\n|-supereffective|p2a: RUN FROM ME\n|-damage|p2a: RUN FROM ME|10\/100\n|\n|upkeep\n|turn|9\n|c|\u2606I like Glaceon yay|no\n|\n|t:|1699585539\n|move|p2a: RUN FROM ME|Roost|p2a: RUN FROM ME\n|-heal|p2a: RUN FROM ME|60\/100\n|-singleturn|p2a: RUN FROM ME|move: Roost\n|move|p1a: Zacian Slaughterer|Earthquake|p2a: RUN FROM ME\n|-supereffective|p2a: RUN FROM ME\n|-damage|p2a: RUN FROM ME|1\/100\n|\n|upkeep\n|turn|10\n|\n|t:|1699585544\n|move|p2a: RUN FROM ME|Roost|p2a: RUN FROM ME\n|-heal|p2a: RUN FROM ME|51\/100\n|-singleturn|p2a: RUN FROM ME|move: Roost\n|move|p1a: Zacian Slaughterer|Earthquake|p2a: RUN FROM ME\n|-supereffective|p2a: RUN FROM ME\n|-damage|p2a: RUN FROM ME|0 fnt\n|faint|p2a: RUN FROM ME\n|\n|upkeep\n|\n|t:|1699585548\n|switch|p2a: RUN FROM DOG|Zacian-Crowned|100\/100\n|-ability|p2a: RUN FROM DOG|Intrepid Sword|boost\n|-boost|p2a: RUN FROM DOG|atk|1\n|turn|11\n|c|\u2606I like Glaceon yay|!stats Quagsire\n|raw|<div class=\"message\"><ul class=\"utilichart\"><li class=\"result\"><span class=\"col numcol\">RU<\/span> <span class=\"col iconcol\"><psicon pokemon=\"quagsire\"\/><\/span> <span class=\"col pokemonnamecol\" style=\"white-space:nowrap\"><a href=\"https:\/\/dex.pokemonshowdown.com\/pokemon\/quagsire\" target=\"_blank\">Quagsire<\/a><\/span> <span class=\"col typecol\"><img src=\"https:\/\/play.pokemonshowdown.com\/sprites\/types\/Water.png\" alt=\"Water\" height=\"14\" width=\"32\"><img src=\"https:\/\/play.pokemonshowdown.com\/sprites\/types\/Ground.png\" alt=\"Ground\" height=\"14\" width=\"32\"><\/span> <span style=\"float:left;min-height:26px\"><span class=\"col twoabilitycol\">Damp<br \/>Water Absorb<\/span><span class=\"col abilitycol\"><em>Unaware<\/em><\/span><\/span><span style=\"float:left;min-height:26px\"><span class=\"col statcol\"><em>HP<\/em><br \/>95<\/span> <span class=\"col statcol\"><em>Atk<\/em><br \/>85<\/span> <span class=\"col statcol\"><em>Def<\/em><br \/>85<\/span> <span class=\"col statcol\"><em>SpA<\/em><br \/>65<\/span> <span class=\"col statcol\"><em>SpD<\/em><br \/>65<\/span> <span class=\"col statcol\"><em>Spe<\/em><br \/>35<\/span> <span class=\"col bstcol\"><em>BST<br \/>430<\/em><\/span> <\/span><\/li><li style=\"clear:both\"><\/li><\/ul><\/div>\n\n|c| bananaszn|unaware stomps zacian\n|c| bananaszn|he was right\n|\n|t:|1699585578\n|switch|p2a: LIGHTING BOLT|Zekrom|100\/100\n|-ability|p2a: LIGHTING BOLT|Teravolt\n|move|p1a: Zacian Slaughterer|Earthquake|p2a: LIGHTING BOLT\n|-supereffective|p2a: LIGHTING BOLT\n|-damage|p2a: LIGHTING BOLT|55\/100\n|\n|upkeep\n|turn|12\n|c|\u2606I like Glaceon yay|WRONG ONE\n|c|\u2606M3wL0v3r|I was so confused lol\n|\n|t:|1699585594\n|move|p2a: LIGHTING BOLT|Dragon Claw|p1a: Zacian Slaughterer\n|-damage|p1a: Zacian Slaughterer|44\/100\n|move|p1a: Zacian Slaughterer|Toxic|p2a: LIGHTING BOLT\n|-status|p2a: LIGHTING BOLT|tox\n|\n|-damage|p2a: LIGHTING BOLT|49\/100 tox|[from] psn\n|upkeep\n|turn|13\n|\n|t:|1699585600\n|move|p2a: LIGHTING BOLT|Dual Wingbeat|p1a: Zacian Slaughterer|[miss]\n|-miss|p2a: LIGHTING BOLT|p1a: Zacian Slaughterer\n|move|p1a: Zacian Slaughterer|Recover|p1a: Zacian Slaughterer\n|-heal|p1a: Zacian Slaughterer|94\/100\n|\n|-damage|p2a: LIGHTING BOLT|37\/100 tox|[from] psn\n|upkeep\n|turn|14\n|\n|t:|1699585604\n|switch|p2a: Team Up|Kyurem-White|100\/100\n|-ability|p2a: Team Up|Turboblaze\n|move|p1a: Zacian Slaughterer|Earthquake|p2a: Team Up\n|-damage|p2a: Team Up|76\/100\n|\n|upkeep\n|turn|15\n|c| bananaszn|zekrom has unaware too\n|c|\u2606I like Glaceon yay|Behold\n|\n|t:|1699585621\n|switch|p1a: Raichu|Raichu, M|100\/100\n|move|p2a: Team Up|Ice Beam|p1a: Raichu\n|-enditem|p1a: Raichu|Focus Sash\n|-damage|p1a: Raichu|1\/100\n|\n|upkeep\n|turn|16\n|c| bananaszn|its js a different name\n|\n|t:|1699585631\n|move|p1a: Raichu|Thunderbolt|p2a: Team Up\n|-resisted|p2a: Team Up\n|-damage|p2a: Team Up|62\/100\n|move|p2a: Team Up|Freeze-Dry|p1a: Raichu\n|-damage|p1a: Raichu|0 fnt\n|faint|p1a: Raichu\n|\n|upkeep\n|\n|t:|1699585636\n|switch|p1a: Steak|Miltank, F|100\/100\n|turn|17\n|c|\u2606I like Glaceon yay|!dt Unaware\n|raw|<ul class=\"utilichart\"><li class=\"result\"><span class=\"col namecol\"><a href=\"https:\/\/dex.pokemonshowdown.com\/abilities\/unaware\">Unaware<\/a><\/span> <span class=\"col abilitydesccol\">This Pokemon ignores other Pokemon's stat stages when taking or doing damage.<\/span> <\/li><li style=\"clear:both\"><\/li><\/ul>\n|raw|<font size=\"1\"><font color=\"#686868\">Gen:<\/font> 4&nbsp;|&ThickSpace;&#10003; Ignored by Mold Breaker<\/font>\n\n|c|\u2606I like Glaceon yay|What does that have to do with Zacian\n|\n|t:|1699585666\n|move|p1a: Steak|Earthquake|p2a: Team Up\n|-damage|p2a: Team Up|39\/100\n|move|p2a: Team Up|Ice Beam|p1a: Steak\n|-damage|p1a: Steak|11\/100\n|\n|upkeep\n|turn|18\n|c| bananaszn|zacian has intrepid sword\n|c| bananaszn|which increases attack\n|c|\u2606M3wL0v3r|Zacian is only good cause it gets a 1.5x attack buff\n|c|\u2606I like Glaceon yay|Yes\n|c| bananaszn|but if the pokemon is unaware\n|c|\u2606M3wL0v3r|on switch in\n|\n|t:|1699585686\n|move|p1a: Steak|Fire Punch|p2a: Team Up\n|-damage|p2a: Team Up|21\/100\n|move|p2a: Team Up|Roost|p2a: Team Up\n|-heal|p2a: Team Up|71\/100\n|-singleturn|p2a: Team Up|move: Roost\n|\n|upkeep\n|turn|19\n|c| bananaszn|it ignores that attack raise\n|c| bananaszn|so u can js  damage it easily\n|c|\u2606I like Glaceon yay|ohhhhhh\n|c| bananaszn|ya\n|\n|t:|1699585701\n|move|p1a: Steak|Earthquake|p2a: Team Up\n|-damage|p2a: Team Up|49\/100\n|move|p2a: Team Up|Ice Beam|p1a: Steak\n|-damage|p1a: Steak|0 fnt\n|faint|p1a: Steak\n|\n|upkeep\n|\n|t:|1699585705\n|switch|p1a: Zacian Slaughterer|Quagsire, F|94\/100\n|turn|20\n|\n|t:|1699585707\n|move|p2a: Team Up|Roost|p2a: Team Up\n|-heal|p2a: Team Up|99\/100\n|-singleturn|p2a: Team Up|move: Roost\n|move|p1a: Zacian Slaughterer|Toxic|p2a: Team Up\n|-status|p2a: Team Up|tox\n|\n|-damage|p2a: Team Up|93\/100 tox|[from] psn\n|upkeep\n|turn|21\n|\n|t:|1699585711\n|move|p1a: Zacian Slaughterer|Protect|p1a: Zacian Slaughterer\n|-singleturn|p1a: Zacian Slaughterer|Protect\n|move|p2a: Team Up|Ice Beam|p1a: Zacian Slaughterer\n|-activate|p1a: Zacian Slaughterer|move: Protect\n|\n|-damage|p2a: Team Up|81\/100 tox|[from] psn\n|upkeep\n|turn|22\n|c|\u2606I like Glaceon yay|hate when this happens\n|\n|t:|1699585724\n|move|p2a: Team Up|Ice Beam|p1a: Zacian Slaughterer\n|-damage|p1a: Zacian Slaughterer|0 fnt\n|faint|p1a: Zacian Slaughterer\n|\n|-damage|p2a: Team Up|62\/100 tox|[from] psn\n|upkeep\n|\n|t:|1699585726\n|switch|p1a: Thief|Marshadow|100\/100\n|turn|23\n|c|\u2606I like Glaceon yay|:\/\n|c| bananaszn|reverse sweep\n|c| bananaszn|sheesh\n|c|\u2606M3wL0v3r|Dang you win this one ai thin\n|\n|t:|1699585741\n|-terastallize|p1a: Thief|Fighting\n|move|p1a: Thief|Brick Break|p2a: Team Up\n|-supereffective|p2a: Team Up\n|-damage|p2a: Team Up|0 fnt\n|faint|p2a: Team Up\n|\n|upkeep\n|\n|t:|1699585746\n|switch|p2a: RUN FROM DOG|Zacian-Crowned|100\/100\n|turn|24\n|c| bananaszn|nasty play rough\n|\n|t:|1699585752\n|move|p2a: RUN FROM DOG|Crunch|p1a: Thief\n|-resisted|p1a: Thief\n|-damage|p1a: Thief|82\/100\n|move|p1a: Thief|Brick Break|p2a: RUN FROM DOG\n|-damage|p2a: RUN FROM DOG|51\/100\n|\n|upkeep\n|turn|25\n|\n|t:|1699585756\n|move|p2a: RUN FROM DOG|Behemoth Blade|p1a: Thief\n|-damage|p1a: Thief|7\/100\n|move|p1a: Thief|Brick Break|p2a: RUN FROM DOG\n|-damage|p2a: RUN FROM DOG|0 fnt\n|faint|p2a: RUN FROM DOG\n|\n|upkeep\n|c| bananaszn|dont tell me\n|\n|t:|1699585761\n|switch|p2a: LIGHTING BOLT|Zekrom|37\/100 tox\n|-ability|p2a: LIGHTING BOLT|Teravolt\n|turn|26\n|c|\u2606M3wL0v3r|NO WAY\n|c| bananaszn|do u have play rough on zacian ?\n|\n|t:|1699585772\n|move|p1a: Thief|Spectral Thief|p2a: LIGHTING BOLT\n|-damage|p2a: LIGHTING BOLT|4\/100 tox\n|move|p2a: LIGHTING BOLT|Fusion Bolt|p1a: Thief\n|-damage|p1a: Thief|0 fnt\n|faint|p1a: Thief\n|\n|win|I like Glaceon yay\n|raw|M3wL0v3r's rating: 1102 &rarr; <strong>1081<\/strong><br \/>(-21 for losing)\n|raw|I like Glaceon yay's rating: 1154 &rarr; <strong>1175<\/strong><br \/>(+21 for winning)\n|c|\u2606M3wL0v3r|Ahh\n|c|\u2606M3wL0v3r|ggwp\n|c|\u2606I like Glaceon yay|YED\n|c| bananaszn|that was spooky\n|c|\u2606I like Glaceon yay|YES\n|c|\u2606I like Glaceon yay|?\n|c| bananaszn|js the clutch\n|c|\u2606I like Glaceon yay|:D\n|c| bananaszn|4% zekrom\n|c|\u2606M3wL0v3r|Congrats :D\n|c|\u2606I like Glaceon yay|yet\n|c|\u2606I like Glaceon yay|yey\n|c|\u2606I like Glaceon yay|lugia\n","uploadtime":1699585827,"views":17,"p1id":"m3wl0v3r","p2id":"ilikeglaceonyay","formatid":"gen9nationaldexubers","rating":1081,"private":0,"password":""}