{"id":"gen9nationaldexubers-1993950046","p1":"BigParking","p2":"wdymthenameisthere","format":"[Gen 9] National Dex Ubers","log":"|j|\u2606BigParking\n|j|\u2606wdymthenameisthere\n|t:|1700381221\n|gametype|singles\n|player|p1|BigParking|101|1005\n|player|p2|wdymthenameisthere|volkner|1109\n|teamsize|p1|6\n|teamsize|p2|6\n|gen|9\n|tier|[Gen 9] National Dex Ubers\n|rated|\n|rule|HP Percentage Mod: HP is shown in percentages\n|rule|Endless Battle Clause: Forcing endless battles is banned\n|rule|OHKO Clause: OHKO moves are banned\n|rule|Evasion Moves Clause: Evasion moves are banned\n|rule|Evasion Items Clause: Evasion items are banned\n|rule|Species Clause: Limit one of each Pok\u00e9mon\n|rule|Sleep Clause Mod: Limit one foe put to sleep\n|rule|Mega Rayquaza Clause: You cannot mega evolve Rayquaza\n|clearpoke\n|poke|p1|Liepard, M|\n|poke|p1|Smeargle, M|\n|poke|p1|Tentacruel, M|\n|poke|p1|Mamoswine, M|\n|poke|p1|Clefable, M|\n|poke|p1|Drifloon, F|\n|poke|p2|Dracovish|\n|poke|p2|Eternatus|\n|poke|p2|Kingambit, M|\n|poke|p2|Ferrothorn, F|\n|poke|p2|Groudon|\n|poke|p2|Calyrex-Ice|\n|teampreview\n|inactive|Battle timer is ON: inactive players will automatically lose when time's up. (requested by BigParking)\n|\n|t:|1700381232\n|start\n|switch|p1a: Drifloon|Drifloon, F|100\/100\n|switch|p2a: what is this|Ferrothorn, F, shiny|100\/100\n|turn|1\n|\n|t:|1700381240\n|move|p1a: Drifloon|Night Shade|p2a: what is this\n|-damage|p2a: what is this|72\/100\n|move|p2a: what is this|Stealth Rock|p1a: Drifloon\n|-sidestart|p1: BigParking|move: Stealth Rock\n|\n|upkeep\n|turn|2\n|\n|t:|1700381245\n|move|p1a: Drifloon|Night Shade|p2a: what is this\n|-damage|p2a: what is this|44\/100\n|move|p2a: what is this|Spikes|p1a: Drifloon\n|-sidestart|p1: BigParking|Spikes\n|\n|upkeep\n|turn|3\n|\n|t:|1700381250\n|move|p1a: Drifloon|Night Shade|p2a: what is this\n|-damage|p2a: what is this|15\/100\n|move|p2a: what is this|Spikes|p1a: Drifloon\n|-sidestart|p1: BigParking|Spikes\n|\n|upkeep\n|turn|4\n|\n|t:|1700381261\n|move|p1a: Drifloon|Tailwind|p1a: Drifloon\n|-sidestart|p1: BigParking|move: Tailwind\n|move|p2a: what is this|Giga Drain|p1a: Drifloon\n|-resisted|p1a: Drifloon\n|-damage|p1a: Drifloon|95\/100\n|-heal|p2a: what is this|18\/100|[from] drain|[of] p1a: Drifloon\n|\n|upkeep\n|turn|5\n|\n|t:|1700381272\n|move|p1a: Drifloon|Night Shade|p2a: what is this\n|-damage|p2a: what is this|0 fnt\n|faint|p2a: what is this\n|\n|upkeep\n|\n|t:|1700381278\n|switch|p2a: Abomination|Dracovish, shiny|100\/100\n|turn|6\n|\n|t:|1700381285\n|-terastallize|p2a: Abomination|Water\n|move|p2a: Abomination|Fishious Rend|p1a: Drifloon\n|-damage|p1a: Drifloon|0 fnt\n|faint|p1a: Drifloon\n|\n|upkeep\n|\n|t:|1700381294\n|switch|p1a: Clefable|Clefable, M|100\/100\n|turn|7\n|\n|t:|1700381301\n|move|p2a: Abomination|Fishious Rend|p1a: Clefable\n|-damage|p1a: Clefable|0 fnt\n|faint|p1a: Clefable\n|\n|-sideend|p1: BigParking|move: Tailwind\n|upkeep\n|\n|t:|1700381316\n|switch|p1a: Mamoswine|Mamoswine, M|100\/100\n|-damage|p1a: Mamoswine|88\/100|[from] Stealth Rock\n|-damage|p1a: Mamoswine|71\/100|[from] Spikes\n|turn|8\n|\n|t:|1700381324\n|move|p2a: Abomination|Fishious Rend|p1a: Mamoswine\n|-supereffective|p1a: Mamoswine\n|-damage|p1a: Mamoswine|0 fnt\n|faint|p1a: Mamoswine\n|\n|upkeep\n|c|\u2606BigParking|aw I did'n think about this move, that's strong and impressive move woaw\n|inactive|BigParking has 120 seconds left.\n|c|\u2606BigParking|:)\n|-message|BigParking forfeited.\n|\n|win|wdymthenameisthere\n|raw|BigParking's rating: 1005 &rarr; <strong>1000<\/strong><br \/>(-5 for losing)\n|raw|wdymthenameisthere's rating: 1109 &rarr; <strong>1127<\/strong><br \/>(+18 for winning)\n|l|\u2606BigParking\n","uploadtime":1700381366,"views":7,"p1id":"bigparking","p2id":"wdymthenameisthere","formatid":"gen9nationaldexubers","rating":1000,"private":0,"password":""}