{"id":"gen9nationaldexubers-1991587430","p1":"abstractvoid","p2":"HopeAddict","format":"[Gen 9] National Dex Ubers","log":"|j|\u2606abstractvoid\n|j|\u2606HopeAddict\n|t:|1700091355\n|gametype|singles\n|player|p1|abstractvoid|roxie|\n|player|p2|HopeAddict|benga|\n|teamsize|p1|6\n|teamsize|p2|6\n|gen|9\n|tier|[Gen 9] National Dex Ubers\n|rule|HP Percentage Mod: HP is shown in percentages\n|rule|Endless Battle Clause: Forcing endless battles is banned\n|rule|OHKO Clause: OHKO moves are banned\n|rule|Evasion Moves Clause: Evasion moves are banned\n|rule|Evasion Items Clause: Evasion items are banned\n|rule|Species Clause: Limit one of each Pok\u00e9mon\n|rule|Sleep Clause Mod: Limit one foe put to sleep\n|rule|Mega Rayquaza Clause: You cannot mega evolve Rayquaza\n|clearpoke\n|poke|p1|Arceus-Ghost|\n|poke|p1|Goodra-Hisui, M|\n|poke|p1|Gliscor, M|\n|poke|p1|Zekrom|\n|poke|p1|Eternatus|\n|poke|p1|Lucario, F|\n|poke|p2|Arceus-Ground|\n|poke|p2|Dialga|\n|poke|p2|Samurott-Hisui, F|\n|poke|p2|Iron Bundle|\n|poke|p2|Sinistcha|\n|poke|p2|Diancie|\n|teampreview\n|j| PaperDrMario\n|j| ah3nny\n|j| Tazz21\n|c| Tazz21|holy shit gliscor the uber!!\n|j| Berryandon\n|c| Berryandon|Yes it did\n|\n|t:|1700091501\n|start\n|switch|p1a: *stalls u cutely*|Gliscor, M|100\/100\n|switch|p2a: niccname|Samurott-Hisui, F|100\/100\n|turn|1\n|l| Tazz21\n|\n|t:|1700091535\n|move|p2a: niccname|Knock Off|p1a: *stalls u cutely*\n|-damage|p1a: *stalls u cutely*|74\/100\n|-enditem|p1a: *stalls u cutely*|Toxic Orb|[from] move: Knock Off|[of] p2a: niccname\n|move|p1a: *stalls u cutely*|Toxic Spikes|p2a: niccname\n|-sidestart|p2: HopeAddict|move: Toxic Spikes\n|\n|upkeep\n|turn|2\n|c|\u2606HopeAddict|they grow up so fast\n|c|\u2606abstractvoid|NO\n|c|\u2606abstractvoid|NO\n|j| lonly wolf\n|c| PaperDrMario|HOLY SHIT\n|\n|t:|1700091557\n|move|p2a: niccname|Ceaseless Edge|p1a: *stalls u cutely*\n|-damage|p1a: *stalls u cutely*|44\/100\n|-sidestart|p1: abstractvoid|Spikes\n|move|p1a: *stalls u cutely*|Toxic Spikes|p2a: niccname\n|-sidestart|p2: HopeAddict|move: Toxic Spikes\n|\n|upkeep\n|turn|3\n|c| lonly wolf|imagine needing to change your ability just to not have the ability come into play at all during this game\n|\n|t:|1700091589\n|switch|p1a: THE KILL LEADER|Zekrom|100\/100\n|-damage|p1a: THE KILL LEADER|88\/100|[from] Spikes\n|-ability|p1a: THE KILL LEADER|Teravolt\n|move|p2a: niccname|Razor Shell|p1a: THE KILL LEADER\n|-resisted|p1a: THE KILL LEADER\n|-damage|p1a: THE KILL LEADER|68\/100\n|-unboost|p1a: THE KILL LEADER|def|1\n|\n|-heal|p1a: THE KILL LEADER|74\/100|[from] item: Leftovers\n|upkeep\n|turn|4\n|c| PaperDrMario|fawn has been toxic orb blocked by opponents twice now\n|c| PaperDrMario|BUT WILL IT MAKE A DIFFERENCE, LET'S FIND OUT\n|\n|t:|1700091646\n|move|p1a: THE KILL LEADER|Dragon Dance|p1a: THE KILL LEADER\n|-boost|p1a: THE KILL LEADER|atk|1\n|-boost|p1a: THE KILL LEADER|spe|1\n|move|p2a: niccname|Knock Off|p1a: THE KILL LEADER\n|-damage|p1a: THE KILL LEADER|22\/100\n|-enditem|p1a: THE KILL LEADER|Leftovers|[from] move: Knock Off|[of] p2a: niccname\n|\n|upkeep\n|turn|5\n|\n|t:|1700091675\n|move|p1a: THE KILL LEADER|Bolt Strike|p2a: niccname|[miss]\n|-miss|p1a: THE KILL LEADER|p2a: niccname\n|move|p2a: niccname|Ceaseless Edge|p1a: THE KILL LEADER\n|-damage|p1a: THE KILL LEADER|0 fnt\n|-sidestart|p1: abstractvoid|Spikes\n|faint|p1a: THE KILL LEADER\n|\n|upkeep\n|l| Berryandon\n|c|\u2606HopeAddict|HOLYSHTI\n|c| lonly wolf|oof\n|c| PaperDrMario|what's bolt strike's accuracy?\n|c|\u2606abstractvoid|!data bolt strike\n|raw|<ul class=\"utilichart\"><li class=\"result\"><span class=\"col movenamecol\"><a href=\"https:\/\/dex.pokemonshowdown.com\/moves\/boltstrike\">Bolt Strike<\/a><\/span> <span class=\"col typecol\"><img src=\"\/\/play.pokemonshowdown.com\/sprites\/types\/Electric.png\" alt=\"Electric\" width=\"32\" height=\"14\"><img src=\"\/\/play.pokemonshowdown.com\/sprites\/categories\/Physical.png\" alt=\"Physical\" width=\"32\" height=\"14\"><\/span> <span class=\"col labelcol\"><em>Power<\/em><br>130<\/span> <span class=\"col widelabelcol\"><em>Accuracy<\/em><br>85%<\/span> <span class=\"col pplabelcol\"><em>PP<\/em><br>8<\/span> <span class=\"col movedesccol\">20% chance to paralyze the target.<\/span> <\/li><li style=\"clear:both\"><\/li><\/ul>\n\n|j| Berryandon\n|c| PaperDrMario|okay, so it's possible\n|c| PaperDrMario|still hate to see it\n|\n|t:|1700091733\n|switch|p1a: Entrailatus|Eternatus|100\/100\n|-damage|p1a: Entrailatus|84\/100|[from] Spikes\n|-ability|p1a: Entrailatus|Pressure\n|turn|6\n|\n|t:|1700091740\n|move|p1a: Entrailatus|Dynamax Cannon|p2a: niccname\n|-damage|p2a: niccname|0 fnt\n|faint|p2a: niccname\n|-damage|p1a: Entrailatus|74\/100|[from] item: Life Orb\n|\n|upkeep\n|\n|t:|1700091764\n|switch|p2a: nikname|Dialga|100\/100\n|-ability|p2a: nikname|Pressure\n|turn|7\n|c| PaperDrMario|do we have a nickname team?\n|\n|t:|1700091790\n|switch|p1a: *stalls u cutely*|Gliscor, M|44\/100\n|move|p2a: nikname|Draco Meteor|p1a: *stalls u cutely*\n|-damage|p1a: *stalls u cutely*|0 fnt\n|-unboost|p2a: nikname|spa|2\n|faint|p1a: *stalls u cutely*\n|\n|upkeep\n|c|\u2606HopeAddict|mayhaps\n|\n|t:|1700091805\n|switch|p1a: get scared get sca|Arceus-Ghost|100\/100\n|-damage|p1a: get scared get sca|84\/100|[from] Spikes\n|turn|8\n|\n|t:|1700091819\n|switch|p2a: nikcname|Diancie|100\/100\n|-status|p2a: nikcname|tox\n|move|p1a: get scared get sca|Calm Mind|p1a: get scared get sca\n|-boost|p1a: get scared get sca|spa|1\n|-boost|p1a: get scared get sca|spd|1\n|\n|-damage|p2a: nikcname|94\/100 tox|[from] psn\n|upkeep\n|turn|9\n|\n|t:|1700091845\n|detailschange|p2a: nikcname|Diancie-Mega\n|-mega|p2a: nikcname|Diancie|Diancite\n|move|p1a: get scared get sca|Calm Mind|p1a: get scared get sca\n|-boost|p1a: get scared get sca|spa|1\n|-boost|p1a: get scared get sca|spd|1\n|move|p2a: nikcname|Diamond Storm|p1a: get scared get sca\n|-damage|p1a: get scared get sca|41\/100\n|-boost|p2a: nikcname|def|2\n|\n|-damage|p2a: nikcname|82\/100 tox|[from] psn\n|upkeep\n|turn|10\n|\n|t:|1700091861\n|move|p1a: get scared get sca|Recover|p1a: get scared get sca\n|-heal|p1a: get scared get sca|92\/100\n|move|p2a: nikcname|Diamond Storm|p1a: get scared get sca|[miss]\n|-miss|p2a: nikcname|p1a: get scared get sca\n|\n|-damage|p2a: nikcname|63\/100 tox|[from] psn\n|upkeep\n|turn|11\n|c|\u2606abstractvoid|the 5% miss\n|c| Berryandon|The 5%\n|\n|t:|1700091877\n|move|p1a: get scared get sca|Judgment|p2a: nikcname\n|-damage|p2a: nikcname|0 fnt\n|faint|p2a: nikcname\n|\n|upkeep\n|c| PaperDrMario|the 5&\n|c|\u2606HopeAddict|!dt diamond storm\n|raw|<ul class=\"utilichart\"><li class=\"result\"><span class=\"col movenamecol\"><a href=\"https:\/\/dex.pokemonshowdown.com\/moves\/diamondstorm\">Diamond Storm<\/a><\/span> <span class=\"col typecol\"><img src=\"\/\/play.pokemonshowdown.com\/sprites\/types\/Rock.png\" alt=\"Rock\" width=\"32\" height=\"14\"><img src=\"\/\/play.pokemonshowdown.com\/sprites\/categories\/Physical.png\" alt=\"Physical\" width=\"32\" height=\"14\"><\/span> <span class=\"col labelcol\"><em>Power<\/em><br>100<\/span> <span class=\"col widelabelcol\"><em>Accuracy<\/em><br>95%<\/span> <span class=\"col pplabelcol\"><em>PP<\/em><br>8<\/span> <span class=\"col movedesccol\">50% chance to raise user's Defense by 2.<\/span> <\/li><li style=\"clear:both\"><\/li><\/ul>\n|raw|<font size=\"1\"><font color=\"#686868\">Priority:<\/font> 0&nbsp;|&ThickSpace;<font color=\"#686868\">Gen:<\/font> 6&nbsp;|&ThickSpace;&#10003; Boosted by Sheer Force&nbsp;|&ThickSpace;<font color=\"#686868\">Z-Power:<\/font> 180&nbsp;|&ThickSpace;<font color=\"#686868\">Dynamax Power:<\/font> 130&nbsp;|&ThickSpace;<font color=\"#686868\">Target:<\/font> All Adjacent Opponents<\/font>\n\n|c| ah3nny|the the the the the that's all folks\n|c| lonly wolf|this is why we bring toxic on everything\n|c|\u2606HopeAddict|wow it was 5%\n|\n|t:|1700091900\n|switch|p2a: nickname|Arceus-Ground|100\/100\n|-status|p2a: nickname|tox\n|turn|12\n|\n|t:|1700091906\n|move|p2a: nickname|Calm Mind|p2a: nickname\n|-boost|p2a: nickname|spa|1\n|-boost|p2a: nickname|spd|1\n|move|p1a: get scared get sca|Ice Beam|p2a: nickname\n|-supereffective|p2a: nickname\n|-crit|p2a: nickname\n|-damage|p2a: nickname|0 fnt\n|faint|p2a: nickname\n|\n|upkeep\n|c| Berryandon|THE CRIT\n|c|\u2606abstractvoid|CRIT MATTERED D:\n|c| lonly wolf|ayo\n|c| lonly wolf|some one calc that crit\n|c|\u2606HopeAddict|its overpon\n|c|\u2606abstractvoid|even before calm mind it wasnt ohko\n|\n|t:|1700091937\n|switch|p2a: nikname|Dialga|100\/100\n|-ability|p2a: nikname|Pressure\n|turn|13\n|c| PaperDrMario|THEY CAN'T KEEP GETTING AWAY WITH THIS\n|\n|t:|1700091946\n|move|p2a: nikname|Flash Cannon|p1a: get scared get sca\n|-damage|p1a: get scared get sca|74\/100\n|move|p1a: get scared get sca|Judgment|p2a: nikname\n|-damage|p2a: nikname|0 fnt\n|faint|p2a: nikname\n|\n|upkeep\n|\n|t:|1700091950\n|switch|p2a: nicknaem|Sinistcha|100\/100\n|-status|p2a: nicknaem|tox\n|turn|14\n|\n|t:|1700091958\n|move|p1a: get scared get sca|Judgment|p2a: nicknaem\n|-supereffective|p2a: nicknaem\n|-damage|p2a: nicknaem|0 fnt\n|faint|p2a: nicknaem\n|\n|upkeep\n|\n|t:|1700091960\n|switch|p2a: Nicholas|Iron Bundle|100\/100\n|-status|p2a: Nicholas|tox\n|turn|15\n|c|\u2606abstractvoid|arceus\n|\n|t:|1700091965\n|move|p2a: Nicholas|Flip Turn|p1a: get scared get sca\n|-damage|p1a: get scared get sca|62\/100\n|move|p1a: get scared get sca|Judgment|p2a: Nicholas\n|-crit|p2a: Nicholas\n|-damage|p2a: Nicholas|0 fnt\n|faint|p2a: Nicholas\n|-end|p2a: Nicholas|Quark Drive|[silent]\n|\n|win|abstractvoid\n|c|\u2606abstractvoid|gg!\n|c| PaperDrMario|it's always somethign with this person\n|c|\u2606HopeAddict|gg\n|c| Berryandon|Another week another win\n","uploadtime":1700091987,"views":17,"p1id":"abstractvoid","p2id":"hopeaddict","formatid":"gen9nationaldexubers","rating":0,"private":0,"password":""}