{"id":"gen9nationaldexubers-1984842056","p1":"gastlies1","p2":"gastalies","format":"[Gen 9] National Dex Ubers","log":"|j|\u2606gastlies1\n|j|\u2606gastalies\n|t:|1699303620\n|gametype|singles\n|player|p1|gastlies1|169|\n|player|p2|gastalies|ariana|\n|teamsize|p1|1\n|teamsize|p2|1\n|gen|9\n|tier|[Gen 9] National Dex Ubers\n|rule|HP Percentage Mod: HP is shown in percentages\n|rule|Endless Battle Clause: Forcing endless battles is banned\n|rule|OHKO Clause: OHKO moves are banned\n|rule|Evasion Moves Clause: Evasion moves are banned\n|rule|Evasion Items Clause: Evasion items are banned\n|rule|Species Clause: Limit one of each Pok\u00e9mon\n|rule|Sleep Clause Mod: Limit one foe put to sleep\n|rule|Mega Rayquaza Clause: You cannot mega evolve Rayquaza\n|clearpoke\n|poke|p1|Kingambit, M|\n|poke|p2|Alakazam, F|\n|teampreview\n|inactive|Battle timer is ON: inactive players will automatically lose when time's up. (requested by gastalies)\n|\n|t:|1699303624\n|start\n|switch|p1a: Kingambit|Kingambit, M|100\/100\n|switch|p2a: Alakazam|Alakazam, F|100\/100\n|turn|1\n|\n|t:|1699303627\n|move|p1a: Kingambit|Sucker Punch|p2a: Alakazam\n|-supereffective|p2a: Alakazam\n|-enditem|p2a: Alakazam|Focus Sash\n|-damage|p2a: Alakazam|1\/100\n|move|p2a: Alakazam|Counter|p1a: Kingambit\n|-damage|p1a: Kingambit|0 fnt\n|faint|p1a: Kingambit\n|\n|win|gastalies\n","uploadtime":1699303631,"views":12,"p1id":"gastlies1","p2id":"gastalies","formatid":"gen9nationaldexubers","rating":0,"private":0,"password":""}