{"id":"gen9nationaldexubers-1996188909","p1":"Reality_Check56","p2":"Yami Tayori","format":"[Gen 9] National Dex Ubers","log":"|j|\u2606Reality_Check56\n|j|\u2606Yami Tayori\n|t:|1700656942\n|gametype|singles\n|player|p1|Reality_Check56|cogita|1236\n|player|p2|Yami Tayori|steven|1134\n|teamsize|p1|6\n|teamsize|p2|6\n|gen|9\n|tier|[Gen 9] National Dex Ubers\n|rated|\n|rule|HP Percentage Mod: HP is shown in percentages\n|rule|Endless Battle Clause: Forcing endless battles is banned\n|rule|OHKO Clause: OHKO moves are banned\n|rule|Evasion Moves Clause: Evasion moves are banned\n|rule|Evasion Items Clause: Evasion items are banned\n|rule|Species Clause: Limit one of each Pok\u00e9mon\n|rule|Sleep Clause Mod: Limit one foe put to sleep\n|rule|Mega Rayquaza Clause: You cannot mega evolve Rayquaza\n|clearpoke\n|poke|p1|Yveltal|\n|poke|p1|Necrozma-Dusk-Mane|\n|poke|p1|Arceus|\n|poke|p1|Eternatus|\n|poke|p1|Giratina-Origin|\n|poke|p1|Xerneas-*|\n|poke|p2|Ninetales-Alola, F|\n|poke|p2|Sandslash-Alola, M|\n|poke|p2|Aurorus, F|\n|poke|p2|Abomasnow, M|\n|poke|p2|Baxcalibur, M|\n|poke|p2|Avalugg, M|\n|teampreview\n|c|\u2606Reality_Check56|glf\n|c|\u2606Yami Tayori|Glhf\n|\n|t:|1700656961\n|start\n|switch|p1a: Necrozma|Necrozma-Dusk-Mane|100\/100\n|switch|p2a: Ice Fairy|Ninetales-Alola, F, shiny|100\/100\n|-weather|Snow|[from] ability: Snow Warning|[of] p2a: Ice Fairy\n|turn|1\n|j| jaldi\n|inactive|Battle timer is ON: inactive players will automatically lose when time's up. (requested by Yami Tayori)\n|j| Friendship is key\n|j| Philippinesuser\n|c| jaldi|supp\n|\n|t:|1700656969\n|move|p2a: Ice Fairy|Aurora Veil|p2a: Ice Fairy\n|-sidestart|p2: Yami Tayori|move: Aurora Veil\n|move|p1a: Necrozma|Stealth Rock|p2a: Ice Fairy\n|-sidestart|p2: Yami Tayori|move: Stealth Rock\n|\n|-weather|Snow|[upkeep]\n|upkeep\n|turn|2\n|\n|t:|1700656974\n|move|p2a: Ice Fairy|Encore|p1a: Necrozma\n|-start|p1a: Necrozma|Encore\n|move|p1a: Necrozma|Stealth Rock||[still]\n|-fail|p1a: Necrozma\n|\n|-weather|Snow|[upkeep]\n|upkeep\n|turn|3\n|l| Philippinesuser\n|\n|t:|1700656983\n|switch|p2a: Mister Fridge|Baxcalibur, M, shiny|100\/100\n|-damage|p2a: Mister Fridge|75\/100|[from] Stealth Rock\n|switch|p1a: Arceus|Arceus|100\/100\n|\n|-weather|Snow|[upkeep]\n|-heal|p2a: Mister Fridge|82\/100|[from] ability: Ice Body\n|upkeep\n|turn|4\n|c| jaldi|my team is on construction\n|j| greninjas husband\n|c|\u2606Yami Tayori|Sup\n|j| noob2top100\n|\n|t:|1700656998\n|switch|p1a: Necrozma|Necrozma-Dusk-Mane|100\/100\n|move|p2a: Mister Fridge|Swords Dance|p2a: Mister Fridge\n|-boost|p2a: Mister Fridge|atk|2\n|\n|-weather|Snow|[upkeep]\n|-heal|p2a: Mister Fridge|88\/100|[from] ability: Ice Body\n|upkeep\n|turn|5\n|c| noob2top100|mon ic\n|c| jaldi|wth ice only\n|c| noob2top100|ice\n|c| noob2top100|bro\n|c| noob2top100|dont use ur only metal type so early against a mono ice\n|inactive|Reality_Check56 has 120 seconds left.\n|\n|t:|1700657035\n|-terastallize|p2a: Mister Fridge|Ground\n|move|p2a: Mister Fridge|Earthquake|p1a: Necrozma\n|-supereffective|p1a: Necrozma\n|-damage|p1a: Necrozma|0 fnt\n|faint|p1a: Necrozma\n|\n|-weather|none\n|upkeep\n|c| noob2top100|especially since bax gets eq\n|c| greninjas husband|and get this.. his suicide note was stuck  to the fridge with a cookie monster magnet.. all he wrote on it, nicole's fault, i'm nicole by the way hi WHAT THE FUCK DID I DO TO HIM?!\n|c|\u2606Reality_Check56|welp\n|c| jaldi|arceus\n|c| noob2top100|welp thats gg\n|\n|t:|1700657048\n|switch|p1a: Yveltal|Yveltal|100\/100\n|-ability|p1a: Yveltal|Dark Aura\n|turn|6\n|c| noob2top100|if he runs scale shot then\n|c| noob2top100|foul play\n|j| ThatBoyBobby\n|c|\u2606Yami Tayori|God\n|c| ThatBoyBobby|reality check\n|c|\u2606Reality_Check56|wat\n|inactive|Yami Tayori has 120 seconds left.\n|c| ThatBoyBobby|can we battle after this?\n|c| noob2top100|bax still wins4\n|j| koraidonn\n|l| Friendship is key\n|c|\u2606Reality_Check56|Sure\n|\n|t:|1700657083\n|move|p1a: Yveltal|Foul Play|p2a: Mister Fridge\n|-damage|p2a: Mister Fridge|14\/100\n|move|p2a: Mister Fridge|Icicle Spear|p1a: Yveltal\n|-supereffective|p1a: Yveltal\n|-damage|p1a: Yveltal|53\/100\n|-supereffective|p1a: Yveltal\n|-damage|p1a: Yveltal|9\/100\n|-supereffective|p1a: Yveltal\n|-damage|p1a: Yveltal|0 fnt\n|faint|p1a: Yveltal\n|-hitcount|p1: Yveltal|3\n|\n|upkeep\n|c| ThatBoyBobby|ok\n|inactive|Reality_Check56 has 120 seconds left.\n|c| noob2top100|ice shard\n|c| noob2top100|scale shot\n|\n|t:|1700657094\n|switch|p1a: Giratina|Giratina-Origin|100\/100\n|turn|7\n|inactive|Reality_Check56 has 120 seconds left.\n|c| noob2top100|ddance\n|inactive|Yami Tayori has 120 seconds left.\n|\n|t:|1700657105\n|move|p2a: Mister Fridge|Scale Shot|p1a: Giratina\n|-supereffective|p1a: Giratina\n|-damage|p1a: Giratina|61\/100\n|-supereffective|p1a: Giratina\n|-damage|p1a: Giratina|22\/100\n|-supereffective|p1a: Giratina\n|-crit|p1a: Giratina\n|-damage|p1a: Giratina|0 fnt\n|faint|p1a: Giratina\n|-hitcount|p1: Giratina|3\n|-unboost|p2a: Mister Fridge|def|1\n|-boost|p2a: Mister Fridge|spe|1\n|\n|upkeep\n|c| ThatBoyBobby|is this... an ice mono team?\n|inactive|Reality_Check56 has 120 seconds left.\n|\n|t:|1700657112\n|switch|p1a: Arceus|Arceus|100\/100\n|turn|8\n|c| noob2top100|no its a mono fire\n|c| noob2top100|:\/\n|c| ThatBoyBobby|:0\n|\n|t:|1700657121\n|move|p1a: Arceus|Extreme Speed|p2a: Mister Fridge\n|-damage|p2a: Mister Fridge|0 fnt\n|faint|p2a: Mister Fridge\n|\n|-sideend|p2: Yami Tayori|move: Aurora Veil\n|upkeep\n|c| ThatBoyBobby|ok\n|c|\u2606Reality_Check56|heheh\n|\n|t:|1700657129\n|switch|p2a: Snow Maker|Aurorus, F|100\/100\n|-damage|p2a: Snow Maker|76\/100|[from] Stealth Rock\n|-weather|Snow|[from] ability: Snow Warning|[of] p2a: Snow Maker\n|turn|9\n|\n|t:|1700657134\n|move|p1a: Arceus|Swords Dance|p1a: Arceus\n|-boost|p1a: Arceus|atk|2\n|move|p2a: Snow Maker|Aurora Veil|p2a: Snow Maker\n|-sidestart|p2: Yami Tayori|move: Aurora Veil\n|\n|-weather|Snow|[upkeep]\n|-heal|p2a: Snow Maker|82\/100|[from] item: Leftovers\n|upkeep\n|turn|10\n|c| ThatBoyBobby|but i thought baxcalibur was an ice type\n|c| noob2top100|2 veils :c\n|c| noob2top100|i mean 3\n|\n|t:|1700657143\n|move|p1a: Arceus|Extreme Speed|p2a: Snow Maker\n|-resisted|p2a: Snow Maker\n|-damage|p2a: Snow Maker|70\/100\n|move|p2a: Snow Maker|Blizzard|p1a: Arceus\n|-damage|p1a: Arceus|77\/100\n|-status|p1a: Arceus|frz\n|-enditem|p1a: Arceus|Lum Berry|[eat]\n|-curestatus|p1a: Arceus|frz|[msg]\n|\n|-weather|Snow|[upkeep]\n|-heal|p2a: Snow Maker|76\/100|[from] item: Leftovers\n|upkeep\n|turn|11\n|c| noob2top100|he has 3 veilers :c\n|c|\u2606Reality_Check56|hmm\n|c|\u2606Reality_Check56|welp\n|c| koraidonn|yami is using ice mono i think\n|c|\u2606Yami Tayori|Yup\n|c| ThatBoyBobby|ya think?\n|c|\u2606Yami Tayori|Tho I lost\n|c| noob2top100|mi wins\n|c| noob2top100|yami\n|inactive|Yami Tayori has 120 seconds left.\n|c| noob2top100|if he doesnt throw\n|c| ThatBoyBobby|why are you using that in natdex ubers\n|\n|t:|1700657177\n|switch|p1a: Xerneas|Xerneas|100\/100\n|-ability|p1a: Xerneas|Fairy Aura\n|move|p2a: Snow Maker|Blizzard|p1a: Xerneas\n|-damage|p1a: Xerneas|71\/100\n|\n|-weather|Snow|[upkeep]\n|-heal|p2a: Snow Maker|82\/100|[from] item: Leftovers\n|upkeep\n|turn|12\n|c| koraidonn|use mono elec bcuz 1 weakness\n|\n|t:|1700657186\n|move|p1a: Xerneas|Geomancy||[still]\n|-prepare|p1a: Xerneas|Geomancy\n|-enditem|p1a: Xerneas|Power Herb\n|-anim|p1a: Xerneas|Geomancy|p1a: Xerneas\n|-boost|p1a: Xerneas|spa|2\n|-boost|p1a: Xerneas|spd|2\n|-boost|p1a: Xerneas|spe|2\n|move|p2a: Snow Maker|Blizzard|p1a: Xerneas\n|-damage|p1a: Xerneas|54\/100\n|\n|-weather|Snow|[upkeep]\n|-heal|p2a: Snow Maker|89\/100|[from] item: Leftovers\n|upkeep\n|turn|13\n|c| ThatBoyBobby|i use mono elctric\n|c| noob2top100|bruv\n|c| ThatBoyBobby|but face ground\n|c| ThatBoyBobby|you ded\n|c| noob2top100|?????\/\/\n|inactive|Yami Tayori has 120 seconds left.\n|c|\u2606Yami Tayori|I want ice\n|c| noob2top100|any of u wanna battle me?\n|c|\u2606Yami Tayori|Because ICE\n|\n|t:|1700657221\n|move|p1a: Xerneas|Moonblast|p2a: Snow Maker\n|-damage|p2a: Snow Maker|44\/100\n|-unboost|p2a: Snow Maker|spa|1\n|move|p2a: Snow Maker|Stealth Rock|p1a: Xerneas\n|-sidestart|p1: Reality_Check56|move: Stealth Rock\n|\n|-weather|none\n|-heal|p2a: Snow Maker|50\/100|[from] item: Leftovers\n|-sideend|p2: Yami Tayori|move: Aurora Veil\n|upkeep\n|turn|14\n|c|\u2606Reality_Check56|!dt Arurorus\nNo Pok\u00e9mon, item, move, ability or nature named 'Arurorus' was found. Showing the data of 'Aurorus' instead.\n|raw|<div class=\"message\"><ul class=\"utilichart\"><li class=\"result\"><span class=\"col numcol\">RU<\/span> <span class=\"col iconcol\"><psicon pokemon=\"aurorus\"\/><\/span> <span class=\"col pokemonnamecol\" style=\"white-space:nowrap\"><a href=\"https:\/\/dex.pokemonshowdown.com\/pokemon\/aurorus\" target=\"_blank\">Aurorus<\/a><\/span> <span class=\"col typecol\"><img src=\"https:\/\/play.pokemonshowdown.com\/sprites\/types\/Rock.png\" alt=\"Rock\" height=\"14\" width=\"32\"><img src=\"https:\/\/play.pokemonshowdown.com\/sprites\/types\/Ice.png\" alt=\"Ice\" height=\"14\" width=\"32\"><\/span> <span style=\"float:left;min-height:26px\"><span class=\"col abilitycol\">Refrigerate<\/span><span class=\"col abilitycol\"><em>Snow Warning<\/em><\/span><\/span><span style=\"float:left;min-height:26px\"><span class=\"col statcol\"><em>HP<\/em><br \/>123<\/span> <span class=\"col statcol\"><em>Atk<\/em><br \/>77<\/span> <span class=\"col statcol\"><em>Def<\/em><br \/>72<\/span> <span class=\"col statcol\"><em>SpA<\/em><br \/>99<\/span> <span class=\"col statcol\"><em>SpD<\/em><br \/>92<\/span> <span class=\"col statcol\"><em>Spe<\/em><br \/>58<\/span> <span class=\"col bstcol\"><em>BST<br \/>521<\/em><\/span> <\/span><\/li><li style=\"clear:both\"><\/li><\/ul><\/div>\n|raw|<font size=\"1\"><font color=\"#686868\">Dex#:<\/font> 699&nbsp;|&ThickSpace;<font color=\"#686868\">Gen:<\/font> 6&nbsp;|&ThickSpace;<font color=\"#686868\">Height:<\/font> 2.7 m&nbsp;|&ThickSpace;<font color=\"#686868\">Weight:<\/font> 225 kg <em>(120 BP)<\/em>&nbsp;|&ThickSpace;<font color=\"#686868\">Dex Colour:<\/font> Blue&nbsp;|&ThickSpace;<font color=\"#686868\">Egg Group(s):<\/font> Monster&nbsp;|&ThickSpace;<font color=\"#686868\">Pre-Evolution:<\/font> Amaura&nbsp;|&ThickSpace;<font color=\"#686868\">Does Not Evolve<\/font><\/font>\n\n|c| ThatBoyBobby|i have a mid ice mono team\n|\n|t:|1700657230\n|move|p1a: Xerneas|Geomancy||[still]\n|-prepare|p1a: Xerneas|Geomancy\n|move|p2a: Snow Maker|Freeze-Dry|p1a: Xerneas\n|-damage|p1a: Xerneas|46\/100\n|\n|-heal|p2a: Snow Maker|57\/100|[from] item: Leftovers\n|upkeep\n|turn|15\n|\n|t:|1700657236\n|switch|p2a: Christmas Tree|Abomasnow, M, shiny|100\/100\n|-damage|p2a: Christmas Tree|75\/100|[from] Stealth Rock\n|-weather|Snow|[from] ability: Snow Warning|[of] p2a: Christmas Tree\n|move|p1a: Xerneas|Geomancy|p1a: Xerneas|[from]lockedmove\n|-boost|p1a: Xerneas|spa|2\n|-boost|p1a: Xerneas|spd|2\n|-boost|p1a: Xerneas|spe|2\n|\n|-weather|Snow|[upkeep]\n|upkeep\n|turn|16\n|j| Carmines No.1 Fan\n|c|\u2606Reality_Check56|Mis click\n|c| Carmines No.1 Fan|Ok now I\u2019m next\n|\n|t:|1700657245\n|detailschange|p2a: Christmas Tree|Abomasnow-Mega, M, shiny\n|-mega|p2a: Christmas Tree|Abomasnow|Abomasite\n|move|p1a: Xerneas|Moonblast|p2a: Christmas Tree\n|-damage|p2a: Christmas Tree|0 fnt\n|faint|p2a: Christmas Tree\n|\n|-weather|Snow|[upkeep]\n|upkeep\n|c| greninjas husband|gag\n|c| ThatBoyBobby|abomasnow?\n|c| noob2top100|no way\n|inactive|Yami Tayori has 120 seconds left.\n|c| noob2top100|wait\n|\n|t:|1700657264\n|switch|p2a: Vanilla|Avalugg, M|100\/100\n|-damage|p2a: Vanilla|75\/100|[from] Stealth Rock\n|turn|17\n|\n|t:|1700657268\n|move|p1a: Xerneas|Moonblast|p2a: Vanilla\n|-damage|p2a: Vanilla|0 fnt\n|faint|p2a: Vanilla\n|\n|-weather|Snow|[upkeep]\n|upkeep\n|c| noob2top100|why didnt u go sanslash\n|\n|t:|1700657274\n|switch|p2a: Gotta Go Fast|Sandslash-Alola, M|100\/100\n|-damage|p2a: Gotta Go Fast|88\/100|[from] Stealth Rock\n|turn|18\n|c| noob2top100|when he clicked geo\n|\n|t:|1700657277\n|move|p1a: Xerneas|Moonblast|p2a: Gotta Go Fast\n|-resisted|p2a: Gotta Go Fast\n|-damage|p2a: Gotta Go Fast|0 fnt\n|faint|p2a: Gotta Go Fast\n|\n|-weather|Snow|[upkeep]\n|upkeep\n|c| Carmines No.1 Fan|It\u2019s gg\n|c| noob2top100|yami wanna battle?\n|c| koraidonn|rip snowslash\n|c|\u2606Reality_Check56|Rip\n|c|\u2606Yami Tayori|Man let me play\n|c| Carmines No.1 Fan|No noob2top\n|inactive|Yami Tayori has 120 seconds left.\n|\n|t:|1700657305\n|switch|p2a: Snow Maker|Aurorus, F|57\/100\n|-damage|p2a: Snow Maker|32\/100|[from] Stealth Rock\n|turn|19\n|c|\u2606Reality_Check56|NAh\n|c|\u2606Reality_Check56|I like to bully\n|\n|t:|1700657312\n|move|p1a: Xerneas|Moonblast|p2a: Snow Maker\n|-damage|p2a: Snow Maker|0 fnt\n|faint|p2a: Snow Maker\n|\n|-weather|none\n|upkeep\n|c| noob2top100|reality\n|c| Carmines No.1 Fan|Im playing Reality check next\n|c| noob2top100|bully me then\n|c| ThatBoyBobby|no\n|c| noob2top100|reality check\n|inactive|Yami Tayori has 120 seconds left.\n|c| noob2top100|bully me\n|c| ThatBoyBobby|i asked first buddy\n|c| noob2top100|i lready battled him\n|c|\u2606Yami Tayori|I wasn't talking tooppo you\n|c|\u2606Yami Tayori|I was talking to the other guys\n|\n|t:|1700657354\n|switch|p2a: Ice Fairy|Ninetales-Alola, F, shiny|100\/100\n|-damage|p2a: Ice Fairy|75\/100|[from] Stealth Rock\n|-weather|Snow|[from] ability: Snow Warning|[of] p2a: Ice Fairy\n|turn|20\n|c|\u2606Reality_Check56|GGwp\n|c|\u2606Reality_Check56|Wo wants to fight first?\n|\n|t:|1700657366\n|move|p1a: Xerneas|Moonblast|p2a: Ice Fairy\n|-damage|p2a: Ice Fairy|0 fnt\n|faint|p2a: Ice Fairy\n|\n|win|Reality_Check56\n|raw|Reality_Check56's rating: 1236 &rarr; <strong>1254<\/strong><br \/>(+18 for winning)\n|raw|Yami Tayori's rating: 1134 &rarr; <strong>1116<\/strong><br \/>(-18 for losing)\n","uploadtime":1700657040,"views":0,"p1id":"realitycheck56","p2id":"yamitayori","formatid":"gen9nationaldexubers","rating":1116,"private":0,"password":""}