{"id":"gen9nationaldexubers-1985725913","p1":"vic_ketchum","p2":"MIGUEL FD7","format":"[Gen 9] National Dex Ubers","log":"|j|\u2606vic_ketchum\n|j|\u2606MIGUEL FD7\n|t:|1699399696\n|gametype|singles\n|player|p1|vic_ketchum|ash-kalos|1015\n|player|p2|MIGUEL FD7|steven|1051\n|teamsize|p1|6\n|teamsize|p2|3\n|gen|9\n|tier|[Gen 9] National Dex Ubers\n|rated|\n|rule|HP Percentage Mod: HP is shown in percentages\n|rule|Endless Battle Clause: Forcing endless battles is banned\n|rule|OHKO Clause: OHKO moves are banned\n|rule|Evasion Moves Clause: Evasion moves are banned\n|rule|Evasion Items Clause: Evasion items are banned\n|rule|Species Clause: Limit one of each Pok\u00e9mon\n|rule|Sleep Clause Mod: Limit one foe put to sleep\n|rule|Mega Rayquaza Clause: You cannot mega evolve Rayquaza\n|clearpoke\n|poke|p1|Mewtwo|\n|poke|p1|Pheromosa|\n|poke|p1|Deoxys|\n|poke|p1|Buzzwole|\n|poke|p1|Zoroark, M|\n|poke|p1|Scizor, M|\n|poke|p2|Scizor, M|\n|poke|p2|Zeraora|\n|poke|p2|Naganadel|\n|teampreview\n|inactive|Battle timer is ON: inactive players will automatically lose when time's up. (requested by vic_ketchum)\n|\n|t:|1699399704\n|start\n|switch|p1a: CELL|Pheromosa|100\/100\n|switch|p2a: Naganadel|Naganadel|100\/100\n|turn|1\n|\n|t:|1699399713\n|move|p1a: CELL|Ice Beam|p2a: Naganadel\n|-supereffective|p2a: Naganadel\n|-damage|p2a: Naganadel|22\/100\n|move|p2a: Naganadel|Fire Blast|p1a: CELL\n|-supereffective|p1a: CELL\n|-enditem|p1a: CELL|Focus Sash\n|-damage|p1a: CELL|1\/100\n|\n|upkeep\n|turn|2\n|\n|t:|1699399724\n|move|p1a: CELL|Ice Beam|p2a: Naganadel\n|-supereffective|p2a: Naganadel\n|-damage|p2a: Naganadel|0 fnt\n|faint|p2a: Naganadel\n|-ability|p1a: CELL|Beast Boost|boost\n|-boost|p1a: CELL|atk|1\n|\n|upkeep\n|\n|t:|1699399731\n|switch|p2a: Scizor|Scizor, M|100\/100\n|turn|3\n|\n|t:|1699399735\n|detailschange|p2a: Scizor|Scizor-Mega, M\n|-mega|p2a: Scizor|Scizor|Scizorite\n|move|p1a: CELL|Rapid Spin|p2a: Scizor\n|-resisted|p2a: Scizor\n|-damage|p2a: Scizor|88\/100\n|-boost|p1a: CELL|spe|1\n|move|p2a: Scizor|Swords Dance|p2a: Scizor\n|-boost|p2a: Scizor|atk|2\n|\n|upkeep\n|turn|4\n|\n|t:|1699399746\n|move|p2a: Scizor|Bullet Punch|p1a: CELL\n|-damage|p1a: CELL|0 fnt\n|faint|p1a: CELL\n|\n|upkeep\n|\n|t:|1699399751\n|switch|p1a: XICOR|Scizor, M, shiny|100\/100\n|turn|5\n|\n|t:|1699399755\n|move|p1a: XICOR|Flamethrower|p2a: Scizor\n|-supereffective|p2a: Scizor\n|-damage|p2a: Scizor|0 fnt\n|faint|p2a: Scizor\n|\n|upkeep\n|-message|MIGUEL FD7 forfeited.\n|\n|win|vic_ketchum\n|raw|vic_ketchum's rating: 1015 &rarr; <strong>1057<\/strong><br \/>(+42 for winning)\n|raw|MIGUEL FD7's rating: 1051 &rarr; <strong>1032<\/strong><br \/>(-19 for losing)\n|l|\u2606MIGUEL FD7\n","uploadtime":1699399764,"views":5,"p1id":"vicketchum","p2id":"miguelfd7","formatid":"gen9nationaldexubers","rating":1032,"private":0,"password":""}