{"id":"gen9nationaldexubers-1988149798","p1":"Quizzle_tip","p2":"Rhyfinn 03","format":"[Gen 9] National Dex Ubers","log":"|j|\u2606Quizzle_tip\n|j|\u2606Rhyfinn 03\n|t:|1699675924\n|gametype|singles\n|player|p1|Quizzle_tip|n|1196\n|player|p2|Rhyfinn 03|alder|1310\n|teamsize|p1|6\n|teamsize|p2|6\n|gen|9\n|tier|[Gen 9] National Dex Ubers\n|rated|\n|rule|HP Percentage Mod: HP is shown in percentages\n|rule|Endless Battle Clause: Forcing endless battles is banned\n|rule|OHKO Clause: OHKO moves are banned\n|rule|Evasion Moves Clause: Evasion moves are banned\n|rule|Evasion Items Clause: Evasion items are banned\n|rule|Species Clause: Limit one of each Pok\u00e9mon\n|rule|Sleep Clause Mod: Limit one foe put to sleep\n|rule|Mega Rayquaza Clause: You cannot mega evolve Rayquaza\n|clearpoke\n|poke|p1|Hydreigon, M|\n|poke|p1|Raichu, F|\n|poke|p1|Mewtwo|\n|poke|p1|Aegislash, M|\n|poke|p1|Greninja-*, M|\n|poke|p1|Sylveon, F|\n|poke|p2|Groudon|\n|poke|p2|Xerneas-*|\n|poke|p2|Marshadow|\n|poke|p2|Necrozma-Dusk-Mane|\n|poke|p2|Deoxys-Speed|\n|poke|p2|Rayquaza|\n|teampreview\n|inactive|Battle timer is ON: inactive players will automatically lose when time's up. (requested by Rhyfinn 03)\n|\n|t:|1699675931\n|start\n|switch|p1a: Hydreigon|Hydreigon, M|100\/100\n|switch|p2a: Deoxys|Deoxys-Speed, shiny|100\/100\n|-ability|p2a: Deoxys|Pressure\n|turn|1\n|\n|t:|1699675940\n|move|p2a: Deoxys|Taunt|p1a: Hydreigon\n|-start|p1a: Hydreigon|move: Taunt\n|move|p1a: Hydreigon|Dark Pulse|p2a: Deoxys\n|-supereffective|p2a: Deoxys\n|-enditem|p2a: Deoxys|Focus Sash\n|-damage|p2a: Deoxys|1\/100\n|-damage|p1a: Hydreigon|91\/100|[from] item: Life Orb\n|\n|upkeep\n|turn|2\n|\n|t:|1699675946\n|move|p2a: Deoxys|Stealth Rock|p1a: Hydreigon\n|-sidestart|p1: Quizzle_tip|move: Stealth Rock\n|move|p1a: Hydreigon|Dark Pulse|p2a: Deoxys\n|-supereffective|p2a: Deoxys\n|-damage|p2a: Deoxys|0 fnt\n|faint|p2a: Deoxys\n|-damage|p1a: Hydreigon|81\/100|[from] item: Life Orb\n|\n|upkeep\n|\n|t:|1699675952\n|switch|p2a: Xerneas|Xerneas|100\/100\n|-ability|p2a: Xerneas|Fairy Aura\n|turn|3\n|\n|t:|1699675960\n|switch|p1a: Aegislash|Aegislash, M, shiny|100\/100\n|-damage|p1a: Aegislash|94\/100|[from] Stealth Rock\n|move|p2a: Xerneas|Geomancy||[still]\n|-prepare|p2a: Xerneas|Geomancy\n|-enditem|p2a: Xerneas|Power Herb\n|-anim|p2a: Xerneas|Geomancy|p2a: Xerneas\n|-boost|p2a: Xerneas|spa|2\n|-boost|p2a: Xerneas|spd|2\n|-boost|p2a: Xerneas|spe|2\n|\n|-heal|p1a: Aegislash|100\/100|[from] item: Leftovers\n|upkeep\n|turn|4\n|\n|t:|1699675968\n|-terastallize|p2a: Xerneas|Fire\n|move|p2a: Xerneas|Hidden Power|p1a: Aegislash\n|-supereffective|p1a: Aegislash\n|-damage|p1a: Aegislash|0 fnt\n|faint|p1a: Aegislash\n|\n|upkeep\n|-message|Quizzle_tip forfeited.\n|\n|win|Rhyfinn 03\n|raw|Quizzle_tip's rating: 1196 &rarr; <strong>1179<\/strong><br \/>(-17 for losing)\n|raw|Rhyfinn 03's rating: 1310 &rarr; <strong>1324<\/strong><br \/>(+14 for winning)\n|l|\u2606Quizzle_tip\n","uploadtime":1699675980,"views":4,"p1id":"quizzletip","p2id":"rhyfinn03","formatid":"gen9nationaldexubers","rating":1179,"private":0,"password":""}