{"id":"gen9nationaldexubers-1989119019","p1":"KarmaKazama0","p2":"e142700louis","format":"[Gen 9] National Dex Ubers","log":"|j|\u2606KarmaKazama0\n|j|\u2606e142700louis\n|t:|1699814273\n|gametype|singles\n|player|p1|KarmaKazama0|1|1274\n|player|p2|e142700louis|wallace|1358\n|teamsize|p1|6\n|teamsize|p2|6\n|gen|9\n|tier|[Gen 9] National Dex Ubers\n|rated|\n|rule|HP Percentage Mod: HP is shown in percentages\n|rule|Endless Battle Clause: Forcing endless battles is banned\n|rule|OHKO Clause: OHKO moves are banned\n|rule|Evasion Moves Clause: Evasion moves are banned\n|rule|Evasion Items Clause: Evasion items are banned\n|rule|Species Clause: Limit one of each Pok\u00e9mon\n|rule|Sleep Clause Mod: Limit one foe put to sleep\n|rule|Mega Rayquaza Clause: You cannot mega evolve Rayquaza\n|clearpoke\n|poke|p1|Salamence, F|\n|poke|p1|Kyogre|\n|poke|p1|Groudon|\n|poke|p1|Buzzwole|\n|poke|p1|Eternatus|\n|poke|p1|Arceus-Fairy|\n|poke|p2|Lucario, F|\n|poke|p2|Sneasler, M|\n|poke|p2|Pheromosa|\n|poke|p2|Annihilape, F|\n|poke|p2|Chesnaught, M|\n|poke|p2|Great Tusk|\n|teampreview\n|inactive|Battle timer is ON: inactive players will automatically lose when time's up. (requested by KarmaKazama0)\n|\n|t:|1699814289\n|start\n|switch|p1a: Kyogre|Kyogre|100\/100\n|switch|p2a: Pheromosa|Pheromosa|100\/100\n|detailschange|p1a: Kyogre|Kyogre-Primal\n|-primal|p1a: Kyogre|Blue Orb\n|-weather|PrimordialSea|[from] ability: Primordial Sea|[of] p1a: Kyogre\n|turn|1\n|\n|t:|1699814300\n|move|p2a: Pheromosa|U-turn|p1a: Kyogre\n|-damage|p1a: Kyogre|69\/100\n|\n|t:|1699814306\n|switch|p2a: Chesnaught|Chesnaught, M|100\/100|[from] U-turn\n|move|p1a: Kyogre|Origin Pulse|p2a: Chesnaught\n|-resisted|p2a: Chesnaught\n|-damage|p2a: Chesnaught|34\/100\n|\n|-weather|PrimordialSea|[upkeep]\n|-heal|p2a: Chesnaught|40\/100|[from] item: Leftovers\n|upkeep\n|turn|2\n|\n|t:|1699814318\n|-weather|none\n|switch|p1a: Salamence|Salamence, F|100\/100\n|-ability|p1a: Salamence|Intimidate|boost\n|-unboost|p2a: Chesnaught|atk|1\n|move|p2a: Chesnaught|Wood Hammer|p1a: Salamence\n|-resisted|p1a: Salamence\n|-damage|p1a: Salamence|88\/100\n|-damage|p2a: Chesnaught|37\/100|[from] Recoil\n|\n|-heal|p2a: Chesnaught|43\/100|[from] item: Leftovers\n|upkeep\n|turn|3\n|\n|t:|1699814329\n|detailschange|p1a: Salamence|Salamence-Mega, F\n|-mega|p1a: Salamence|Salamence|Salamencite\n|move|p1a: Salamence|Dragon Dance|p1a: Salamence\n|-boost|p1a: Salamence|atk|1\n|-boost|p1a: Salamence|spe|1\n|move|p2a: Chesnaught|Knock Off|p1a: Salamence\n|-damage|p1a: Salamence|77\/100\n|\n|-heal|p2a: Chesnaught|49\/100|[from] item: Leftovers\n|upkeep\n|turn|4\n|\n|t:|1699814339\n|move|p1a: Salamence|Return|p2a: Chesnaught\n|-supereffective|p2a: Chesnaught\n|-damage|p2a: Chesnaught|0 fnt\n|faint|p2a: Chesnaught\n|\n|upkeep\n|inactive|e142700louis has 120 seconds left.\n|\n|t:|1699814371\n|switch|p2a: Lucario|Lucario, F|100\/100\n|turn|5\n|inactive|e142700louis has 120 seconds left.\n|\n|t:|1699814381\n|detailschange|p2a: Lucario|Lucario-Mega, F\n|-mega|p2a: Lucario|Lucario|Lucarionite\n|move|p2a: Lucario|Extreme Speed|p1a: Salamence\n|-damage|p1a: Salamence|52\/100\n|move|p1a: Salamence|Return|p2a: Lucario\n|-damage|p2a: Lucario|0 fnt\n|faint|p2a: Lucario\n|\n|upkeep\n|inactive|e142700louis has 120 seconds left.\n|-message|e142700louis forfeited.\n|\n|win|KarmaKazama0\n|raw|KarmaKazama0's rating: 1274 &rarr; <strong>1305<\/strong><br \/>(+31 for winning)\n|raw|e142700louis's rating: 1358 &rarr; <strong>1333<\/strong><br \/>(-25 for losing)\n|l|\u2606e142700louis\n","uploadtime":1699814393,"views":18,"p1id":"karmakazama0","p2id":"e142700louis","formatid":"gen9nationaldexubers","rating":1305,"private":0,"password":""}