{"id":"gen9nationaldexubers-1996580623","p1":"moljac","p2":"stan51","format":"[Gen 9] National Dex Ubers","log":"|j|\u2606moljac\n|j|\u2606stan51\n|t:|1700696709\n|gametype|singles\n|player|p1|moljac|1|1058\n|player|p2|stan51|266|1000\n|teamsize|p1|6\n|teamsize|p2|6\n|gen|9\n|tier|[Gen 9] National Dex Ubers\n|rated|\n|rule|HP Percentage Mod: HP is shown in percentages\n|rule|Endless Battle Clause: Forcing endless battles is banned\n|rule|OHKO Clause: OHKO moves are banned\n|rule|Evasion Moves Clause: Evasion moves are banned\n|rule|Evasion Items Clause: Evasion items are banned\n|rule|Species Clause: Limit one of each Pok\u00e9mon\n|rule|Sleep Clause Mod: Limit one foe put to sleep\n|rule|Mega Rayquaza Clause: You cannot mega evolve Rayquaza\n|clearpoke\n|poke|p1|Eiscue, M|\n|poke|p1|Pelipper, M|\n|poke|p1|Porygon2|\n|poke|p1|Ferrothorn, F|\n|poke|p1|Ditto|\n|poke|p1|Smeargle, M|\n|poke|p2|Primarina, F|\n|poke|p2|Darmanitan, M|\n|poke|p2|Cradily, F|\n|poke|p2|Electivire, M|\n|poke|p2|Corviknight, M|\n|poke|p2|Banette, M|\n|teampreview\n|\n|t:|1700696728\n|start\n|switch|p1a: Eiscue|Eiscue, M|100\/100\n|switch|p2a: Cradily|Cradily, F|100\/100\n|turn|1\n|\n|t:|1700696735\n|switch|p2a: Darmanitan|Darmanitan, M|100\/100\n|move|p1a: Eiscue|Substitute|p1a: Eiscue\n|-start|p1a: Eiscue|Substitute\n|-damage|p1a: Eiscue|75\/100\n|\n|upkeep\n|turn|2\n|\n|t:|1700696741\n|move|p2a: Darmanitan|Expanding Force|p1a: Eiscue\n|-activate|p1a: Eiscue|move: Substitute|[damage]\n|move|p1a: Eiscue|Belly Drum|p1a: Eiscue\n|-damage|p1a: Eiscue|25\/100\n|-setboost|p1a: Eiscue|atk|6|[from] move: Belly Drum\n|-enditem|p1a: Eiscue|Salac Berry|[eat]\n|-boost|p1a: Eiscue|spe|1|[from] item: Salac Berry\n|\n|upkeep\n|turn|3\n|\n|t:|1700696752\n|move|p1a: Eiscue|Zen Headbutt|p2a: Darmanitan\n|-damage|p2a: Darmanitan|0 fnt\n|faint|p2a: Darmanitan\n|\n|upkeep\n|\n|t:|1700696761\n|switch|p2a: Electivire|Electivire, M|100\/100\n|turn|4\n|\n|t:|1700696764\n|move|p1a: Eiscue|Icicle Spear|p2a: Electivire\n|-damage|p2a: Electivire|34\/100\n|-damage|p2a: Electivire|0 fnt\n|faint|p2a: Electivire\n|-hitcount|p2: Electivire|2\n|\n|upkeep\n|-message|stan51 forfeited.\n|\n|win|moljac\n|raw|moljac's rating: 1058 &rarr; <strong>1084<\/strong><br \/>(+26 for winning)\n|raw|stan51's rating: 1000 &rarr; <strong>1000<\/strong><br \/>(+0 for losing)\n|l|\u2606stan51\n","uploadtime":1700696838,"views":2,"p1id":"moljac","p2id":"stan51","formatid":"gen9nationaldexubers","rating":1000,"private":0,"password":""}