{"id":"gen9nationaldexubers-1995269714","p1":"rhydon112","p2":"Rhyfinn1.1.1","format":"[Gen 9] National Dex Ubers","log":"|j|\u2606rhydon112\n|j|\u2606Rhyfinn1.1.1\n|t:|1700544304\n|gametype|singles\n|player|p1|rhydon112|1|1069\n|player|p2|Rhyfinn1.1.1|ninjaboy|1031\n|teamsize|p1|6\n|teamsize|p2|6\n|gen|9\n|tier|[Gen 9] National Dex Ubers\n|rated|\n|rule|HP Percentage Mod: HP is shown in percentages\n|rule|Endless Battle Clause: Forcing endless battles is banned\n|rule|OHKO Clause: OHKO moves are banned\n|rule|Evasion Moves Clause: Evasion moves are banned\n|rule|Evasion Items Clause: Evasion items are banned\n|rule|Species Clause: Limit one of each Pok\u00e9mon\n|rule|Sleep Clause Mod: Limit one foe put to sleep\n|rule|Mega Rayquaza Clause: You cannot mega evolve Rayquaza\n|clearpoke\n|poke|p1|Heracross, M|\n|poke|p1|Landorus-Therian, M|\n|poke|p1|Magearna|\n|poke|p1|Mew|\n|poke|p1|Silvally-*|\n|poke|p1|Alomomola, F|\n|poke|p2|Xerneas-*|\n|poke|p2|Marshadow|\n|poke|p2|Groudon|\n|poke|p2|Deoxys-Speed|\n|poke|p2|Necrozma-Dusk-Mane|\n|poke|p2|Pheromosa|\n|teampreview\n|inactive|Battle timer is ON: inactive players will automatically lose when time's up. (requested by Rhyfinn1.1.1)\n|\n|t:|1700544308\n|start\n|switch|p1a: Mew|Mew|100\/100\n|switch|p2a: Deoxys|Deoxys-Speed, shiny|100\/100\n|-ability|p2a: Deoxys|Pressure\n|turn|1\n|\n|t:|1700544317\n|move|p2a: Deoxys|Taunt|p1a: Mew\n|-start|p1a: Mew|move: Taunt\n|cant|p1a: Mew|move: Taunt|Stealth Rock\n|\n|upkeep\n|turn|2\n|\n|t:|1700544327\n|switch|p1a: Silvally|Silvally-Steel|100\/100\n|move|p2a: Deoxys|Stealth Rock|p1a: Silvally\n|-sidestart|p1: rhydon112|move: Stealth Rock\n|\n|upkeep\n|turn|3\n|\n|t:|1700544334\n|move|p2a: Deoxys|Taunt|p1a: Silvally\n|-start|p1a: Silvally|move: Taunt\n|cant|p1a: Silvally|move: Taunt|Defog\n|\n|upkeep\n|turn|4\n|\n|t:|1700544341\n|move|p2a: Deoxys|Spikes|p1a: Silvally\n|-sidestart|p1: rhydon112|Spikes\n|move|p1a: Silvally|U-turn|p2a: Deoxys\n|-supereffective|p2a: Deoxys\n|-damage|p2a: Deoxys|55\/100\n|\n|t:|1700544347\n|switch|p1a: Alomomola|Alomomola, F|100\/100|[from] U-turn\n|-damage|p1a: Alomomola|88\/100|[from] Stealth Rock\n|-damage|p1a: Alomomola|76\/100|[from] Spikes\n|\n|-heal|p1a: Alomomola|82\/100|[from] item: Leftovers\n|upkeep\n|turn|5\n|\n|t:|1700544356\n|move|p2a: Deoxys|Taunt|p1a: Alomomola\n|-start|p1a: Alomomola|move: Taunt\n|cant|p1a: Alomomola|move: Taunt|Toxic\n|\n|-heal|p1a: Alomomola|88\/100|[from] item: Leftovers\n|upkeep\n|turn|6\n|-message|rhydon112 forfeited.\n|\n|win|Rhyfinn1.1.1\n|raw|rhydon112's rating: 1069 &rarr; <strong>1046<\/strong><br \/>(-23 for losing)\n|raw|Rhyfinn1.1.1's rating: 1031 &rarr; <strong>1070<\/strong><br \/>(+39 for winning)\n|l|\u2606rhydon112\n","uploadtime":1700544364,"views":1,"p1id":"rhydon112","p2id":"rhyfinn111","formatid":"gen9nationaldexubers","rating":1046,"private":0,"password":""}