{"id":"gen9nationaldexubers-1983140797","p1":"Idcameron","p2":"Gatita golosa 123","format":"[Gen 9] National Dex Ubers","log":"|j|\u2606Idcameron\n|j|\u2606Gatita golosa 123\n|t:|1699094693\n|gametype|singles\n|player|p1|Idcameron|jasmine-masters|1222\n|player|p2|Gatita golosa 123|pokekid|1300\n|teamsize|p1|6\n|teamsize|p2|6\n|gen|9\n|tier|[Gen 9] National Dex Ubers\n|rated|\n|rule|HP Percentage Mod: HP is shown in percentages\n|rule|Endless Battle Clause: Forcing endless battles is banned\n|rule|OHKO Clause: OHKO moves are banned\n|rule|Evasion Moves Clause: Evasion moves are banned\n|rule|Evasion Items Clause: Evasion items are banned\n|rule|Species Clause: Limit one of each Pok\u00e9mon\n|rule|Sleep Clause Mod: Limit one foe put to sleep\n|rule|Mega Rayquaza Clause: You cannot mega evolve Rayquaza\n|clearpoke\n|poke|p1|Yveltal|\n|poke|p1|Eternatus|\n|poke|p1|Necrozma-Dusk-Mane|\n|poke|p1|Azumarill, M|\n|poke|p1|Ferrothorn, M|\n|poke|p1|Mewtwo|\n|poke|p2|Blastoise, F|\n|poke|p2|Palafin, F|\n|poke|p2|Toxapex, F|\n|poke|p2|Jolteon, F|\n|poke|p2|Araquanid, M|\n|poke|p2|Basculegion, M|\n|teampreview\n|inactive|Battle timer is ON: inactive players will automatically lose when time's up. (requested by Idcameron)\n|\n|t:|1699094707\n|start\n|switch|p1a: Yveltal|Yveltal|100\/100\n|switch|p2a: Araquanid|Araquanid, M|100\/100\n|-ability|p1a: Yveltal|Dark Aura\n|turn|1\n|\n|t:|1699094712\n|move|p2a: Araquanid|Magic Coat|p2a: Araquanid\n|-singleturn|p2a: Araquanid|move: Magic Coat\n|move|p1a: Yveltal|Oblivion Wing|p2a: Araquanid\n|-supereffective|p2a: Araquanid\n|-damage|p2a: Araquanid|44\/100\n|\n|-heal|p2a: Araquanid|50\/100|[from] item: Leftovers\n|upkeep\n|turn|2\n|\n|t:|1699094719\n|move|p1a: Yveltal|Oblivion Wing|p2a: Araquanid\n|-supereffective|p2a: Araquanid\n|-damage|p2a: Araquanid|0 fnt\n|faint|p2a: Araquanid\n|\n|upkeep\n|\n|t:|1699094725\n|switch|p2a: Jolteon|Jolteon, F|100\/100\n|turn|3\n|c|\u2606Idcameron|!dt magic coat\n|raw|<ul class=\"utilichart\"><li class=\"result\"><span class=\"col movenamecol\"><a href=\"https:\/\/dex.pokemonshowdown.com\/moves\/magiccoat\">Magic Coat<\/a><\/span> <span class=\"col typecol\"><img src=\"\/\/play.pokemonshowdown.com\/sprites\/types\/Psychic.png\" alt=\"Psychic\" width=\"32\" height=\"14\"><img src=\"\/\/play.pokemonshowdown.com\/sprites\/categories\/Status.png\" alt=\"Status\" width=\"32\" height=\"14\"><\/span> <span class=\"col widelabelcol\"><em>Accuracy<\/em><br>\u2014<\/span> <span class=\"col pplabelcol\"><em>PP<\/em><br>24<\/span> <span class=\"col movedesccol\">Bounces back certain non-damaging moves.<\/span> <\/li><li style=\"clear:both\"><\/li><\/ul>\n|raw|<font size=\"1\"><font color=\"#686868\">Priority:<\/font> 4&nbsp;|&ThickSpace;<font color=\"#686868\">Gen:<\/font> 3&nbsp;|&ThickSpace;&#10007; Past Gens Only&nbsp;|&ThickSpace;<font color=\"#686868\">Z-Effect:<\/font>  Sp. Def +2&nbsp;|&ThickSpace;<font color=\"#686868\">Target:<\/font> User<\/font>\n\n|\n|t:|1699094736\n|switch|p1a: Ferrothorn|Ferrothorn, M|100\/100\n|move|p2a: Jolteon|Volt Switch|p1a: Ferrothorn\n|-resisted|p1a: Ferrothorn\n|-damage|p1a: Ferrothorn|81\/100\n|\n|t:|1699094741\n|switch|p2a: Blastoise|Blastoise, F|100\/100|[from] Volt Switch\n|\n|-heal|p1a: Ferrothorn|87\/100|[from] item: Leftovers\n|upkeep\n|turn|4\n|\n|t:|1699094744\n|move|p2a: Blastoise|Shell Smash|p2a: Blastoise\n|-unboost|p2a: Blastoise|def|1\n|-unboost|p2a: Blastoise|spd|1\n|-boost|p2a: Blastoise|atk|2\n|-boost|p2a: Blastoise|spa|2\n|-boost|p2a: Blastoise|spe|2\n|move|p1a: Ferrothorn|Leech Seed|p2a: Blastoise\n|-start|p2a: Blastoise|move: Leech Seed\n|\n|-heal|p1a: Ferrothorn|93\/100|[from] item: Leftovers\n|-damage|p2a: Blastoise|88\/100|[from] Leech Seed|[of] p1a: Ferrothorn\n|-heal|p1a: Ferrothorn|100\/100|[silent]\n|upkeep\n|turn|5\n|\n|t:|1699094748\n|detailschange|p2a: Blastoise|Blastoise-Mega, F\n|-mega|p2a: Blastoise|Blastoise|Blastoisinite\n|move|p2a: Blastoise|Aura Sphere|p1a: Ferrothorn\n|-supereffective|p1a: Ferrothorn\n|-damage|p1a: Ferrothorn|0 fnt\n|faint|p1a: Ferrothorn\n|\n|upkeep\n|\n|t:|1699094756\n|switch|p1a: Eternatus|Eternatus|100\/100\n|-ability|p1a: Eternatus|Pressure\n|turn|6\n|\n|t:|1699094760\n|move|p2a: Blastoise|Dark Pulse|p1a: Eternatus\n|-damage|p1a: Eternatus|33\/100\n|move|p1a: Eternatus|Dynamax Cannon|p2a: Blastoise\n|-damage|p2a: Blastoise|7\/100\n|\n|-heal|p1a: Eternatus|39\/100|[from] item: Black Sludge\n|-damage|p2a: Blastoise|0 fnt|[from] Leech Seed|[of] p1a: Eternatus\n|-heal|p1a: Eternatus|43\/100|[silent]\n|faint|p2a: Blastoise\n|upkeep\n|\n|t:|1699094775\n|switch|p2a: Basculegion|Basculegion, M|100\/100\n|turn|7\n|\n|t:|1699094789\n|-terastallize|p2a: Basculegion|Ghost\n|move|p2a: Basculegion|Last Respects|p1a: Eternatus\n|-damage|p1a: Eternatus|0 fnt\n|faint|p1a: Eternatus\n|\n|upkeep\n|\n|t:|1699094794\n|switch|p1a: Yveltal|Yveltal|100\/100\n|-ability|p1a: Yveltal|Dark Aura\n|turn|8\n|\n|t:|1699094798\n|switch|p2a: Toxapex|Toxapex, F|100\/100\n|move|p1a: Yveltal|Dark Pulse|p2a: Toxapex\n|-damage|p2a: Toxapex|48\/100\n|\n|-heal|p2a: Toxapex|54\/100|[from] item: Black Sludge\n|upkeep\n|turn|9\n|inactive|Idcameron has 120 seconds left.\n|\n|t:|1699094829\n|move|p1a: Yveltal|Dark Pulse|p2a: Toxapex\n|-crit|p2a: Toxapex\n|-damage|p2a: Toxapex|0 fnt\n|faint|p2a: Toxapex\n|\n|upkeep\n|\n|t:|1699094838\n|switch|p2a: Jolteon|Jolteon, F|100\/100\n|turn|10\n|\n|t:|1699094849\n|switch|p1a: Necrozma|Necrozma-Dusk-Mane|100\/100\n|move|p2a: Jolteon|Thunderbolt|p1a: Necrozma\n|-damage|p1a: Necrozma|60\/100\n|\n|-heal|p1a: Necrozma|66\/100|[from] item: Leftovers\n|upkeep\n|turn|11\n|\n|t:|1699094859\n|move|p2a: Jolteon|Thunderbolt|p1a: Necrozma\n|-damage|p1a: Necrozma|29\/100\n|move|p1a: Necrozma|Sunsteel Strike|p2a: Jolteon\n|-resisted|p2a: Jolteon\n|-damage|p2a: Jolteon|55\/100\n|\n|-heal|p1a: Necrozma|35\/100|[from] item: Leftovers\n|upkeep\n|turn|12\n|\n|t:|1699094867\n|move|p2a: Jolteon|Thunderbolt|p1a: Necrozma\n|-damage|p1a: Necrozma|0 fnt\n|faint|p1a: Necrozma\n|\n|upkeep\n|\n|t:|1699094869\n|switch|p1a: Mewtwo|Mewtwo|100\/100\n|-ability|p1a: Mewtwo|Pressure\n|turn|13\n|c|\u2606Idcameron|!dt jolteon\n|raw|<div class=\"message\"><ul class=\"utilichart\"><li class=\"result\"><span class=\"col numcol\">RU<\/span> <span class=\"col iconcol\"><psicon pokemon=\"jolteon\"\/><\/span> <span class=\"col pokemonnamecol\" style=\"white-space:nowrap\"><a href=\"https:\/\/dex.pokemonshowdown.com\/pokemon\/jolteon\" target=\"_blank\">Jolteon<\/a><\/span> <span class=\"col typecol\"><img src=\"https:\/\/play.pokemonshowdown.com\/sprites\/types\/Electric.png\" alt=\"Electric\" height=\"14\" width=\"32\"><\/span> <span style=\"float:left;min-height:26px\"><span class=\"col abilitycol\">Volt Absorb<\/span><span class=\"col abilitycol\"><em>Quick Feet<\/em><\/span><\/span><span style=\"float:left;min-height:26px\"><span class=\"col statcol\"><em>HP<\/em><br \/>65<\/span> <span class=\"col statcol\"><em>Atk<\/em><br \/>65<\/span> <span class=\"col statcol\"><em>Def<\/em><br \/>60<\/span> <span class=\"col statcol\"><em>SpA<\/em><br \/>110<\/span> <span class=\"col statcol\"><em>SpD<\/em><br \/>95<\/span> <span class=\"col statcol\"><em>Spe<\/em><br \/>130<\/span> <span class=\"col bstcol\"><em>BST<br \/>525<\/em><\/span> <\/span><\/li><li style=\"clear:both\"><\/li><\/ul><\/div>\n|raw|<font size=\"1\"><font color=\"#686868\">Dex#:<\/font> 135&nbsp;|&ThickSpace;<font color=\"#686868\">Gen:<\/font> 1&nbsp;|&ThickSpace;<font color=\"#686868\">Height:<\/font> 0.8 m&nbsp;|&ThickSpace;<font color=\"#686868\">Weight:<\/font> 24.5 kg <em>(40 BP)<\/em>&nbsp;|&ThickSpace;<font color=\"#686868\">Dex Colour:<\/font> Yellow&nbsp;|&ThickSpace;<font color=\"#686868\">Egg Group(s):<\/font> Field&nbsp;|&ThickSpace;<font color=\"#686868\">Pre-Evolution:<\/font> Eevee&nbsp;|&ThickSpace;<font color=\"#686868\">Does Not Evolve<\/font><\/font>\n\n|\n|t:|1699094884\n|detailschange|p1a: Mewtwo|Mewtwo-Mega-Y\n|-mega|p1a: Mewtwo|Mewtwo|Mewtwonite Y\n|move|p1a: Mewtwo|Psystrike|p2a: Jolteon\n|-damage|p2a: Jolteon|0 fnt\n|faint|p2a: Jolteon\n|\n|upkeep\n|\n|t:|1699094891\n|switch|p2a: Basculegion|Basculegion, M, tera:Ghost|100\/100\n|turn|14\n|inactive|Idcameron has 120 seconds left.\n|\n|t:|1699094927\n|move|p2a: Basculegion|Last Respects|p1a: Mewtwo\n|-supereffective|p1a: Mewtwo\n|-damage|p1a: Mewtwo|0 fnt\n|faint|p1a: Mewtwo\n|\n|upkeep\n|\n|t:|1699094930\n|switch|p1a: Yveltal|Yveltal|100\/100\n|-ability|p1a: Yveltal|Dark Aura\n|turn|15\n|\n|t:|1699094936\n|switch|p2a: Palafin|Palafin, F|100\/100\n|move|p1a: Yveltal|Dark Pulse|p2a: Palafin\n|-damage|p2a: Palafin|26\/100\n|\n|upkeep\n|turn|16\n|\n|t:|1699094950\n|move|p2a: Palafin|Jet Punch|p1a: Yveltal\n|-damage|p1a: Yveltal|81\/100\n|move|p1a: Yveltal|Dark Pulse|p2a: Palafin\n|-damage|p2a: Palafin|0 fnt\n|faint|p2a: Palafin\n|\n|upkeep\n|\n|t:|1699094955\n|switch|p2a: Basculegion|Basculegion, M, tera:Ghost|100\/100\n|turn|17\n|\n|t:|1699094970\n|move|p2a: Basculegion|Last Respects|p1a: Yveltal\n|-resisted|p1a: Yveltal\n|-damage|p1a: Yveltal|0 fnt\n|faint|p1a: Yveltal\n|\n|upkeep\n|\n|t:|1699094973\n|switch|p1a: Azumarill|Azumarill, M|100\/100\n|turn|18\n|\n|t:|1699094975\n|move|p2a: Basculegion|Last Respects|p1a: Azumarill\n|-damage|p1a: Azumarill|0 fnt\n|faint|p1a: Azumarill\n|\n|win|Gatita golosa 123\n|raw|Idcameron's rating: 1222 &rarr; <strong>1203<\/strong><br \/>(-19 for losing)\n|raw|Gatita golosa 123's rating: 1300 &rarr; <strong>1319<\/strong><br \/>(+19 for winning)\n","uploadtime":1699094984,"views":12,"p1id":"idcameron","p2id":"gatitagolosa123","formatid":"gen9nationaldexubers","rating":1203,"private":0,"password":""}