{"id":"gen9nationaldexubers-1996523817","p1":"Alucs","p2":"Omey","format":"[Gen 9] National Dex Ubers","log":"|j|\u2606Alucs\n|j|\u2606Omey\n|t:|1700690455\n|gametype|singles\n|player|p1|Alucs|zossie|\n|player|p2|Omey|galacticgrunt|\n|teamsize|p1|4\n|teamsize|p2|4\n|gen|9\n|tier|[Gen 9] National Dex Ubers\n|rule|HP Percentage Mod: HP is shown in percentages\n|rule|Endless Battle Clause: Forcing endless battles is banned\n|rule|OHKO Clause: OHKO moves are banned\n|rule|Evasion Moves Clause: Evasion moves are banned\n|rule|Evasion Items Clause: Evasion items are banned\n|rule|Species Clause: Limit one of each Pok\u00e9mon\n|rule|Sleep Clause Mod: Limit one foe put to sleep\n|rule|Mega Rayquaza Clause: You cannot mega evolve Rayquaza\n|clearpoke\n|poke|p1|Steelix, F|\n|poke|p1|Greninja-*, M|\n|poke|p1|Rampardos, M|\n|poke|p1|Alakazam, F|\n|poke|p2|Victini|\n|poke|p2|Noctowl, M|\n|poke|p2|Hoopa-Unbound|\n|poke|p2|Samurott, F|\n|teampreview\n|inactive|Battle timer is ON: inactive players will automatically lose when time's up. (requested by Alucs)\n|c|\u2606Alucs|hf hf\n|c|\u2606Omey|gl hf\n|\n|t:|1700690480\n|start\n|switch|p1a: What da spoon doin|Alakazam, F, shiny|100\/100\n|switch|p2a: DontGetCocky|Victini|100\/100\n|turn|1\n|\n|t:|1700690493\n|move|p1a: What da spoon doin|Knock Off|p2a: DontGetCocky\n|-supereffective|p2a: DontGetCocky\n|-damage|p2a: DontGetCocky|46\/100\n|-enditem|p2a: DontGetCocky|Leftovers|[from] move: Knock Off|[of] p1a: What da spoon doin\n|move|p2a: DontGetCocky|V-create|p1a: What da spoon doin\n|-damage|p1a: What da spoon doin|0 fnt\n|-unboost|p2a: DontGetCocky|spe|1\n|-unboost|p2a: DontGetCocky|def|1\n|-unboost|p2a: DontGetCocky|spd|1\n|faint|p1a: What da spoon doin\n|\n|upkeep\n|c|\u2606Alucs|lol, gone\n|\n|t:|1700690504\n|switch|p1a: Mizu no Kokyu|Greninja, M|100\/100\n|turn|2\n|\n|t:|1700690520\n|switch|p2a: Monopoly|Samurott, F|100\/100\n|move|p1a: Mizu no Kokyu|Power-Up Punch|p2a: Monopoly\n|-start|p1a: Mizu no Kokyu|typechange|Fighting|[from] ability: Protean\n|-damage|p2a: Monopoly|70\/100\n|-boost|p1a: Mizu no Kokyu|atk|1\n|-damage|p1a: Mizu no Kokyu|91\/100|[from] item: Life Orb\n|\n|upkeep\n|turn|3\n|\n|t:|1700690537\n|move|p1a: Mizu no Kokyu|Low Kick|p2a: Monopoly\n|-damage|p2a: Monopoly|0 fnt\n|faint|p2a: Monopoly\n|-damage|p1a: Mizu no Kokyu|81\/100|[from] item: Life Orb\n|\n|upkeep\n|c|\u2606Omey|uh\n|inactive|Omey has 270 seconds left.\n|c|\u2606Omey|interestignm gre nset\n|c|\u2606Alucs|interesting is a nice way to put it\n|\n|t:|1700690571\n|switch|p2a: Bad even in ZU|Noctowl, M|100\/100\n|turn|4\n|\n|t:|1700690578\n|move|p1a: Mizu no Kokyu|Ice Punch|p2a: Bad even in ZU\n|-supereffective|p2a: Bad even in ZU\n|-damage|p2a: Bad even in ZU|0 fnt\n|faint|p2a: Bad even in ZU\n|-damage|p1a: Mizu no Kokyu|71\/100|[from] item: Life Orb\n|\n|upkeep\n|c|\u2606Alucs|how the fuck does this gren set just win\n|c|\u2606Omey|damn it got the coverage\n|\n|t:|1700690596\n|switch|p2a: Who?|Hoopa-Unbound|100\/100\n|turn|5\n|c|\u2606Alucs|it really do\n|\n|t:|1700690602\n|move|p1a: Mizu no Kokyu|Low Kick|p2a: Who?\n|-damage|p2a: Who?|0 fnt\n|faint|p2a: Who?\n|-damage|p1a: Mizu no Kokyu|61\/100|[from] item: Life Orb\n|\n|upkeep\n|\n|t:|1700690606\n|switch|p2a: DontGetCocky|Victini|46\/100\n|turn|6\n|\n|t:|1700690612\n|move|p1a: Mizu no Kokyu|Shadow Sneak|p2a: DontGetCocky\n|-supereffective|p2a: DontGetCocky\n|-damage|p2a: DontGetCocky|0 fnt\n|faint|p2a: DontGetCocky\n|-damage|p1a: Mizu no Kokyu|51\/100|[from] item: Life Orb\n|\n|win|Alucs\n|c|\u2606Omey|gg\n|c|\u2606Alucs|well gg i guess lmfao\n|l|\u2606Alucs\n|j|\u2606Alucs\n|player|p1|Alucs|zossie\n","uploadtime":1700690623,"views":20,"p1id":"alucs","p2id":"omey","formatid":"gen9nationaldexubers","rating":0,"private":0,"password":""}