{"id":"gen9nationaldexubers-1979086226","p1":"SWT_Octo","p2":"DrippyDragapult","format":"[Gen 9] National Dex Ubers","log":"|j|\u2606SWT_Octo\n|j|\u2606DrippyDragapult\n|t:|1698630383\n|gametype|singles\n|player|p1|SWT_Octo|lucas-gen4pt|1037\n|player|p2|DrippyDragapult|102|1000\n|teamsize|p1|6\n|teamsize|p2|1\n|gen|9\n|tier|[Gen 9] National Dex Ubers\n|rated|\n|rule|HP Percentage Mod: HP is shown in percentages\n|rule|Endless Battle Clause: Forcing endless battles is banned\n|rule|OHKO Clause: OHKO moves are banned\n|rule|Evasion Moves Clause: Evasion moves are banned\n|rule|Evasion Items Clause: Evasion items are banned\n|rule|Species Clause: Limit one of each Pok\u00e9mon\n|rule|Sleep Clause Mod: Limit one foe put to sleep\n|rule|Mega Rayquaza Clause: You cannot mega evolve Rayquaza\n|clearpoke\n|poke|p1|Blissey, F|\n|poke|p1|Lugia|\n|poke|p1|Toxapex, F|\n|poke|p1|Giratina|\n|poke|p1|Ting-Lu|\n|poke|p1|Gliscor, M|\n|poke|p2|Melmetal|\n|teampreview\n|c|\u2606SWT_Octo|Cool team\n|l|\u2606DrippyDragapult\n|player|p2|\n|\n|t:|1698630394\n|start\n|switch|p1a: Gliscor|Gliscor, M|100\/100\n|switch|p2a: Melmetal|Melmetal|100\/100\n|turn|1\n|-message|SWT_Octo forfeited.\n|\n|win|DrippyDragapult\n|raw|SWT_Octo's rating: 1037 &rarr; <strong>1020<\/strong><br \/>(-17 for losing)\n|raw|DrippyDragapult's rating: 1000 &rarr; <strong>1044<\/strong><br \/>(+44 for winning)\n|l|\u2606SWT_Octo\n|j|\u2606DrippyDragapult\n|player|p2|DrippyDragapult|102\n|l|\u2606DrippyDragapult\n|player|p2|\n|j|\u2606DrippyDragapult\n|player|p2|DrippyDragapult|102\n","uploadtime":1698630465,"views":7,"p1id":"swtocto","p2id":"drippydragapult","formatid":"gen9nationaldexubers","rating":1020,"private":0,"password":""}