{"id":"gen9nationaldexubers-1982208551","p1":"lepoker","p2":"Shitskrieg","format":"[Gen 9] National Dex Ubers","log":"|j|\u2606lepoker\n|j|\u2606Shitskrieg\n|t:|1698979389\n|gametype|singles\n|player|p1|lepoker|shadowtriad|1054\n|player|p2|Shitskrieg|ninjaboy|1134\n|teamsize|p1|6\n|teamsize|p2|6\n|gen|9\n|tier|[Gen 9] National Dex Ubers\n|rated|\n|rule|HP Percentage Mod: HP is shown in percentages\n|rule|Endless Battle Clause: Forcing endless battles is banned\n|rule|OHKO Clause: OHKO moves are banned\n|rule|Evasion Moves Clause: Evasion moves are banned\n|rule|Evasion Items Clause: Evasion items are banned\n|rule|Species Clause: Limit one of each Pok\u00e9mon\n|rule|Sleep Clause Mod: Limit one foe put to sleep\n|rule|Mega Rayquaza Clause: You cannot mega evolve Rayquaza\n|clearpoke\n|poke|p1|Barraskewda, M|\n|poke|p1|Pelipper, M|\n|poke|p1|Galvantula, F|\n|poke|p1|Volcarona, F|\n|poke|p1|Swampert, M|\n|poke|p1|Cyclizar, M|\n|poke|p2|Salamence, M|\n|poke|p2|Xerneas-*|\n|poke|p2|Ho-Oh|\n|poke|p2|Marshadow|\n|poke|p2|Groudon|\n|poke|p2|Urshifu-*, M|\n|teampreview\n|inactive|Battle timer is ON: inactive players will automatically lose when time's up. (requested by Shitskrieg)\n|\n|t:|1698979403\n|start\n|switch|p1a: Galvantula|Galvantula, F|100\/100\n|switch|p2a: Groudon|Groudon|100\/100\n|detailschange|p2a: Groudon|Groudon-Primal\n|-primal|p2a: Groudon|Red Orb\n|-weather|DesolateLand|[from] ability: Desolate Land|[of] p2a: Groudon\n|turn|1\n|\n|t:|1698979406\n|move|p1a: Galvantula|Sticky Web|p2a: Groudon\n|-sidestart|p2: Shitskrieg|move: Sticky Web\n|move|p2a: Groudon|Rock Polish|p2a: Groudon\n|-boost|p2a: Groudon|spe|2\n|\n|-weather|DesolateLand|[upkeep]\n|upkeep\n|turn|2\n|\n|t:|1698979411\n|move|p2a: Groudon|Flamethrower|p1a: Galvantula\n|-supereffective|p1a: Galvantula\n|-enditem|p1a: Galvantula|Focus Sash\n|-damage|p1a: Galvantula|1\/100\n|-status|p1a: Galvantula|brn\n|move|p1a: Galvantula|X-Scissor|p2a: Groudon\n|-resisted|p2a: Groudon\n|-damage|p2a: Groudon|97\/100\n|\n|-weather|DesolateLand|[upkeep]\n|-damage|p1a: Galvantula|0 fnt|[from] brn\n|faint|p1a: Galvantula\n|upkeep\n|c|\u2606Shitskrieg|!dt galvantula\n|raw|<div class=\"message\"><ul class=\"utilichart\"><li class=\"result\"><span class=\"col numcol\">RU<\/span> <span class=\"col iconcol\"><psicon pokemon=\"galvantula\"\/><\/span> <span class=\"col pokemonnamecol\" style=\"white-space:nowrap\"><a href=\"https:\/\/dex.pokemonshowdown.com\/pokemon\/galvantula\" target=\"_blank\">Galvantula<\/a><\/span> <span class=\"col typecol\"><img src=\"https:\/\/play.pokemonshowdown.com\/sprites\/types\/Bug.png\" alt=\"Bug\" height=\"14\" width=\"32\"><img src=\"https:\/\/play.pokemonshowdown.com\/sprites\/types\/Electric.png\" alt=\"Electric\" height=\"14\" width=\"32\"><\/span> <span style=\"float:left;min-height:26px\"><span class=\"col twoabilitycol\">Compound Eyes<br \/>Unnerve<\/span><span class=\"col abilitycol\"><em>Swarm<\/em><\/span><\/span><span style=\"float:left;min-height:26px\"><span class=\"col statcol\"><em>HP<\/em><br \/>70<\/span> <span class=\"col statcol\"><em>Atk<\/em><br \/>77<\/span> <span class=\"col statcol\"><em>Def<\/em><br \/>60<\/span> <span class=\"col statcol\"><em>SpA<\/em><br \/>97<\/span> <span class=\"col statcol\"><em>SpD<\/em><br \/>60<\/span> <span class=\"col statcol\"><em>Spe<\/em><br \/>108<\/span> <span class=\"col bstcol\"><em>BST<br \/>472<\/em><\/span> <\/span><\/li><li style=\"clear:both\"><\/li><\/ul><\/div>\n|raw|<font size=\"1\"><font color=\"#686868\">Dex#:<\/font> 596&nbsp;|&ThickSpace;<font color=\"#686868\">Gen:<\/font> 5&nbsp;|&ThickSpace;<font color=\"#686868\">Height:<\/font> 0.8 m&nbsp;|&ThickSpace;<font color=\"#686868\">Weight:<\/font> 14.3 kg <em>(40 BP)<\/em>&nbsp;|&ThickSpace;<font color=\"#686868\">Dex Colour:<\/font> Yellow&nbsp;|&ThickSpace;<font color=\"#686868\">Egg Group(s):<\/font> Bug&nbsp;|&ThickSpace;<font color=\"#686868\">Pre-Evolution:<\/font> Joltik&nbsp;|&ThickSpace;<font color=\"#686868\">Does Not Evolve<\/font><\/font>\n\n|c|\u2606Shitskrieg|!dt bug buzz\n|raw|<ul class=\"utilichart\"><li class=\"result\"><span class=\"col movenamecol\"><a href=\"https:\/\/dex.pokemonshowdown.com\/moves\/bugbuzz\">Bug Buzz<\/a><\/span> <span class=\"col typecol\"><img src=\"\/\/play.pokemonshowdown.com\/sprites\/types\/Bug.png\" alt=\"Bug\" width=\"32\" height=\"14\"><img src=\"\/\/play.pokemonshowdown.com\/sprites\/categories\/Special.png\" alt=\"Special\" width=\"32\" height=\"14\"><\/span> <span class=\"col labelcol\"><em>Power<\/em><br>90<\/span> <span class=\"col widelabelcol\"><em>Accuracy<\/em><br>100%<\/span> <span class=\"col pplabelcol\"><em>PP<\/em><br>16<\/span> <span class=\"col movedesccol\">10% chance to lower the target's Sp. Def by 1.<\/span> <\/li><li style=\"clear:both\"><\/li><\/ul>\n|raw|<font size=\"1\"><font color=\"#686868\">Priority:<\/font> 0&nbsp;|&ThickSpace;<font color=\"#686868\">Gen:<\/font> 4&nbsp;|&ThickSpace;&#10003; Boosted by Sheer Force&nbsp;|&ThickSpace;&#10003; Sound&nbsp;|&ThickSpace;&#10003; Bypasses Substitutes&nbsp;|&ThickSpace;<font color=\"#686868\">Z-Power:<\/font> 175&nbsp;|&ThickSpace;<font color=\"#686868\">Dynamax Power:<\/font> 130&nbsp;|&ThickSpace;<font color=\"#686868\">Target:<\/font> One Adjacent Pok\u00e9mon<\/font>\n\n|\n|t:|1698979437\n|switch|p1a: Cyclizar|Cyclizar, M|100\/100\n|turn|3\n|\n|t:|1698979441\n|move|p2a: Groudon|Earth Power|p1a: Cyclizar\n|-damage|p1a: Cyclizar|24\/100\n|move|p1a: Cyclizar|Shed Tail|p1a: Cyclizar\n|-fail|p1a: Cyclizar|move: Shed Tail|[weak]\n|\n|-weather|DesolateLand|[upkeep]\n|upkeep\n|turn|4\n|\n|t:|1698979446\n|move|p2a: Groudon|Flamethrower|p1a: Cyclizar\n|-resisted|p1a: Cyclizar\n|-damage|p1a: Cyclizar|0 fnt\n|faint|p1a: Cyclizar\n|\n|-weather|DesolateLand|[upkeep]\n|upkeep\n|\n|t:|1698979449\n|switch|p1a: Swampert|Swampert, M|100\/100\n|turn|5\n|\n|t:|1698979453\n|detailschange|p1a: Swampert|Swampert-Mega, M\n|-mega|p1a: Swampert|Swampert|Swampertite\n|move|p2a: Groudon|Solar Beam||[still]\n|-prepare|p2a: Groudon|Solar Beam\n|-anim|p2a: Groudon|Solar Beam|p1a: Swampert\n|-supereffective|p1a: Swampert\n|-damage|p1a: Swampert|0 fnt\n|faint|p1a: Swampert\n|\n|-weather|DesolateLand|[upkeep]\n|upkeep\n|-message|lepoker forfeited.\n|\n|win|Shitskrieg\n|raw|lepoker's rating: 1054 &rarr; <strong>1040<\/strong><br \/>(-14 for losing)\n|raw|Shitskrieg's rating: 1134 &rarr; <strong>1153<\/strong><br \/>(+19 for winning)\n|l|\u2606lepoker\n","uploadtime":1698979466,"views":5,"p1id":"lepoker","p2id":"shitskrieg","formatid":"gen9nationaldexubers","rating":1040,"private":0,"password":""}