{"id":"gen9nationaldexubers-1981159191","p1":"Techvast","p2":"3o2o2o2o2o","format":"[Gen 9] National Dex Ubers","log":"|j|\u2606Techvast\n|j|\u26063o2o2o2o2o\n|t:|1698868383\n|gametype|singles\n|player|p1|Techvast|169|1243\n|player|p2|3o2o2o2o2o|guitarist-gen3|1399\n|teamsize|p1|6\n|teamsize|p2|6\n|gen|9\n|tier|[Gen 9] National Dex Ubers\n|rated|\n|rule|HP Percentage Mod: HP is shown in percentages\n|rule|Endless Battle Clause: Forcing endless battles is banned\n|rule|OHKO Clause: OHKO moves are banned\n|rule|Evasion Moves Clause: Evasion moves are banned\n|rule|Evasion Items Clause: Evasion items are banned\n|rule|Species Clause: Limit one of each Pok\u00e9mon\n|rule|Sleep Clause Mod: Limit one foe put to sleep\n|rule|Mega Rayquaza Clause: You cannot mega evolve Rayquaza\n|clearpoke\n|poke|p1|Volcarona, M|\n|poke|p1|Ferrothorn, F|\n|poke|p1|Sableye, F|\n|poke|p1|Rotom-Wash|\n|poke|p1|Dragapult, F|\n|poke|p1|Toxapex, F|\n|poke|p2|Necrozma-Dusk-Mane|\n|poke|p2|Groudon|\n|poke|p2|Deoxys-Attack|\n|poke|p2|Marshadow|\n|poke|p2|Cyclizar, F|\n|poke|p2|Kingler, M|\n|teampreview\n|inactive|Battle timer is ON: inactive players will automatically lose when time's up. (requested by 3o2o2o2o2o)\n|\n|t:|1698868393\n|start\n|switch|p1a: Dragapult|Dragapult, F|100\/100\n|switch|p2a: 75% Ronaldo\u263a\ufe0f\ud83d\ude0a|Cyclizar, F|100\/100\n|turn|1\n|\n|t:|1698868407\n|move|p2a: 75% Ronaldo\u263a\ufe0f\ud83d\ude0a|Shed Tail|p2a: 75% Ronaldo\u263a\ufe0f\ud83d\ude0a\n|-start|p2a: 75% Ronaldo\u263a\ufe0f\ud83d\ude0a|Substitute|[from] move: Shed Tail\n|-damage|p2a: 75% Ronaldo\u263a\ufe0f\ud83d\ude0a|50\/100\n|\n|t:|1698868429\n|switch|p2a: Ur groudon die lol|Deoxys-Attack, shiny|100\/100|[from] Shed Tail\n|-ability|p2a: Ur groudon die lol|Pressure\n|move|p1a: Dragapult|Draco Meteor|p2a: Ur groudon die lol\n|-damage|p2a: Ur groudon die lol|0 fnt\n|-unboost|p1a: Dragapult|spa|2\n|faint|p2a: Ur groudon die lol\n|\n|upkeep\n|\n|t:|1698868434\n|switch|p2a: Shadow boxer|Marshadow|100\/100\n|turn|2\n|\n|t:|1698868450\n|switch|p1a: Toxapex|Toxapex, F|100\/100\n|move|p2a: Shadow boxer|Shadow Sneak|p1a: Toxapex\n|-damage|p1a: Toxapex|81\/100\n|\n|-heal|p1a: Toxapex|88\/100|[from] item: Black Sludge\n|upkeep\n|turn|3\n|\n|t:|1698868478\n|switch|p2a: Backbone of ubers|Groudon, shiny|100\/100\n|detailschange|p2a: Backbone of ubers|Groudon-Primal, shiny\n|-primal|p2a: Backbone of ubers|Red Orb\n|-weather|DesolateLand|[from] ability: Desolate Land|[of] p2a: Backbone of ubers\n|move|p1a: Toxapex|Toxic|p2a: Backbone of ubers\n|-status|p2a: Backbone of ubers|tox\n|\n|-weather|DesolateLand|[upkeep]\n|-heal|p1a: Toxapex|94\/100|[from] item: Black Sludge\n|-damage|p2a: Backbone of ubers|94\/100 tox|[from] psn\n|upkeep\n|turn|4\n|inactive|3o2o2o2o2o has 120 seconds left.\n|\n|t:|1698868498\n|switch|p1a: Rotom|Rotom-Wash|100\/100\n|move|p2a: Backbone of ubers|Precipice Blades|p1a: Rotom\n|-immune|p1a: Rotom|[from] ability: Levitate\n|\n|-weather|DesolateLand|[upkeep]\n|-damage|p2a: Backbone of ubers|82\/100 tox|[from] psn\n|upkeep\n|turn|5\n|inactive|3o2o2o2o2o has 120 seconds left.\n|-message|3o2o2o2o2o forfeited.\n|\n|win|Techvast\n|raw|Techvast's rating: 1243 &rarr; <strong>1279<\/strong><br \/>(+36 for winning)\n|raw|3o2o2o2o2o's rating: 1411 &rarr; <strong>1382<\/strong><br \/>(-29 for losing)\n|l|\u26063o2o2o2o2o\n","uploadtime":1698868515,"views":12,"p1id":"techvast","p2id":"3o2o2o2o2o","formatid":"gen9nationaldexubers","rating":1279,"private":0,"password":""}