{"id":"gen9nationaldexubers-1979273975","p1":"psychictrainerario","p2":"Comett7778","format":"[Gen 9] National Dex Ubers","log":"|j|\u2606psychictrainerario\n|j|\u2606Comett7778\n|t:|1698664751\n|gametype|singles\n|player|p1|psychictrainerario|psychic-gen4|1459\n|player|p2|Comett7778|hero2-conquest|1531\n|teamsize|p1|6\n|teamsize|p2|6\n|gen|9\n|tier|[Gen 9] National Dex Ubers\n|rated|\n|rule|HP Percentage Mod: HP is shown in percentages\n|rule|Endless Battle Clause: Forcing endless battles is banned\n|rule|OHKO Clause: OHKO moves are banned\n|rule|Evasion Moves Clause: Evasion moves are banned\n|rule|Evasion Items Clause: Evasion items are banned\n|rule|Species Clause: Limit one of each Pok\u00e9mon\n|rule|Sleep Clause Mod: Limit one foe put to sleep\n|rule|Mega Rayquaza Clause: You cannot mega evolve Rayquaza\n|clearpoke\n|poke|p1|Chi-Yu|\n|poke|p1|Dondozo, M|\n|poke|p1|Metagross|\n|poke|p1|Baxcalibur, M|\n|poke|p1|Breloom, F|\n|poke|p1|Dragapult, M|\n|poke|p2|Ho-Oh|\n|poke|p2|Giratina|\n|poke|p2|Marshadow|\n|poke|p2|Xerneas-*|\n|poke|p2|Grimmsnarl, M|\n|poke|p2|Zacian-*|\n|teampreview\n|inactive|Battle timer is ON: inactive players will automatically lose when time's up. (requested by Comett7778)\n|\n|t:|1698664769\n|start\n|switch|p1a: Brooml|Breloom, F|100\/100\n|switch|p2a: Mr. GrimyGrim|Grimmsnarl, M, shiny|100\/100\n|turn|1\n|\n|t:|1698664776\n|move|p2a: Mr. GrimyGrim|Taunt|p1a: Brooml\n|-start|p1a: Brooml|move: Taunt\n|move|p1a: Brooml|Bullet Seed|p2a: Mr. GrimyGrim\n|-crit|p2a: Mr. GrimyGrim\n|-damage|p2a: Mr. GrimyGrim|67\/100\n|-damage|p2a: Mr. GrimyGrim|45\/100\n|-damage|p2a: Mr. GrimyGrim|22\/100\n|-damage|p2a: Mr. GrimyGrim|0 fnt\n|faint|p2a: Mr. GrimyGrim\n|-hitcount|p2: Mr. GrimyGrim|4\n|\n|upkeep\n|\n|t:|1698664793\n|switch|p2a: Ho-No|Ho-Oh, shiny|100\/100\n|turn|2\n|\n|t:|1698664806\n|move|p1a: Brooml|Rock Tomb|p2a: Ho-No\n|-supereffective|p2a: Ho-No\n|-damage|p2a: Ho-No|0 fnt\n|faint|p2a: Ho-No\n|\n|upkeep\n|\n|t:|1698664821\n|switch|p2a: Adam Sandler|Xerneas, shiny|100\/100\n|-ability|p2a: Adam Sandler|Fairy Aura\n|turn|3\n|\n|t:|1698664837\n|move|p1a: Brooml|Bullet Seed|p2a: Adam Sandler\n|-damage|p2a: Adam Sandler|84\/100\n|-damage|p2a: Adam Sandler|69\/100\n|-damage|p2a: Adam Sandler|53\/100\n|-hitcount|p2a: Adam Sandler|3\n|move|p2a: Adam Sandler|Geomancy||[still]\n|-prepare|p2a: Adam Sandler|Geomancy\n|-enditem|p2a: Adam Sandler|Power Herb\n|-anim|p2a: Adam Sandler|Geomancy|p2a: Adam Sandler\n|-boost|p2a: Adam Sandler|spa|2\n|-boost|p2a: Adam Sandler|spd|2\n|-boost|p2a: Adam Sandler|spe|2\n|\n|-end|p1a: Brooml|move: Taunt\n|upkeep\n|turn|4\n|\n|t:|1698664849\n|move|p2a: Adam Sandler|Moonblast|p1a: Brooml\n|-supereffective|p1a: Brooml\n|-enditem|p1a: Brooml|Focus Sash\n|-damage|p1a: Brooml|1\/100\n|move|p1a: Brooml|Bullet Seed|p2a: Adam Sandler\n|-damage|p2a: Adam Sandler|36\/100\n|-damage|p2a: Adam Sandler|21\/100\n|-damage|p2a: Adam Sandler|5\/100\n|-damage|p2a: Adam Sandler|0 fnt\n|faint|p2a: Adam Sandler\n|-hitcount|p2: Adam Sandler|4\n|\n|upkeep\n|-message|Comett7778 forfeited.\n|\n|win|psychictrainerario\n|raw|psychictrainerario's rating: 1459 &rarr; <strong>1483<\/strong><br \/>(+24 for winning)\n|raw|Comett7778's rating: 1531 &rarr; <strong>1507<\/strong><br \/>(-24 for losing)\n|l|\u2606Comett7778\n","uploadtime":1698664867,"views":8,"p1id":"psychictrainerario","p2id":"comett7778","formatid":"gen9nationaldexubers","rating":1483,"private":0,"password":""}