{"id":"gen9nationaldexubers-1986463195","p1":"Dr Guzzlord","p2":"firewolfprime2020","format":"[Gen 9] National Dex Ubers","log":"|j|\u2606Dr Guzzlord\n|j|\u2606firewolfprime2020\n|t:|1699481625\n|gametype|singles\n|player|p1|Dr Guzzlord|roughneck|1110\n|player|p2|firewolfprime2020|benga|1140\n|teamsize|p1|1\n|teamsize|p2|6\n|gen|9\n|tier|[Gen 9] National Dex Ubers\n|rated|\n|rule|HP Percentage Mod: HP is shown in percentages\n|rule|Endless Battle Clause: Forcing endless battles is banned\n|rule|OHKO Clause: OHKO moves are banned\n|rule|Evasion Moves Clause: Evasion moves are banned\n|rule|Evasion Items Clause: Evasion items are banned\n|rule|Species Clause: Limit one of each Pok\u00e9mon\n|rule|Sleep Clause Mod: Limit one foe put to sleep\n|rule|Mega Rayquaza Clause: You cannot mega evolve Rayquaza\n|clearpoke\n|poke|p1|Torchic, F|\n|poke|p2|Groudon|\n|poke|p2|Sceptile, M|\n|poke|p2|Kyogre|\n|poke|p2|Yveltal|\n|poke|p2|Arceus-Fighting|\n|poke|p2|Zacian-*|\n|teampreview\n|\n|t:|1699481639\n|start\n|switch|p1a: Chicken Nuggets|Torchic, F, shiny|100\/100\n|switch|p2a: Kyogre|Kyogre|100\/100\n|detailschange|p2a: Kyogre|Kyogre-Primal\n|-primal|p2a: Kyogre|Blue Orb\n|-weather|PrimordialSea|[from] ability: Primordial Sea|[of] p2a: Kyogre\n|turn|1\n|c|\u2606firewolfprime2020|i am sorry little one but ye must die\n|inactive|Battle timer is ON: inactive players will automatically lose when time's up. (requested by firewolfprime2020)\n|inactive|Dr Guzzlord has 120 seconds left.\n|inactive|Dr Guzzlord has 90 seconds left.\n|inactive|Dr Guzzlord has 60 seconds left.\n|inactive|Dr Guzzlord has 30 seconds left.\n|inactive|Dr Guzzlord has 20 seconds left.\n|inactive|Dr Guzzlord has 15 seconds left.\n|inactive|Dr Guzzlord has 10 seconds left.\n|inactive|Dr Guzzlord has 5 seconds left.\n|-message|Dr Guzzlord lost due to inactivity.\n|\n|win|firewolfprime2020\n|raw|Dr Guzzlord's rating: 1119 &rarr; <strong>1096<\/strong><br \/>(-23 for losing)\n|raw|firewolfprime2020's rating: 1140 &rarr; <strong>1163<\/strong><br \/>(+23 for winning)\n","uploadtime":1699481680,"views":4,"p1id":"drguzzlord","p2id":"firewolfprime2020","formatid":"gen9nationaldexubers","rating":1096,"private":0,"password":""}