{"id":"gen9nationaldexubers-1985788111","p1":"qqqwsx","p2":"Fartconsumer","format":"[Gen 9] National Dex Ubers","log":"|j|\u2606qqqwsx\n|j|\u2606Fartconsumer\n|t:|1699406197\n|gametype|singles\n|player|p1|qqqwsx|firebreather|1631\n|player|p2|Fartconsumer|169|1632\n|teamsize|p1|6\n|teamsize|p2|6\n|gen|9\n|tier|[Gen 9] National Dex Ubers\n|rated|\n|rule|HP Percentage Mod: HP is shown in percentages\n|rule|Endless Battle Clause: Forcing endless battles is banned\n|rule|OHKO Clause: OHKO moves are banned\n|rule|Evasion Moves Clause: Evasion moves are banned\n|rule|Evasion Items Clause: Evasion items are banned\n|rule|Species Clause: Limit one of each Pok\u00e9mon\n|rule|Sleep Clause Mod: Limit one foe put to sleep\n|rule|Mega Rayquaza Clause: You cannot mega evolve Rayquaza\n|clearpoke\n|poke|p1|Salamence, F|\n|poke|p1|Arceus|\n|poke|p1|Necrozma-Dusk-Mane|\n|poke|p1|Zacian-*|\n|poke|p1|Xerneas-*|\n|poke|p1|Zygarde|\n|poke|p2|Galvantula, F|\n|poke|p2|Groudon|\n|poke|p2|Kyogre|\n|poke|p2|Necrozma-Dusk-Mane|\n|poke|p2|Arceus|\n|poke|p2|Diancie|\n|teampreview\n|inactive|Battle timer is ON: inactive players will automatically lose when time's up. (requested by qqqwsx)\n|\n|t:|1699406209\n|start\n|switch|p1a: Arceus|Arceus|100\/100\n|switch|p2a: Galvantula|Galvantula, F|100\/100\n|turn|1\n|\n|t:|1699406218\n|move|p2a: Galvantula|Sticky Web|p1a: Arceus\n|-sidestart|p1: qqqwsx|move: Sticky Web\n|move|p1a: Arceus|Cosmic Power|p1a: Arceus\n|-boost|p1a: Arceus|def|1\n|-boost|p1a: Arceus|spd|1\n|\n|upkeep\n|turn|2\n|\n|t:|1699406222\n|move|p2a: Galvantula|Thunder Wave|p1a: Arceus\n|-status|p1a: Arceus|par\n|move|p1a: Arceus|Cosmic Power|p1a: Arceus\n|-boost|p1a: Arceus|def|1\n|-boost|p1a: Arceus|spd|1\n|\n|upkeep\n|turn|3\n|\n|t:|1699406226\n|switch|p2a: Arceus|Arceus|100\/100\n|cant|p1a: Arceus|par\n|\n|upkeep\n|turn|4\n|\n|t:|1699406228\n|move|p2a: Arceus|Taunt|p1a: Arceus\n|-start|p1a: Arceus|move: Taunt\n|cant|p1a: Arceus|move: Taunt|Swords Dance\n|\n|upkeep\n|turn|5\n|\n|t:|1699406231\n|cant|p1a: Arceus|par\n|move|p2a: Arceus|Swords Dance|p2a: Arceus\n|-boost|p2a: Arceus|atk|2\n|\n|upkeep\n|turn|6\n|c|\u2606qqqwsx|this bitch ass game\n|\n|t:|1699406238\n|cant|p1a: Arceus|par\n|move|p2a: Arceus|Swords Dance|p2a: Arceus\n|-boost|p2a: Arceus|atk|2\n|\n|-end|p1a: Arceus|move: Taunt\n|upkeep\n|turn|7\n|c|\u2606qqqwsx|1\/81 AGAIN\n|inactive|qqqwsx has 120 seconds left.\n|c|\u2606qqqwsx|nvm it's 1\/27\n|inactive|qqqwsx has 90 seconds left.\n|c|\u2606qqqwsx|if you count all, that is 1\/2187\n|c|\u2606qqqwsx|stupid\n|-message|qqqwsx forfeited.\n|\n|win|Fartconsumer\n|raw|qqqwsx's rating: 1631 &rarr; <strong>1611<\/strong><br \/>(-20 for losing)\n|raw|Fartconsumer's rating: 1632 &rarr; <strong>1652<\/strong><br \/>(+20 for winning)\n","uploadtime":1699406237,"views":6,"p1id":"qqqwsx","p2id":"fartconsumer","formatid":"gen9nationaldexubers","rating":1611,"private":0,"password":""}