{"id":"gen9nationaldexubers-1988699350","p1":"Traxzin12","p2":"DannLink","format":"[Gen 9] National Dex Ubers","log":"|j|\u2606Traxzin12\n|j|\u2606DannLink\n|t:|1699752169\n|gametype|singles\n|player|p1|Traxzin12|nate|\n|player|p2|DannLink|ethan|\n|teamsize|p1|1\n|teamsize|p2|1\n|gen|9\n|tier|[Gen 9] National Dex Ubers\n|rule|HP Percentage Mod: HP is shown in percentages\n|rule|Endless Battle Clause: Forcing endless battles is banned\n|rule|OHKO Clause: OHKO moves are banned\n|rule|Evasion Moves Clause: Evasion moves are banned\n|rule|Evasion Items Clause: Evasion items are banned\n|rule|Species Clause: Limit one of each Pok\u00e9mon\n|rule|Sleep Clause Mod: Limit one foe put to sleep\n|rule|Mega Rayquaza Clause: You cannot mega evolve Rayquaza\n|clearpoke\n|poke|p1|Zigzagoon, F|\n|poke|p2|Rattata, L1, M|\n|teampreview\n|inactive|Battle timer is ON: inactive players will automatically lose when time's up. (requested by DannLink)\n|\n|t:|1699752173\n|start\n|switch|p1a: Jurupinga|Zigzagoon, F|100\/100\n|switch|p2a: Joao Paulo|Rattata, L1, M|100\/100\n|turn|1\n|\n|t:|1699752182\n|move|p1a: Jurupinga|Surf|p2a: Joao Paulo\n|-enditem|p2a: Joao Paulo|Focus Sash\n|-damage|p2a: Joao Paulo|10\/100\n|move|p2a: Joao Paulo|Endeavor|p1a: Jurupinga\n|-damage|p1a: Jurupinga|1\/100\n|\n|upkeep\n|turn|2\n|\n|t:|1699752203\n|-terastallize|p1a: Jurupinga|Normal\n|move|p2a: Joao Paulo|Quick Attack|p1a: Jurupinga\n|-damage|p1a: Jurupinga|0 fnt\n|faint|p1a: Jurupinga\n|\n|win|DannLink\n","uploadtime":1699752214,"views":29,"p1id":"traxzin12","p2id":"dannlink","formatid":"gen9nationaldexubers","rating":0,"private":0,"password":""}