{"id":"gen9nationaldexubers-1978449236","p1":"incrediblebraps","p2":"Jake30Tuddy","format":"[Gen 9] National Dex Ubers","log":"|j|\u2606incrediblebraps\n|j|\u2606Jake30Tuddy\n|t:|1698540420\n|gametype|singles\n|player|p1|incrediblebraps|teacher-gen2|1240\n|player|p2|Jake30Tuddy|101|1101\n|teamsize|p1|6\n|teamsize|p2|6\n|gen|9\n|tier|[Gen 9] National Dex Ubers\n|rated|\n|rule|HP Percentage Mod: HP is shown in percentages\n|rule|Endless Battle Clause: Forcing endless battles is banned\n|rule|OHKO Clause: OHKO moves are banned\n|rule|Evasion Moves Clause: Evasion moves are banned\n|rule|Evasion Items Clause: Evasion items are banned\n|rule|Species Clause: Limit one of each Pok\u00e9mon\n|rule|Sleep Clause Mod: Limit one foe put to sleep\n|rule|Mega Rayquaza Clause: You cannot mega evolve Rayquaza\n|clearpoke\n|poke|p1|Zygarde|\n|poke|p1|Ho-Oh|\n|poke|p1|Eternatus|\n|poke|p1|Arceus-Water|\n|poke|p1|Marshadow|\n|poke|p1|Magearna|\n|poke|p2|Chansey, F|\n|poke|p2|Mandibuzz, F|\n|poke|p2|Azumarill, F|\n|poke|p2|Volcarona, M|\n|poke|p2|Venusaur, F|\n|poke|p2|Registeel|\n|teampreview\n|inactive|Battle timer is ON: inactive players will automatically lose when time's up. (requested by incrediblebraps)\n|\n|t:|1698540437\n|start\n|switch|p1a: Acid Drip|Magearna|100\/100\n|switch|p2a: Venusaur|Venusaur, F|100\/100\n|turn|1\n|j| grass knot zygarde\n|\n|t:|1698540443\n|detailschange|p2a: Venusaur|Venusaur-Mega, F\n|-mega|p2a: Venusaur|Venusaur|Venusaurite\n|move|p2a: Venusaur|Leech Seed|p1a: Acid Drip\n|-start|p1a: Acid Drip|move: Leech Seed\n|move|p1a: Acid Drip|Spikes|p2a: Venusaur\n|-sidestart|p2: Jake30Tuddy|Spikes\n|\n|-damage|p1a: Acid Drip|88\/100|[from] Leech Seed|[of] p2a: Venusaur\n|upkeep\n|turn|2\n|c| grass knot zygarde|andddd this team isnt real\n|c|\u2606incrediblebraps|it is more real than urs\n|c|\u2606incrediblebraps|this sucks\n|inactive|Jake30Tuddy has 120 seconds left.\n|l|\u2606Jake30Tuddy\n|inactive|Jake30Tuddy disconnected and has a minute to reconnect!\n|player|p2|\n|c| grass knot zygarde|yesh\n|c|\u2606incrediblebraps|Jake30Chuddy\n|inactive|Jake30Tuddy has 30 seconds to reconnect!\n|inactive|Jake30Tuddy has 20 seconds to reconnect!\n|c|\u2606incrediblebraps|also\n|c|\u2606incrediblebraps|go to ur rmt\n|inactive|Jake30Tuddy has 15 seconds to reconnect!\n|c|\u2606incrediblebraps|i commented sum\n|c|\u2606incrediblebraps|back me up scotty\n|inactive|Jake30Tuddy has 10 seconds to reconnect!\n|inactive|Jake30Tuddy has 5 seconds to reconnect!\n|-message|Jake30Tuddy lost due to inactivity.\n|\n|win|incrediblebraps\n|raw|incrediblebraps's rating: 1240 &rarr; <strong>1255<\/strong><br \/>(+15 for winning)\n|raw|Jake30Tuddy's rating: 1101 &rarr; <strong>1086<\/strong><br \/>(-15 for losing)\n|l|\u2606incrediblebraps\n","uploadtime":1698540553,"views":9,"p1id":"incrediblebraps","p2id":"jake30tuddy","formatid":"gen9nationaldexubers","rating":1086,"private":0,"password":""}