{"id":"gen9anythinggoes-1997433341","p1":"binniebear125","p2":"OHMYGODTPRADO","format":"[Gen 9] Anything Goes","log":"|j|\u2606binniebear125\n|j|\u2606OHMYGODTPRADO\n|t:|1700804388\n|gametype|singles\n|player|p1|binniebear125|bruno|1061\n|player|p2|OHMYGODTPRADO|unknown|1045\n|teamsize|p1|3\n|teamsize|p2|6\n|gen|9\n|tier|[Gen 9] Anything Goes\n|rated|\n|rule|HP Percentage Mod: HP is shown in percentages\n|rule|Endless Battle Clause: Forcing endless battles is banned\n|clearpoke\n|poke|p1|Skeledirge, F|\n|poke|p1|Drifblim, F|\n|poke|p1|Polteageist|\n|poke|p2|Miraidon|\n|poke|p2|Kyogre|\n|poke|p2|Koraidon|\n|poke|p2|Arceus-Ground|\n|poke|p2|Arceus-Dark|\n|poke|p2|Calyrex-Shadow|\n|teampreview\n|inactive|Battle timer is ON: inactive players will automatically lose when time's up. (requested by binniebear125)\n|\n|t:|1700804409\n|start\n|switch|p1a: Drifblim|Drifblim, F, shiny|100\/100\n|switch|p2a: Calyrex|Calyrex-Shadow|100\/100\n|-ability|p2a: Calyrex|As One\n|-ability|p2a: Calyrex|Unnerve\n|turn|1\n|\n|t:|1700804413\n|-terastallize|p1a: Drifblim|Normal\n|move|p2a: Calyrex|Taunt|p1a: Drifblim\n|-start|p1a: Drifblim|move: Taunt\n|cant|p1a: Drifblim|move: Taunt|Minimize\n|\n|upkeep\n|turn|2\n|\n|t:|1700804420\n|move|p2a: Calyrex|Psyshock|p1a: Drifblim\n|-damage|p1a: Drifblim|55\/100\n|move|p1a: Drifblim|Stored Power|p2a: Calyrex\n|-resisted|p2a: Calyrex\n|-damage|p2a: Calyrex|99\/100\n|\n|upkeep\n|turn|3\n|\n|t:|1700804427\n|switch|p1a: Polteageist|Polteageist, shiny|100\/100\n|move|p2a: Calyrex|Psyshock|p1a: Polteageist\n|-damage|p1a: Polteageist|32\/100\n|\n|upkeep\n|turn|4\n|\n|t:|1700804434\n|move|p2a: Calyrex|Astral Barrage|p1a: Polteageist\n|-supereffective|p1a: Polteageist\n|-damage|p1a: Polteageist|0 fnt\n|faint|p1a: Polteageist\n|-ability|p2a: Calyrex|Grim Neigh|boost\n|-boost|p2a: Calyrex|spa|1\n|\n|upkeep\n|\n|t:|1700804439\n|switch|p1a: Drifblim|Drifblim, F, shiny, tera:Normal|55\/100\n|turn|5\n|\n|t:|1700804449\n|move|p2a: Calyrex|Taunt|p1a: Drifblim\n|-start|p1a: Drifblim|move: Taunt\n|cant|p1a: Drifblim|move: Taunt|Minimize\n|\n|upkeep\n|turn|6\n|c|\u2606binniebear125|k\n|c|\u2606binniebear125|y\n|c|\u2606binniebear125|s\n|\n|t:|1700804457\n|move|p2a: Calyrex|Psyshock|p1a: Drifblim\n|-damage|p1a: Drifblim|0 fnt\n|faint|p1a: Drifblim\n|-ability|p2a: Calyrex|Grim Neigh|boost\n|-boost|p2a: Calyrex|spa|1\n|\n|upkeep\n|c|\u2606OHMYGODTPRADO|HAHAHAHHAHAA\n|\n|t:|1700804460\n|switch|p1a: The Broom|Skeledirge, F, shiny|100\/100\n|turn|7\n|c|\u2606binniebear125|u\n|c|\u2606binniebear125|n\n|c|\u2606binniebear125|i\n|c|\u2606binniebear125|g\n|c|\u2606binniebear125|g\n|c|\u2606binniebear125|e\n|c|\u2606binniebear125|r\n|c|\u2606binniebear125|kill\n|c|\u2606binniebear125|yourself\n|c|\u2606binniebear125|n\n|inactive|binniebear125 has 120 seconds left.\n|c|\u2606OHMYGODTPRADO|HAHAHAHHAHAHAHAHA\n|c|\u2606binniebear125|i\n|c|\u2606binniebear125|g\n|c|\u2606binniebear125|g\n|c|\u2606binniebear125|e\n|c|\u2606binniebear125|r\n|c|\u2606OHMYGODTPRADO|NICE LOSER\n|c|\u2606binniebear125|you ft fuck\n|c|\u2606OHMYGODTPRADO|GET ANGRIER PLEASE\n|c|\u2606binniebear125|fat fuck\n|c|\u2606binniebear125|k\n|c|\u2606binniebear125|y\n|c|\u2606binniebear125|s\n|c|\u2606binniebear125|n\n|c|\u2606binniebear125|i\n|c|\u2606binniebear125|g\n|c|\u2606binniebear125|g\n|c|\u2606OHMYGODTPRADO|CONTINUE\n|c|\u2606binniebear125|e\n|c|\u2606binniebear125|r\n|c|\u2606OHMYGODTPRADO|HAHHAHAAHAHA\n|inactive|binniebear125 has 90 seconds left.\n|c|\u2606binniebear125|you can wait then\n|c|\u2606binniebear125|n\n|c|\u2606binniebear125|i\n|c|\u2606binniebear125|g\n|c|\u2606binniebear125|g\n|c|\u2606binniebear125|e\n|c|\u2606binniebear125|r\n|c|\u2606binniebear125|k\n|c|\u2606binniebear125|y\n|c|\u2606binniebear125|s\n|inactive|binniebear125 has 60 seconds left.\n|c|\u2606OHMYGODTPRADO|Can you continue saying bad names ?\n|inactive|binniebear125 has 30 seconds left.\n|inactive|binniebear125 has 20 seconds left.\n|inactive|binniebear125 has 15 seconds left.\n|inactive|binniebear125 has 10 seconds left.\n|inactive|binniebear125 has 5 seconds left.\n|c|\u2606binniebear125|your a fat fuck monkey\n|-message|binniebear125 lost due to inactivity.\n|\n|win|OHMYGODTPRADO\n|raw|binniebear125's rating: 1061 &rarr; <strong>1041<\/strong><br \/>(-20 for losing)\n|raw|OHMYGODTPRADO's rating: 1045 &rarr; <strong>1080<\/strong><br \/>(+35 for winning)\n","uploadtime":1700804513,"views":1,"p1id":"binniebear125","p2id":"ohmygodtprado","formatid":"gen9anythinggoes","rating":1041,"private":0,"password":""}