{"id":"gen9anythinggoes-1983840172","p1":"Twind_gg","p2":"brianbass","format":"[Gen 9] Anything Goes","log":"|j|\u2606Twind_gg\n|j|\u2606brianbass\n|t:|1699190145\n|gametype|singles\n|player|p1|Twind_gg|falkner|1084\n|player|p2|brianbass|benga|1125\n|teamsize|p1|6\n|teamsize|p2|6\n|gen|9\n|tier|[Gen 9] Anything Goes\n|rated|\n|rule|HP Percentage Mod: HP is shown in percentages\n|rule|Endless Battle Clause: Forcing endless battles is banned\n|clearpoke\n|poke|p1|Chandelure, M|\n|poke|p1|Dragapult, F|\n|poke|p1|Milotic, F|\n|poke|p1|Calyrex-Shadow|\n|poke|p1|Corviknight, M|\n|poke|p1|Gardevoir, M|\n|poke|p2|Pelipper, F|\n|poke|p2|Kilowattrel, F|\n|poke|p2|Basculegion-F, F|\n|poke|p2|Iron Jugulis|\n|poke|p2|Barraskewda, M|\n|poke|p2|Brute Bonnet|\n|teampreview\n|c|\u2606Twind_gg|r u cool\n|c|\u2606brianbass|hi\n|c|\u2606brianbass|yeah\n|j| I like cool birbs\n|\n|t:|1699190164\n|start\n|switch|p1a: Corviknight|Corviknight, M|100\/100\n|switch|p2a: Iron Jugulis|Iron Jugulis|100\/100\n|-enditem|p2a: Iron Jugulis|Booster Energy\n|-activate|p2a: Iron Jugulis|ability: Quark Drive|[fromitem]\n|-start|p2a: Iron Jugulis|quarkdrivespe\n|turn|1\n|j| AtomicVegetable\n|c|\u2606Twind_gg|then u should win to prive it\n|c|\u2606brianbass|bet\n|\n|t:|1699190178\n|move|p2a: Iron Jugulis|Taunt|p1a: Corviknight\n|-start|p1a: Corviknight|move: Taunt\n|cant|p1a: Corviknight|move: Taunt|Tailwind\n|\n|upkeep\n|turn|2\n|j| maskedpoem44572\n|c|\u2606brianbass|ill try\n|\n|t:|1699190187\n|move|p2a: Iron Jugulis|Hurricane|p1a: Corviknight\n|-resisted|p1a: Corviknight\n|-damage|p1a: Corviknight|74\/100\n|move|p1a: Corviknight|Brave Bird|p2a: Iron Jugulis\n|-damage|p2a: Iron Jugulis|36\/100\n|-damage|p1a: Corviknight|55\/100|[from] Recoil\n|-damage|p1a: Corviknight|45\/100|[from] item: Life Orb\n|\n|upkeep\n|turn|3\n|c|\u2606Twind_gg|nice taunt\n|j| ferey\n|c|\u2606brianbass|thk\n|l| AtomicVegetable\n|c|\u2606brianbass|its setup\n|c| ferey|hm\n|\n|t:|1699190199\n|move|p2a: Iron Jugulis|Dark Pulse|p1a: Corviknight\n|-crit|p1a: Corviknight\n|-damage|p1a: Corviknight|0 fnt\n|faint|p1a: Corviknight\n|\n|upkeep\n|c|\u2606Twind_gg|oh hi other peopel\n|c|\u2606brianbass|this teams on of my favs\n|l| ferey\n|\n|t:|1699190213\n|switch|p1a: Calyrex|Calyrex-Shadow|100\/100\n|-ability|p1a: Calyrex|As One\n|-ability|p1a: Calyrex|Unnerve\n|turn|4\n|c|\u2606brianbass|oop\n|c|\u2606brianbass|do i outspeed\n|c|\u2606Twind_gg|i started playing this game today\n|c|\u2606brianbass|dang\n|c|\u2606brianbass|its fun\n|c|\u2606Twind_gg|u dont outspeed btw\n|c|\u2606brianbass|ok\n|\n|t:|1699190246\n|move|p2a: Iron Jugulis|Dark Pulse|p1a: Calyrex\n|-supereffective|p1a: Calyrex\n|-damage|p1a: Calyrex|0 fnt\n|faint|p1a: Calyrex\n|\n|upkeep\n|c|\u2606brianbass|i did\n|c|\u2606brianbass|lol\n|c|\u2606Twind_gg|oh yh the boost\n|c|\u2606brianbass|i might win\n|c|\u2606Twind_gg|i forgot that\n|c|\u2606brianbass|if i keep playing\n|c|\u2606Twind_gg|u prob will\n|c|\u2606brianbass|smart\n|\n|t:|1699190266\n|switch|p1a: Dragapult|Dragapult, F|100\/100\n|turn|5\n|c|\u2606brianbass|here is the team\n|c|\u2606brianbass|!showteam\n|c| brianbass|\/raw <div class=\"infobox\"><details><summary>View team<\/summary>Pelipper (F) @ Damp Rock  <br \/>Ability: Drizzle  <br \/>Tera Type: Water  <br \/>EVs: 248 HP &#x2f; 252 Def &#x2f; 8 SpA  <br \/>Bold Nature  <br \/>- Chilling Water  <br \/>- Hurricane  <br \/>- U-turn  <br \/>- Roost  <br \/><br \/>Kilowattrel (F) @ Life Orb  <br \/>Ability: Volt Absorb  <br \/>Tera Type: Water  <br \/>EVs: 252 SpA &#x2f; 4 SpD &#x2f; 252 Spe  <br \/>Timid Nature  <br \/>IVs: 0 Atk  <br \/>- Hurricane  <br \/>- Thunder  <br \/>- Weather Ball  <br \/>- Volt Switch  <br \/><br \/>Basculegion (Basculegion-F) (F) @ Life Orb  <br \/>Ability: Adaptability  <br \/>Shiny: Yes  <br \/>Tera Type: Electric  <br \/>EVs: 4 Def &#x2f; 252 SpA &#x2f; 252 Spe  <br \/>Timid Nature  <br \/>IVs: 0 Atk  <br \/>- Shadow Ball  <br \/>- Surf  <br \/>- Rest  <br \/>- Sleep Talk  <br \/><br \/>Iron Jugulis @ Booster Energy  <br \/>Ability: Quark Drive  <br \/>Tera Type: Flying  <br \/>EVs: 252 SpA &#x2f; 4 SpD &#x2f; 252 Spe  <br \/>Timid Nature  <br \/>IVs: 0 Atk  <br \/>- Hurricane  <br \/>- Dark Pulse  <br \/>- Flash Cannon  <br \/>- Taunt  <br \/><br \/>Barraskewda (M) @ Choice Band  <br \/>Ability: Swift Swim  <br \/>Tera Type: Water  <br \/>EVs: 252 Atk &#x2f; 4 SpD &#x2f; 252 Spe  <br \/>Adamant Nature  <br \/>- Close Combat  <br \/>- Liquidation  <br \/>- Crunch  <br \/>- Ice Fang  <br \/><br \/>Brute Bonnet @ Life Orb  <br \/>Ability: Protosynthesis  <br \/>Tera Type: Fairy  <br \/>EVs: 252 HP &#x2f; 252 Atk &#x2f; 4 SpD  <br \/>Adamant Nature  <br \/>- Sucker Punch  <br \/>- Spore  <br \/>- Seed Bomb  <br \/>- Close Combat  <br \/><br \/><\/details><\/div>\n|j| hunkar\n|c|\u2606Twind_gg|thx\n|c|\u2606brianbass|i gotta get rid of ur ghost\n|c|\u2606brianbass|its fun\n|\n|t:|1699190288\n|move|p2a: Iron Jugulis|Dark Pulse|p1a: Dragapult\n|-supereffective|p1a: Dragapult\n|-crit|p1a: Dragapult\n|-damage|p1a: Dragapult|0 fnt\n|faint|p1a: Dragapult\n|\n|upkeep\n|c|\u2606brianbass|ok now time for the fun\n|c|\u2606brianbass|:)\n|\n|t:|1699190306\n|switch|p1a: Gardevoir|Gardevoir, M|100\/100\n|turn|6\n|c|\u2606brianbass|time to show u the true power\n|c|\u2606brianbass|of water\n|c|\u2606brianbass|kill me\n|\n|t:|1699190312\n|move|p2a: Iron Jugulis|Taunt|p1a: Gardevoir\n|-start|p1a: Gardevoir|move: Taunt\n|move|p1a: Gardevoir|Moonblast|p2a: Iron Jugulis\n|-supereffective|p2a: Iron Jugulis\n|-damage|p2a: Iron Jugulis|0 fnt\n|faint|p2a: Iron Jugulis\n|-end|p2a: Iron Jugulis|Quark Drive|[silent]\n|-damage|p1a: Gardevoir|91\/100|[from] item: Life Orb\n|\n|upkeep\n|c|\u2606brianbass|lol\n|\n|t:|1699190317\n|switch|p2a: Pelipper|Pelipper, F|100\/100\n|-weather|RainDance|[from] ability: Drizzle|[of] p2a: Pelipper\n|turn|7\n|c|\u2606Twind_gg|fianlyy\n|c|\u2606brianbass|perfect\n|\n|t:|1699190324\n|move|p1a: Gardevoir|Thunderbolt|p2a: Pelipper\n|-supereffective|p2a: Pelipper\n|-damage|p2a: Pelipper|0 fnt\n|faint|p2a: Pelipper\n|-damage|p1a: Gardevoir|81\/100|[from] item: Life Orb\n|\n|-weather|RainDance|[upkeep]\n|upkeep\n|c|\u2606brianbass|u gave me a gift\n|\n|t:|1699190328\n|switch|p2a: Basculegion|Basculegion-F, F, shiny|100\/100\n|turn|8\n|c|\u2606Twind_gg|how\n|l| maskedpoem44572\n|\n|t:|1699190337\n|-terastallize|p2a: Basculegion|Electric\n|move|p2a: Basculegion|Surf|p1a: Gardevoir\n|-damage|p1a: Gardevoir|19\/100\n|-damage|p2a: Basculegion|91\/100|[from] item: Life Orb\n|move|p1a: Gardevoir|Thunderbolt|p2a: Basculegion\n|-resisted|p2a: Basculegion\n|-damage|p2a: Basculegion|70\/100\n|-damage|p1a: Gardevoir|9\/100|[from] item: Life Orb\n|\n|-weather|RainDance|[upkeep]\n|-end|p1a: Gardevoir|move: Taunt\n|upkeep\n|turn|9\n|c|\u2606brianbass|eheeeh\n|l| I like cool birbs\n|c|\u2606brianbass|u will realize\n|c|\u2606brianbass|soon\n|c|\u2606brianbass|trust me\n|\n|t:|1699190350\n|move|p2a: Basculegion|Surf|p1a: Gardevoir\n|-damage|p1a: Gardevoir|0 fnt\n|faint|p1a: Gardevoir\n|-damage|p2a: Basculegion|60\/100|[from] item: Life Orb\n|\n|-weather|RainDance|[upkeep]\n|upkeep\n|c|\u2606brianbass|waters damage\n|\n|t:|1699190360\n|switch|p1a: Chandelure|Chandelure, M, shiny|100\/100\n|turn|10\n|c|\u2606brianbass|is boosted\n|c|\u2606Twind_gg|yess\n|c|\u2606brianbass|in rain\n|c|\u2606brianbass|:)\n|c|\u2606brianbass|gg!\n|c|\u2606brianbass|ur fire\n|c|\u2606brianbass|so\n|\n|t:|1699190380\n|move|p2a: Basculegion|Surf|p1a: Chandelure\n|-supereffective|p1a: Chandelure\n|-damage|p1a: Chandelure|0 fnt\n|faint|p1a: Chandelure\n|-damage|p2a: Basculegion|50\/100|[from] item: Life Orb\n|\n|-weather|RainDance|[upkeep]\n|upkeep\n|c|\u2606Twind_gg|i might outspeed\n|c|\u2606Twind_gg|nv\n|\n|t:|1699190386\n|switch|p1a: Milotic|Milotic, F|100\/100\n|turn|11\n|c|\u2606Twind_gg|gg\n|c|\u2606brianbass|try the team\n|c|\u2606Twind_gg|def will\n|c|\u2606brianbass|the first pokemon i used was for taunting\n|c|\u2606brianbass|to get rid of ur setups\n|c|\u2606brianbass|switch to pelipper for rain\n|c|\u2606brianbass|then pick whatever pokemon that has water\n|c|\u2606brianbass|and u do alot of damage lol\n|\n|t:|1699190425\n|-terastallize|p1a: Milotic|Dragon\n|move|p2a: Basculegion|Surf|p1a: Milotic\n|-resisted|p1a: Milotic\n|-damage|p1a: Milotic|72\/100\n|-damage|p2a: Basculegion|40\/100|[from] item: Life Orb\n|move|p1a: Milotic|Dragon Pulse|p2a: Basculegion\n|-damage|p2a: Basculegion|0 fnt\n|faint|p2a: Basculegion\n|-damage|p1a: Milotic|62\/100|[from] item: Life Orb\n|\n|-weather|RainDance|[upkeep]\n|upkeep\n|c|\u2606Twind_gg|oh ok\n|c| hunkar|Bruh how long have u all been playing this ge\n|\n|t:|1699190430\n|switch|p2a: Brute Bonnet|Brute Bonnet|100\/100\n|turn|12\n|c|\u2606brianbass|ehehe\n|c|\u2606Twind_gg|only strated today\n|\n|t:|1699190443\n|move|p1a: Milotic|Ice Beam|p2a: Brute Bonnet\n|-supereffective|p2a: Brute Bonnet\n|-damage|p2a: Brute Bonnet|47\/100\n|-damage|p1a: Milotic|52\/100|[from] item: Life Orb\n|move|p2a: Brute Bonnet|Spore|p1a: Milotic\n|-status|p1a: Milotic|slp|[from] move: Spore\n|\n|-weather|RainDance|[upkeep]\n|upkeep\n|turn|13\n|c|\u2606brianbass|sleepy?\n|c| hunkar|I figured\n|\n|t:|1699190456\n|-end|p2a: Brute Bonnet|Protosynthesis|[silent]\n|switch|p2a: Barraskewda|Barraskewda, M|100\/100\n|cant|p1a: Milotic|slp\n|\n|-weather|RainDance|[upkeep]\n|upkeep\n|turn|14\n|c| hunkar|Watch u tbe\n|c|\u2606brianbass|ice\n|c|\u2606brianbass|gg!\n|c|\u2606Twind_gg|gg\n|c|\u2606brianbass|ice is one shot to u\n|\n|t:|1699190468\n|move|p2a: Barraskewda|Ice Fang|p1a: Milotic\n|-supereffective|p1a: Milotic\n|-damage|p1a: Milotic|0 fnt\n|faint|p1a: Milotic\n|\n|win|brianbass\n|raw|Twind_gg's rating: 1084 &rarr; <strong>1064<\/strong><br \/>(-20 for losing)\n|raw|brianbass's rating: 1125 &rarr; <strong>1147<\/strong><br \/>(+22 for winning)\n|c|\u2606brianbass|i think\n|c|\u2606brianbass|gg\n|c|\u2606brianbass|try it\n|c|\u2606brianbass|!showteam\n|c| brianbass|\/raw <div class=\"infobox\"><details><summary>View team<\/summary>Pelipper (F) @ Damp Rock  <br \/>Ability: Drizzle  <br \/>Tera Type: Water  <br \/>EVs: 248 HP &#x2f; 252 Def &#x2f; 8 SpA  <br \/>Bold Nature  <br \/>- Chilling Water  <br \/>- Hurricane  <br \/>- U-turn  <br \/>- Roost  <br \/><br \/>Kilowattrel (F) @ Life Orb  <br \/>Ability: Volt Absorb  <br \/>Tera Type: Water  <br \/>EVs: 252 SpA &#x2f; 4 SpD &#x2f; 252 Spe  <br \/>Timid Nature  <br \/>IVs: 0 Atk  <br \/>- Hurricane  <br \/>- Thunder  <br \/>- Weather Ball  <br \/>- Volt Switch  <br \/><br \/>Basculegion (Basculegion-F) (F) @ Life Orb  <br \/>Ability: Adaptability  <br \/>Shiny: Yes  <br \/>Tera Type: Electric  <br \/>EVs: 4 Def &#x2f; 252 SpA &#x2f; 252 Spe  <br \/>Timid Nature  <br \/>IVs: 0 Atk  <br \/>- Shadow Ball  <br \/>- Surf  <br \/>- Rest  <br \/>- Sleep Talk  <br \/><br \/>Iron Jugulis @ Booster Energy  <br \/>Ability: Quark Drive  <br \/>Tera Type: Flying  <br \/>EVs: 252 SpA &#x2f; 4 SpD &#x2f; 252 Spe  <br \/>Timid Nature  <br \/>IVs: 0 Atk  <br \/>- Hurricane  <br \/>- Dark Pulse  <br \/>- Flash Cannon  <br \/>- Taunt  <br \/><br \/>Barraskewda (M) @ Choice Band  <br \/>Ability: Swift Swim  <br \/>Tera Type: Water  <br \/>EVs: 252 Atk &#x2f; 4 SpD &#x2f; 252 Spe  <br \/>Adamant Nature  <br \/>- Close Combat  <br \/>- Liquidation  <br \/>- Crunch  <br \/>- Ice Fang  <br \/><br \/>Brute Bonnet @ Life Orb  <br \/>Ability: Protosynthesis  <br \/>Tera Type: Fairy  <br \/>EVs: 252 HP &#x2f; 252 Atk &#x2f; 4 SpD  <br \/>Adamant Nature  <br \/>- Sucker Punch  <br \/>- Spore  <br \/>- Seed Bomb  <br \/>- Close Combat  <br \/><br \/><\/details><\/div>\n|c|\u2606brianbass|its rlly fun\n|c|\u2606Twind_gg|i will copy it\n|c|\u2606brianbass|kk\n|c|\u2606brianbass|see ya around\n|l| hunkar\n|l|\u2606brianbass\n|j| Gaussfield\n|j| GarbodorIsGodd\u262d\n","uploadtime":1699190526,"views":4,"p1id":"twindgg","p2id":"brianbass","formatid":"gen9anythinggoes","rating":1064,"private":0,"password":""}