{"id":"gen9anythinggoes-1989530928","p1":"wellericepick","p2":"Einzbern640","format":"[Gen 9] Anything Goes","log":"|j|\u2606wellericepick\n|j|\u2606Einzbern640\n|t:|1699866604\n|gametype|singles\n|player|p1|wellericepick|scientist|1067\n|player|p2|Einzbern640|waiter|1113\n|teamsize|p1|2\n|teamsize|p2|6\n|gen|9\n|tier|[Gen 9] Anything Goes\n|rated|\n|rule|HP Percentage Mod: HP is shown in percentages\n|rule|Endless Battle Clause: Forcing endless battles is banned\n|clearpoke\n|poke|p1|Polteageist|\n|poke|p1|Mew|\n|poke|p2|Empoleon, F|\n|poke|p2|Empoleon, M|\n|poke|p2|Empoleon, M|\n|poke|p2|Empoleon, M|\n|poke|p2|Empoleon, F|\n|poke|p2|Empoleon, F|\n|teampreview\n|inactive|Battle timer is ON: inactive players will automatically lose when time's up. (requested by wellericepick)\n|c|\u2606wellericepick|Oh\n|\n|t:|1699866619\n|start\n|switch|p1a: Polteageist|Polteageist|100\/100\n|switch|p2a: Winter|Empoleon, F, shiny|100\/100\n|turn|1\n|\n|t:|1699866626\n|move|p1a: Polteageist|Shell Smash|p1a: Polteageist\n|-unboost|p1a: Polteageist|def|1\n|-unboost|p1a: Polteageist|spd|1\n|-boost|p1a: Polteageist|atk|2\n|-boost|p1a: Polteageist|spa|2\n|-boost|p1a: Polteageist|spe|2\n|move|p2a: Winter|Snowscape|p2a: Winter\n|-weather|Snow\n|\n|-weather|Snow|[upkeep]\n|upkeep\n|turn|2\n|\n|t:|1699866636\n|move|p1a: Polteageist|Shell Smash|p1a: Polteageist\n|-unboost|p1a: Polteageist|def|1\n|-unboost|p1a: Polteageist|spd|1\n|-boost|p1a: Polteageist|atk|2\n|-boost|p1a: Polteageist|spa|2\n|-boost|p1a: Polteageist|spe|2\n|move|p2a: Winter|Blizzard|p1a: Polteageist\n|-enditem|p1a: Polteageist|Focus Sash\n|-damage|p1a: Polteageist|1\/100\n|\n|-weather|Snow|[upkeep]\n|upkeep\n|turn|3\n|\n|t:|1699866647\n|move|p1a: Polteageist|Baton Pass|p1a: Polteageist\n|\n|t:|1699866649\n|switch|p1a: Mew|Mew|100\/100|[from] Baton Pass\n|move|p2a: Winter|Stealth Rock|p1a: Mew\n|-sidestart|p1: wellericepick|move: Stealth Rock\n|\n|-weather|Snow|[upkeep]\n|upkeep\n|turn|4\n|\n|t:|1699866657\n|move|p1a: Mew|Stored Power|p2a: Winter\n|-resisted|p2a: Winter\n|-damage|p2a: Winter|0 fnt\n|faint|p2a: Winter\n|\n|-weather|Snow|[upkeep]\n|upkeep\n|\n|t:|1699866667\n|switch|p2a: Poseidon|Empoleon, M|100\/100\n|turn|5\n|\n|t:|1699866679\n|move|p1a: Mew|Stored Power|p2a: Poseidon\n|-resisted|p2a: Poseidon\n|-crit|p2a: Poseidon\n|-enditem|p2a: Poseidon|Focus Sash\n|-damage|p2a: Poseidon|1\/100\n|move|p2a: Poseidon|Haze|p2a: Poseidon\n|-clearallboost\n|\n|-weather|none\n|upkeep\n|turn|6\n|l|\u2606wellericepick\n|inactive|wellericepick disconnected and has a minute to reconnect!\n|player|p1|\n|inactive|wellericepick has 30 seconds to reconnect!\n|inactive|wellericepick has 20 seconds to reconnect!\n|inactive|wellericepick has 15 seconds to reconnect!\n|inactive|wellericepick has 10 seconds to reconnect!\n|inactive|wellericepick has 5 seconds to reconnect!\n|-message|wellericepick lost due to inactivity.\n|\n|win|Einzbern640\n|raw|wellericepick's rating: 1067 &rarr; <strong>1050<\/strong><br \/>(-17 for losing)\n|raw|Einzbern640's rating: 1113 &rarr; <strong>1135<\/strong><br \/>(+22 for winning)\n","uploadtime":1699866774,"views":6,"p1id":"wellericepick","p2id":"einzbern640","formatid":"gen9anythinggoes","rating":1050,"private":0,"password":""}