{"id":"gen9anythinggoes-1975078084","p1":"Leafeon Enjoyer","p2":"lol 5057","format":"[Gen 9] Anything Goes","log":"|j|\u2606Leafeon Enjoyer\n|j|\u2606lol 5057\n|t:|1698160189\n|gametype|singles\n|player|p1|Leafeon Enjoyer|rosa-masters|1031\n|player|p2|lol 5057|lucas|1000\n|teamsize|p1|6\n|teamsize|p2|6\n|gen|9\n|tier|[Gen 9] Anything Goes\n|rated|\n|rule|HP Percentage Mod: HP is shown in percentages\n|rule|Endless Battle Clause: Forcing endless battles is banned\n|clearpoke\n|poke|p1|Kyogre|\n|poke|p1|Kyogre|\n|poke|p1|Kyogre|\n|poke|p1|Kyogre|\n|poke|p1|Kyogre|\n|poke|p1|Kyogre|\n|poke|p2|Sandslash-Alola, M|\n|poke|p2|Glimmora, M|\n|poke|p2|Garchomp, F|\n|poke|p2|Talonflame, F|\n|poke|p2|Sinistcha-Masterpiece|\n|poke|p2|Inteleon, F|\n|teampreview\n|inactive|Battle timer is ON: inactive players will automatically lose when time's up. (requested by Leafeon Enjoyer)\n|\n|t:|1698160203\n|start\n|switch|p1a: Kyogre|Kyogre|100\/100\n|switch|p2a: Teaboi|Sinistcha-Masterpiece, shiny|100\/100\n|-weather|RainDance|[from] ability: Drizzle|[of] p1a: Kyogre\n|turn|1\n|\n|t:|1698160211\n|-terastallize|p1a: Kyogre|Water\n|move|p1a: Kyogre|Water Spout|p2a: Teaboi\n|-resisted|p2a: Teaboi\n|-damage|p2a: Teaboi|0 fnt\n|faint|p2a: Teaboi\n|\n|-weather|RainDance|[upkeep]\n|upkeep\n|\n|t:|1698160221\n|switch|p2a: The north face|Sandslash-Alola, M, shiny|100\/100\n|turn|2\n|\n|t:|1698160225\n|move|p1a: Kyogre|Water Spout|p2a: The north face\n|-damage|p2a: The north face|0 fnt\n|faint|p2a: The north face\n|\n|-weather|RainDance|[upkeep]\n|upkeep\n|\n|t:|1698160233\n|switch|p2a: Mega chomp|Garchomp, F, shiny|100\/100\n|turn|3\n|\n|t:|1698160237\n|move|p1a: Kyogre|Water Spout|p2a: Mega chomp\n|-damage|p2a: Mega chomp|0 fnt\n|faint|p2a: Mega chomp\n|\n|-weather|RainDance|[upkeep]\n|upkeep\n|inactive|lol 5057 has 120 seconds left.\n|inactive|lol 5057 has 90 seconds left.\n|inactive|lol 5057 has 60 seconds left.\n|inactive|lol 5057 has 30 seconds left.\n|inactive|lol 5057 has 20 seconds left.\n|inactive|lol 5057 has 15 seconds left.\n|inactive|lol 5057 has 10 seconds left.\n|inactive|lol 5057 has 5 seconds left.\n|-message|lol 5057 lost due to inactivity.\n|\n|win|Leafeon Enjoyer\n|raw|Leafeon Enjoyer's rating: 1031 &rarr; <strong>1063<\/strong><br \/>(+32 for winning)\n|raw|lol 5057's rating: 1000 &rarr; <strong>1000<\/strong><br \/>(+0 for losing)\n","uploadtime":1698160391,"views":5,"p1id":"leafeonenjoyer","p2id":"lol5057","formatid":"gen9anythinggoes","rating":1000,"private":0,"password":""}