{"id":"gen9anythinggoes-1983995375","p1":"sonoco123","p2":"simondroid","format":"[Gen 9] Anything Goes","log":"|j|\u2606sonoco123\n|j|\u2606simondroid\n|t:|1699207978\n|gametype|singles\n|player|p1|sonoco123|steven|1015\n|player|p2|simondroid|dawn|1000\n|teamsize|p1|1\n|teamsize|p2|6\n|gen|9\n|tier|[Gen 9] Anything Goes\n|rated|\n|rule|HP Percentage Mod: HP is shown in percentages\n|rule|Endless Battle Clause: Forcing endless battles is banned\n|clearpoke\n|poke|p1|Polteageist|\n|poke|p2|Slugma, M|\n|poke|p2|Slugma, M|\n|poke|p2|Slugma, F|\n|poke|p2|Slugma, F|\n|poke|p2|Slugma, M|\n|poke|p2|Slugma, M|\n|teampreview\n|inactive|Battle timer is ON: inactive players will automatically lose when time's up. (requested by sonoco123)\n|\n|t:|1699207984\n|start\n|switch|p1a: Polteageist|Polteageist|100\/100\n|switch|p2a: Slugma|Slugma, M|100\/100\n|turn|1\n|c|\u2606simondroid|hi\n|\n|t:|1699207991\n|move|p1a: Polteageist|Shell Smash|p1a: Polteageist\n|-unboost|p1a: Polteageist|def|1\n|-unboost|p1a: Polteageist|spd|1\n|-boost|p1a: Polteageist|atk|2\n|-boost|p1a: Polteageist|spa|2\n|-boost|p1a: Polteageist|spe|2\n|move|p2a: Slugma|Yawn|p1a: Polteageist\n|-start|p1a: Polteageist|move: Yawn|[of] p2a: Slugma\n|\n|upkeep\n|turn|2\n|-message|sonoco123 forfeited.\n|\n|win|simondroid\n|raw|sonoco123's rating: 1015 &rarr; <strong>1002<\/strong><br \/>(-13 for losing)\n|raw|simondroid's rating: 1000 &rarr; <strong>1042<\/strong><br \/>(+42 for winning)\n|l|\u2606sonoco123\n","uploadtime":1699208003,"views":4,"p1id":"sonoco123","p2id":"simondroid","formatid":"gen9anythinggoes","rating":1002,"private":0,"password":""}