{"id":"gen9anythinggoes-1976782384","p1":"Oranj_Juce","p2":"tdty","format":"[Gen 9] Anything Goes","log":"|j|\u2606Oranj_Juce\n|j|\u2606tdty\n|t:|1698340950\n|gametype|singles\n|player|p1|Oranj_Juce|buck|1155\n|player|p2|tdty|266|1426\n|teamsize|p1|6\n|teamsize|p2|6\n|gen|9\n|tier|[Gen 9] Anything Goes\n|rated|\n|rule|HP Percentage Mod: HP is shown in percentages\n|rule|Endless Battle Clause: Forcing endless battles is banned\n|clearpoke\n|poke|p1|Corviknight, F|\n|poke|p1|Maushold-Four|\n|poke|p1|Chien-Pao|\n|poke|p1|Drifblim, F|\n|poke|p1|Samurott-Hisui, M|\n|poke|p1|Oricorio-Pom-Pom, F|\n|poke|p2|Okidogi, M|\n|poke|p2|Clefable, F|\n|poke|p2|Flutter Mane|\n|poke|p2|Calyrex-Shadow|\n|poke|p2|Polteageist|\n|poke|p2|Magearna|\n|teampreview\n|inactive|Battle timer is ON: inactive players will automatically lose when time's up. (requested by Oranj_Juce)\n|\n|t:|1698340962\n|start\n|switch|p1a: Silly joke\ud83d\ude01|Drifblim, F, shiny|100\/100\n|switch|p2a: Calyrex|Calyrex-Shadow|100\/100\n|-ability|p2a: Calyrex|As One\n|-ability|p2a: Calyrex|Unnerve\n|turn|1\n|\n|t:|1698340970\n|move|p2a: Calyrex|Taunt|p1a: Silly joke\ud83d\ude01\n|-start|p1a: Silly joke\ud83d\ude01|move: Taunt\n|cant|p1a: Silly joke\ud83d\ude01|move: Taunt|Minimize\n|\n|upkeep\n|turn|2\n|inactive|Oranj_Juce has 120 seconds left.\n|l|\u2606Oranj_Juce\n|inactive|Oranj_Juce disconnected and has a minute to reconnect!\n|player|p1|\n|inactive|Oranj_Juce has 30 seconds to reconnect!\n|inactive|Oranj_Juce has 20 seconds to reconnect!\n|inactive|Oranj_Juce has 15 seconds to reconnect!\n|inactive|Oranj_Juce has 10 seconds to reconnect!\n|inactive|Oranj_Juce has 5 seconds to reconnect!\n|-message|Oranj_Juce lost due to inactivity.\n|\n|win|tdty\n|raw|Oranj_Juce's rating: 1155 &rarr; <strong>1146<\/strong><br \/>(-9 for losing)\n|raw|tdty's rating: 1426 &rarr; <strong>1433<\/strong><br \/>(+7 for winning)\n|j|\u2606Oranj_Juce\n|player|p1|Oranj_Juce|buck\n","uploadtime":1698341254,"views":4,"p1id":"oranjjuce","p2id":"tdty","formatid":"gen9anythinggoes","rating":1146,"private":0,"password":""}