{"id":"gen9anythinggoes-1980841993","p1":"Wourior","p2":"3 others","format":"[Gen 9] Anything Goes","log":"|j|\u2606Wourior\n|j|\u26063 others\n|t:|1698841201\n|gametype|singles\n|player|p1|Wourior|fisherman-gen4|1139\n|player|p2|3 others|ultraforestkartenvoy|1150\n|teamsize|p1|6\n|teamsize|p2|6\n|gen|9\n|tier|[Gen 9] Anything Goes\n|rated|\n|rule|HP Percentage Mod: HP is shown in percentages\n|rule|Endless Battle Clause: Forcing endless battles is banned\n|clearpoke\n|poke|p1|Meowscarada, M|\n|poke|p1|Blissey, F|\n|poke|p1|Ursaluna-Bloodmoon, M|\n|poke|p1|Iron Bundle|\n|poke|p1|Eternatus|\n|poke|p1|Chi-Yu|\n|poke|p2|Ribombee, F|\n|poke|p2|Zacian-*|\n|poke|p2|Arceus-Ground|\n|poke|p2|Koraidon|\n|poke|p2|Arceus|\n|poke|p2|Calyrex-Shadow|\n|teampreview\n|\n|t:|1698841220\n|start\n|switch|p1a: Meowscarada|Meowscarada, M|100\/100\n|switch|p2a: Koraidon|Koraidon|100\/100\n|-weather|SunnyDay|[from] ability: Orichalcum Pulse|[of] p2a: Koraidon\n|-activate|p2a: Koraidon|Orichalcum Pulse|[source]\n|turn|1\n|\n|t:|1698841232\n|-terastallize|p1a: Meowscarada|Flying\n|move|p2a: Koraidon|Scale Shot|p1a: Meowscarada\n|-crit|p1a: Meowscarada\n|-damage|p1a: Meowscarada|58\/100\n|-damage|p1a: Meowscarada|32\/100\n|-damage|p1a: Meowscarada|6\/100\n|-damage|p1a: Meowscarada|0 fnt\n|faint|p1a: Meowscarada\n|-hitcount|p1: Meowscarada|4\n|-unboost|p2a: Koraidon|def|1\n|-boost|p2a: Koraidon|spe|1\n|\n|-weather|SunnyDay|[upkeep]\n|upkeep\n|-message|Wourior forfeited.\n|\n|win|3 others\n|raw|Wourior's rating: 1139 &rarr; <strong>1115<\/strong><br \/>(-24 for losing)\n|raw|3 others's rating: 1150 &rarr; <strong>1174<\/strong><br \/>(+24 for winning)\n|l|\u2606Wourior\n","uploadtime":1698841247,"views":11,"p1id":"wourior","p2id":"3others","formatid":"gen9anythinggoes","rating":1115,"private":0,"password":""}