{"id":"gen9anythinggoes-1982838167","p1":"Thatbreloomguy","p2":"justmedoingtesting","format":"[Gen 9] Anything Goes","log":"|j|\u2606Thatbreloomguy\n|j|\u2606justmedoingtesting\n|t:|1699049881\n|gametype|singles\n|player|p1|Thatbreloomguy|170|1632\n|player|p2|justmedoingtesting|169|1467\n|teamsize|p1|6\n|teamsize|p2|6\n|gen|9\n|tier|[Gen 9] Anything Goes\n|rated|\n|rule|HP Percentage Mod: HP is shown in percentages\n|rule|Endless Battle Clause: Forcing endless battles is banned\n|clearpoke\n|poke|p1|Ribombee, M|\n|poke|p1|Breloom, F|\n|poke|p1|Calyrex-Shadow|\n|poke|p1|Zacian-*|\n|poke|p1|Miraidon|\n|poke|p1|Arceus|\n|poke|p2|Koraidon|\n|poke|p2|Skeledirge, F|\n|poke|p2|Zacian-*|\n|poke|p2|Ting-Lu|\n|poke|p2|Arceus|\n|poke|p2|Miraidon|\n|teampreview\n|l|\u2606Thatbreloomguy\n|player|p1|\n|inactive|Battle timer is ON: inactive players will automatically lose when time's up. (requested by justmedoingtesting)\n|j|\u2606Thatbreloomguy\n|inactive|Thatbreloomguy reconnected and has 125 seconds left.\n|player|p1|Thatbreloomguy|170\n|\n|t:|1699049929\n|start\n|switch|p1a: Ribombee|Ribombee, M|100\/100\n|switch|p2a: Zacian|Zacian-Crowned|100\/100\n|-ability|p2a: Zacian|Intrepid Sword|boost\n|-boost|p2a: Zacian|atk|1\n|turn|1\n|\n|t:|1699049945\n|move|p2a: Zacian|Swords Dance|p2a: Zacian\n|-boost|p2a: Zacian|atk|2\n|move|p1a: Ribombee|Sticky Web|p2a: Zacian\n|-sidestart|p2: justmedoingtesting|move: Sticky Web\n|\n|upkeep\n|turn|2\n|\n|t:|1699049948\n|move|p2a: Zacian|Behemoth Blade|p1a: Ribombee\n|-supereffective|p1a: Ribombee\n|-enditem|p1a: Ribombee|Focus Sash\n|-damage|p1a: Ribombee|1\/100\n|move|p1a: Ribombee|Tailwind|p1a: Ribombee\n|-sidestart|p1: Thatbreloomguy|move: Tailwind\n|\n|upkeep\n|turn|3\n|\n|t:|1699049954\n|move|p1a: Ribombee|Quiver Dance|p1a: Ribombee\n|-boost|p1a: Ribombee|spa|1\n|-boost|p1a: Ribombee|spd|1\n|-boost|p1a: Ribombee|spe|1\n|move|p2a: Zacian|Behemoth Blade|p1a: Ribombee\n|-supereffective|p1a: Ribombee\n|-damage|p1a: Ribombee|0 fnt\n|faint|p1a: Ribombee\n|\n|upkeep\n|\n|t:|1699049964\n|switch|p1a: Calyrex|Calyrex-Shadow|100\/100\n|-ability|p1a: Calyrex|As One\n|-ability|p1a: Calyrex|Unnerve\n|turn|4\n|j| GigaBytes7\n|inactive|justmedoingtesting has 120 seconds left.\n|\n|t:|1699050019\n|move|p1a: Calyrex|Astral Barrage|p2a: Zacian\n|-damage|p2a: Zacian|33\/100\n|move|p2a: Zacian|Behemoth Blade|p1a: Calyrex\n|-enditem|p1a: Calyrex|Focus Sash\n|-damage|p1a: Calyrex|1\/100\n|\n|upkeep\n|turn|5\n|inactive|justmedoingtesting has 90 seconds left.\n|\n|t:|1699050044\n|switch|p2a: Ting-Lu|Ting-Lu|100\/100\n|-activate|p2a: Ting-Lu|move: Sticky Web\n|-unboost|p2a: Ting-Lu|spe|1\n|-ability|p2a: Ting-Lu|Vessel of Ruin\n|move|p1a: Calyrex|Astral Barrage|p2a: Ting-Lu\n|-resisted|p2a: Ting-Lu\n|-damage|p2a: Ting-Lu|86\/100\n|\n|-heal|p2a: Ting-Lu|92\/100|[from] item: Leftovers\n|-sideend|p1: Thatbreloomguy|move: Tailwind\n|upkeep\n|turn|6\n|inactive|justmedoingtesting has 90 seconds left.\n|c|\u2606Thatbreloomguy|Yo is that gigabytes7??\n|c| GigaBytes7|hi\n|c|\u2606justmedoingtesting|yes\n|c|\u2606justmedoingtesting|gigibytes\n|\n|t:|1699050064\n|move|p1a: Calyrex|Nasty Plot|p1a: Calyrex\n|-boost|p1a: Calyrex|spa|2\n|move|p2a: Ting-Lu|Earthquake|p1a: Calyrex\n|-damage|p1a: Calyrex|0 fnt\n|faint|p1a: Calyrex\n|\n|-heal|p2a: Ting-Lu|98\/100|[from] item: Leftovers\n|upkeep\n|\n|t:|1699050068\n|switch|p1a: Todd|Breloom, F, shiny|100\/100\n|turn|7\n|inactive|justmedoingtesting has 90 seconds left.\n|\n|t:|1699050095\n|switch|p2a: Miraidon|Miraidon|100\/100\n|-activate|p2a: Miraidon|move: Sticky Web\n|-unboost|p2a: Miraidon|spe|1\n|-fieldstart|move: Electric Terrain|[from] ability: Hadron Engine|[of] p2a: Miraidon\n|move|p1a: Todd|Spore|p2a: Miraidon\n|-activate|p2a: Miraidon|move: Electric Terrain\n|\n|upkeep\n|turn|8\n|inactiveoff|Battle timer is now OFF.\n|inactive|Battle timer is ON: inactive players will automatically lose when time's up. (requested by Thatbreloomguy)\n|\n|t:|1699050116\n|switch|p2a: Skeledirge|Skeledirge, F|100\/100\n|move|p1a: Todd|Bulldoze|p2a: Skeledirge\n|-supereffective|p2a: Skeledirge\n|-damage|p2a: Skeledirge|66\/100\n|-unboost|p2a: Skeledirge|spe|1\n|\n|upkeep\n|turn|9\n|c|\u2606Thatbreloomguy|Nah I like timer\n|inactive|justmedoingtesting has 90 seconds left.\n|c|\u2606justmedoingtesting|pls\n|c|\u2606justmedoingtesting|he is guiding me\n|\n|t:|1699050135\n|switch|p1a: Miraidon|Miraidon|100\/100\n|-activate|p1a: Miraidon|ability: Hadron Engine\n|move|p2a: Skeledirge|Will-O-Wisp|p1a: Miraidon\n|-status|p1a: Miraidon|brn\n|\n|-damage|p1a: Miraidon|94\/100 brn|[from] brn\n|upkeep\n|turn|10\n|c|\u2606Thatbreloomguy|Wait\n|c|\u2606Thatbreloomguy|why :(\n|c|\u2606justmedoingtesting|type gigi\n|c|\u2606Thatbreloomguy|man he\u2019s better than me though\n|c|\u2606justmedoingtesting|da paypal\n|\n|t:|1699050160\n|move|p1a: Miraidon|Dazzling Gleam|p2a: Skeledirge\n|-resisted|p2a: Skeledirge\n|-damage|p2a: Skeledirge|35\/100\n|move|p2a: Skeledirge|Hex|p1a: Miraidon\n|-damage|p1a: Miraidon|48\/100 brn\n|\n|-damage|p1a: Miraidon|42\/100 brn|[from] brn\n|upkeep\n|turn|11\n|\n|t:|1699050167\n|move|p1a: Miraidon|Dazzling Gleam|p2a: Skeledirge\n|-resisted|p2a: Skeledirge\n|-damage|p2a: Skeledirge|4\/100\n|move|p2a: Skeledirge|Slack Off|p2a: Skeledirge\n|-heal|p2a: Skeledirge|55\/100\n|\n|-damage|p1a: Miraidon|35\/100 brn|[from] brn\n|-fieldend|move: Electric Terrain\n|upkeep\n|turn|12\n|c| GigaBytes7|idk he said he needed help\n|c|\u2606Thatbreloomguy|Terrible read\n|c|\u2606Thatbreloomguy|I did NOT read\n|c| GigaBytes7|scarf?\n|inactive|Thatbreloomguy has 120 seconds left.\n|c|\u2606Thatbreloomguy|Specs\n|c| GigaBytes7|oh\n|c|\u2606Thatbreloomguy|cuz webs\n|inactive|justmedoingtesting has 90 seconds left.\n|c|\u2606justmedoingtesting|damn\n|c| GigaBytes7|that does less than i expected tbh\n|\n|t:|1699050201\n|switch|p1a: Arceus|Arceus|100\/100\n|move|p2a: Skeledirge|Will-O-Wisp|p1a: Arceus\n|-status|p1a: Arceus|brn\n|\n|-damage|p1a: Arceus|94\/100 brn|[from] brn\n|upkeep\n|turn|13\n|inactive|justmedoingtesting has 90 seconds left.\n|\n|t:|1699050209\n|move|p1a: Arceus|Swords Dance|p1a: Arceus\n|-boost|p1a: Arceus|atk|2\n|move|p2a: Skeledirge|Torch Song|p1a: Arceus\n|-damage|p1a: Arceus|71\/100 brn\n|-boost|p2a: Skeledirge|spa|1\n|\n|-damage|p1a: Arceus|65\/100 brn|[from] brn\n|upkeep\n|turn|14\n|c| GigaBytes7|i dont even need to do anything now\n|c|\u2606Thatbreloomguy|My bitch ass\n|inactive|justmedoingtesting has 90 seconds left.\n|c|\u2606justmedoingtesting|:)\n|c|\u2606Thatbreloomguy|its unaware why did i\n|\n|t:|1699050229\n|move|p1a: Arceus|Shadow Ball|p2a: Skeledirge\n|-supereffective|p2a: Skeledirge\n|-damage|p2a: Skeledirge|0 fnt\n|faint|p2a: Skeledirge\n|-damage|p1a: Arceus|55\/100 brn|[from] item: Life Orb\n|\n|-damage|p1a: Arceus|49\/100 brn|[from] brn\n|upkeep\n|c| GigaBytes7|nah\n|c| GigaBytes7|what\n|c|\u2606justmedoingtesting|what\n|\n|t:|1699050237\n|switch|p2a: Ting-Lu|Ting-Lu|98\/100\n|-activate|p2a: Ting-Lu|move: Sticky Web\n|-unboost|p2a: Ting-Lu|spe|1\n|-ability|p2a: Ting-Lu|Vessel of Ruin\n|turn|15\n|c|\u2606Thatbreloomguy|Ngl when I made this team\n|c|\u2606Thatbreloomguy|i Misclicked shadow claw\n|c|\u2606justmedoingtesting|what do i do?\n|c| GigaBytes7|i gotta try that ngl\n|c|\u2606Thatbreloomguy|and I mean\n|inactive|Thatbreloomguy has 120 seconds left.\n|c| GigaBytes7|whats the set\n|inactive|justmedoingtesting has 60 seconds left.\n|c|\u2606justmedoingtesting|eq\n|c|\u2606justmedoingtesting|ruin\n|c|\u2606justmedoingtesting|go quick\n|c| GigaBytes7|not you\n|c|\u2606justmedoingtesting|60 sec\n|\n|t:|1699050279\n|move|p1a: Arceus|Extreme Speed|p2a: Ting-Lu\n|-damage|p2a: Ting-Lu|72\/100\n|-damage|p1a: Arceus|39\/100 brn|[from] item: Life Orb\n|move|p2a: Ting-Lu|Earthquake|p1a: Arceus\n|-damage|p1a: Arceus|5\/100 brn\n|\n|-heal|p2a: Ting-Lu|79\/100|[from] item: Leftovers\n|-damage|p1a: Arceus|0 fnt|[from] brn\n|faint|p1a: Arceus\n|upkeep\n|j| OFFTHEZERC\n|c|\u2606Thatbreloomguy|Just ekiller\n|c|\u2606Thatbreloomguy|with shadow ball instead of claw\n|c|\u2606Thatbreloomguy|because I\u2019m stupid\n|c| GigaBytes7|evs?\n|l| OFFTHEZERC\n|inactive|Thatbreloomguy has 90 seconds left.\n|c|\u2606justmedoingtesting|breloom guy can u tell him to stop killing my chonk?\n|c|\u2606Thatbreloomguy|Fast physical\n|c| GigaBytes7|no spa?\n|c|\u2606Thatbreloomguy|4\n|c| GigaBytes7|oh\n|c|\u2606Thatbreloomguy|like I said\n|c| GigaBytes7|whats the - stat\n|c|\u2606Thatbreloomguy|misclick\n|inactive|Thatbreloomguy has 60 seconds left.\n|c|\u2606Thatbreloomguy|Def\n|\n|t:|1699050346\n|switch|p1a: Todd|Breloom, F, shiny|100\/100\n|turn|16\n|c| GigaBytes7|ok\n|inactive|Thatbreloomguy has 60 seconds left.\n|inactive|justmedoingtesting has 60 seconds left.\n|\n|t:|1699050357\n|switch|p2a: Miraidon|Miraidon|100\/100\n|-activate|p2a: Miraidon|move: Sticky Web\n|-unboost|p2a: Miraidon|spe|1\n|-fieldstart|move: Electric Terrain|[from] ability: Hadron Engine|[of] p2a: Miraidon\n|move|p1a: Todd|Bulldoze|p2a: Miraidon\n|-supereffective|p2a: Miraidon\n|-damage|p2a: Miraidon|35\/100\n|-unboost|p2a: Miraidon|spe|1\n|\n|upkeep\n|turn|17\n|inactive|justmedoingtesting has 60 seconds left.\n|\n|t:|1699050365\n|move|p2a: Miraidon|Draco Meteor|p1a: Todd\n|-enditem|p1a: Todd|Focus Sash\n|-damage|p1a: Todd|1\/100\n|-unboost|p2a: Miraidon|spa|2\n|move|p1a: Todd|Bulldoze|p2a: Miraidon\n|-supereffective|p2a: Miraidon\n|-damage|p2a: Miraidon|0 fnt\n|faint|p2a: Miraidon\n|\n|upkeep\n|inactive|justmedoingtesting has 60 seconds left.\n|c|\u2606Thatbreloomguy|Scarf\n|c|\u2606Thatbreloomguy|:((\n|\n|t:|1699050375\n|switch|p2a: Koraidon|Koraidon|100\/100\n|-activate|p2a: Koraidon|move: Sticky Web\n|-unboost|p2a: Koraidon|spe|1\n|-weather|SunnyDay|[from] ability: Orichalcum Pulse|[of] p2a: Koraidon\n|-activate|p2a: Koraidon|Orichalcum Pulse|[source]\n|turn|18\n|\n|t:|1699050385\n|move|p1a: Todd|Mach Punch|p2a: Koraidon\n|-damage|p2a: Koraidon|74\/100\n|move|p2a: Koraidon|Scale Shot|p1a: Todd\n|-damage|p1a: Todd|0 fnt\n|faint|p1a: Todd\n|-hitcount|p1: Todd|1\n|-unboost|p2a: Koraidon|def|1\n|-boost|p2a: Koraidon|spe|1\n|\n|-weather|SunnyDay|[upkeep]\n|upkeep\n|c|\u2606justmedoingtesting|scarf\n|\n|t:|1699050389\n|switch|p1a: Miraidon|Miraidon|35\/100 brn\n|-activate|p1a: Miraidon|ability: Hadron Engine\n|turn|19\n|c|\u2606justmedoingtesting|:(\n|\n|t:|1699050394\n|move|p2a: Koraidon|Scale Shot|p1a: Miraidon\n|-supereffective|p1a: Miraidon\n|-damage|p1a: Miraidon|0 fnt\n|faint|p1a: Miraidon\n|-hitcount|p1: Miraidon|1\n|-unboost|p2a: Koraidon|def|1\n|-boost|p2a: Koraidon|spe|1\n|\n|-weather|SunnyDay|[upkeep]\n|upkeep\n|c|\u2606justmedoingtesting|YES\n|inactive|Thatbreloomguy has 90 seconds left.\n|c|\u2606justmedoingtesting|TANK YOU\n|c|\u2606Thatbreloomguy|What in the 2 scarfs\n|c| GigaBytes7|no\n|\n|t:|1699050408\n|switch|p1a: Zacian|Zacian-Crowned|100\/100\n|-ability|p1a: Zacian|Intrepid Sword|boost\n|-boost|p1a: Zacian|atk|1\n|turn|20\n|c| GigaBytes7|thats dice\n|inactive|Thatbreloomguy has 90 seconds left.\n|inactive|justmedoingtesting has 90 seconds left.\n|c|\u2606justmedoingtesting|lol\n|c|\u2606justmedoingtesting|how did u know\n|c|\u2606Thatbreloomguy|Wait how was it faster than my mirai then\n|c|\u2606Thatbreloomguy|at -1\n|c|\u2606justmedoingtesting|speed tie\n|c| GigaBytes7|scale shot, speed tie\n|inactive|Thatbreloomguy has 60 seconds left.\n|c|\u2606justmedoingtesting|>:)\n|c| GigaBytes7|it was 50\/50\n|c|\u2606Thatbreloomguy|Was I at -1?\n|c| GigaBytes7|no\n|c|\u2606Thatbreloomguy|im so confused\n|c|\u2606justmedoingtesting|no\n|c| GigaBytes7|scale shot boosts speed\n|c|\u2606justmedoingtesting|!dt scale shot\n|raw|<ul class=\"utilichart\"><li class=\"result\"><span class=\"col movenamecol\"><a href=\"https:\/\/dex.pokemonshowdown.com\/moves\/scaleshot\">Scale Shot<\/a><\/span> <span class=\"col typecol\"><img src=\"\/\/play.pokemonshowdown.com\/sprites\/types\/Dragon.png\" alt=\"Dragon\" width=\"32\" height=\"14\"><img src=\"\/\/play.pokemonshowdown.com\/sprites\/categories\/Physical.png\" alt=\"Physical\" width=\"32\" height=\"14\"><\/span> <span class=\"col labelcol\"><em>Power<\/em><br>25<\/span> <span class=\"col widelabelcol\"><em>Accuracy<\/em><br>90%<\/span> <span class=\"col pplabelcol\"><em>PP<\/em><br>32<\/span> <span class=\"col movedesccol\">Hits 2-5 times. User: -1 Def, +1 Spe after last hit.<\/span> <\/li><li style=\"clear:both\"><\/li><\/ul>\n|raw|<font size=\"1\"><font color=\"#686868\">Priority:<\/font> 0&nbsp;|&ThickSpace;<font color=\"#686868\">Gen:<\/font> 8&nbsp;|&ThickSpace;<font color=\"#686868\">Z-Power:<\/font> 140&nbsp;|&ThickSpace;<font color=\"#686868\">Dynamax Power:<\/font> 130&nbsp;|&ThickSpace;<font color=\"#686868\">Target:<\/font> One Adjacent Pok\u00e9mon<\/font>\n\n|c|\u2606Thatbreloomguy|Oh wait it was at 0\n|inactive|Thatbreloomguy has 30 seconds left.\n|c|\u2606Thatbreloomguy|i thought it didn\u2019t use scale shot first lmao\n|c|\u2606justmedoingtesting|hahaha\n|\n|t:|1699050480\n|move|p2a: Koraidon|Flare Blitz|p1a: Zacian\n|-supereffective|p1a: Zacian\n|-damage|p1a: Zacian|0 fnt\n|faint|p1a: Zacian\n|-damage|p2a: Koraidon|43\/100|[from] Recoil\n|\n|win|justmedoingtesting\n|inactive|Thatbreloomguy has 30 seconds left this turn.\n|raw|Thatbreloomguy's rating: 1632 &rarr; <strong>1603<\/strong><br \/>(-29 for losing)\n|raw|justmedoingtesting's rating: 1467 &rarr; <strong>1496<\/strong><br \/>(+29 for winning)\n|c| GigaBytes7|yeah pretty much\n|c|\u2606justmedoingtesting|gg\n|c|\u2606Thatbreloomguy|Gg\n|c|\u2606Thatbreloomguy|That hurt my ell\n|c|\u2606justmedoingtesting|damn u were 1600\n","uploadtime":1699050219,"views":3,"p1id":"thatbreloomguy","p2id":"justmedoingtesting","formatid":"gen9anythinggoes","rating":1496,"private":0,"password":""}