{"id":"gen9anythinggoes-1978820693","p1":"Gamingdumy","p2":"bonecula123","format":"[Gen 9] Anything Goes","log":"|j|\u2606Gamingdumy\n|j|\u2606bonecula123\n|t:|1698599146\n|gametype|singles\n|player|p1|Gamingdumy|red|1169\n|player|p2|bonecula123|alec-anime|1217\n|teamsize|p1|6\n|teamsize|p2|6\n|gen|9\n|tier|[Gen 9] Anything Goes\n|rated|\n|rule|HP Percentage Mod: HP is shown in percentages\n|rule|Endless Battle Clause: Forcing endless battles is banned\n|clearpoke\n|poke|p1|Lokix, M|\n|poke|p1|Annihilape, M|\n|poke|p1|Garganacl, M|\n|poke|p1|Iron Moth|\n|poke|p1|Glimmora, M|\n|poke|p1|Chi-Yu|\n|poke|p2|Calyrex-Shadow|\n|poke|p2|Dragapult, M|\n|poke|p2|Toxapex, F|\n|poke|p2|Kingambit, F|\n|poke|p2|Blissey, F|\n|poke|p2|Arceus|\n|teampreview\n|inactive|Battle timer is ON: inactive players will automatically lose when time's up. (requested by bonecula123)\n|\n|t:|1698599160\n|start\n|switch|p1a: Glimmora|Glimmora, M|100\/100\n|switch|p2a: My Little Pony|Calyrex-Shadow|100\/100\n|-ability|p2a: My Little Pony|As One\n|-ability|p2a: My Little Pony|Unnerve\n|turn|1\n|\n|t:|1698599164\n|move|p2a: My Little Pony|Nasty Plot|p2a: My Little Pony\n|-boost|p2a: My Little Pony|spa|2\n|move|p1a: Glimmora|Toxic Spikes|p2a: My Little Pony\n|-sidestart|p2: bonecula123|move: Toxic Spikes\n|\n|upkeep\n|turn|2\n|\n|t:|1698599168\n|move|p2a: My Little Pony|Astral Barrage|p1a: Glimmora\n|-enditem|p1a: Glimmora|Focus Sash\n|-damage|p1a: Glimmora|1\/100\n|move|p1a: Glimmora|Toxic Spikes|p2a: My Little Pony\n|-sidestart|p2: bonecula123|move: Toxic Spikes\n|\n|upkeep\n|turn|3\n|c|\u2606bonecula123|!dt glimmora\n|raw|<div class=\"message\"><ul class=\"utilichart\"><li class=\"result\"><span class=\"col numcol\">OU<\/span> <span class=\"col iconcol\"><psicon pokemon=\"glimmora\"\/><\/span> <span class=\"col pokemonnamecol\" style=\"white-space:nowrap\"><a href=\"https:\/\/dex.pokemonshowdown.com\/pokemon\/glimmora\" target=\"_blank\">Glimmora<\/a><\/span> <span class=\"col typecol\"><img src=\"https:\/\/play.pokemonshowdown.com\/sprites\/types\/Rock.png\" alt=\"Rock\" height=\"14\" width=\"32\"><img src=\"https:\/\/play.pokemonshowdown.com\/sprites\/types\/Poison.png\" alt=\"Poison\" height=\"14\" width=\"32\"><\/span> <span style=\"float:left;min-height:26px\"><span class=\"col abilitycol\">Toxic Debris<\/span><span class=\"col abilitycol\"><em>Corrosion<\/em><\/span><\/span><span style=\"float:left;min-height:26px\"><span class=\"col statcol\"><em>HP<\/em><br \/>83<\/span> <span class=\"col statcol\"><em>Atk<\/em><br \/>55<\/span> <span class=\"col statcol\"><em>Def<\/em><br \/>90<\/span> <span class=\"col statcol\"><em>SpA<\/em><br \/>130<\/span> <span class=\"col statcol\"><em>SpD<\/em><br \/>81<\/span> <span class=\"col statcol\"><em>Spe<\/em><br \/>86<\/span> <span class=\"col bstcol\"><em>BST<br \/>525<\/em><\/span> <\/span><\/li><li style=\"clear:both\"><\/li><\/ul><\/div>\n|raw|<font size=\"1\"><font color=\"#686868\">Dex#:<\/font> 970&nbsp;|&ThickSpace;<font color=\"#686868\">Gen:<\/font> 9&nbsp;|&ThickSpace;<font color=\"#686868\">Height:<\/font> 1.5 m&nbsp;|&ThickSpace;<font color=\"#686868\">Weight:<\/font> 45 kg <em>(60 BP)<\/em>&nbsp;|&ThickSpace;<font color=\"#686868\">Dex Colour:<\/font> Blue&nbsp;|&ThickSpace;<font color=\"#686868\">Egg Group(s):<\/font> Mineral&nbsp;|&ThickSpace;<font color=\"#686868\">Pre-Evolution:<\/font> Glimmet&nbsp;|&ThickSpace;<font color=\"#686868\">Does Not Evolve<\/font><\/font>\n\n|\n|t:|1698599189\n|move|p2a: My Little Pony|Draining Kiss|p1a: Glimmora\n|-resisted|p1a: Glimmora\n|-damage|p1a: Glimmora|0 fnt\n|faint|p1a: Glimmora\n|-ability|p2a: My Little Pony|Grim Neigh|boost\n|-boost|p2a: My Little Pony|spa|1\n|\n|upkeep\n|c|\u2606bonecula123|that spA is insane for a rock setter\n|\n|t:|1698599199\n|switch|p1a: Lokix|Lokix, M|100\/100\n|turn|4\n|c|\u2606bonecula123|!weak lokix\n|c| bonecula123|\/raw <div class=\"infobox\">Lokix (ignoring abilities):<br \/><span class=\"message-effect-weak\">Weaknesses<\/span>: Bug, Fairy, Fire, Flying, Rock<br \/><span class=\"message-effect-resist\">Resistances<\/span>: Dark, Ghost, Grass, Ground<br \/><span class=\"message-effect-immune\">Immunities<\/span>: Psychic, Prankster<\/div>\n|\n|t:|1698599210\n|move|p1a: Lokix|First Impression|p2a: My Little Pony\n|-damage|p2a: My Little Pony|38\/100\n|-damage|p1a: Lokix|91\/100|[from] item: Life Orb\n|move|p2a: My Little Pony|Draining Kiss|p1a: Lokix\n|-supereffective|p1a: Lokix\n|-damage|p1a: Lokix|0 fnt\n|-heal|p2a: My Little Pony|94\/100|[from] drain|[of] p1a: Lokix\n|faint|p1a: Lokix\n|-ability|p2a: My Little Pony|Grim Neigh|boost\n|-boost|p2a: My Little Pony|spa|1\n|\n|upkeep\n|c|\u2606bonecula123|my hp\n|inactive|Gamingdumy has 120 seconds left.\n|\n|t:|1698599232\n|switch|p1a: Annihilape|Annihilape, M|100\/100\n|turn|5\n|\n|t:|1698599235\n|move|p2a: My Little Pony|Draining Kiss|p1a: Annihilape\n|-supereffective|p1a: Annihilape\n|-damage|p1a: Annihilape|0 fnt\n|-heal|p2a: My Little Pony|100\/100|[from] drain|[of] p1a: Annihilape\n|faint|p1a: Annihilape\n|-ability|p2a: My Little Pony|Grim Neigh|boost\n|-boost|p2a: My Little Pony|spa|1\n|\n|upkeep\n|\n|t:|1698599239\n|switch|p1a: Garganacl|Garganacl, M|100\/100\n|turn|6\n|\n|t:|1698599246\n|move|p2a: My Little Pony|Energy Ball|p1a: Garganacl\n|-supereffective|p1a: Garganacl\n|-damage|p1a: Garganacl|0 fnt\n|faint|p1a: Garganacl\n|-ability|p2a: My Little Pony|Grim Neigh|boost\n|-boost|p2a: My Little Pony|spa|1\n|\n|upkeep\n|\n|t:|1698599250\n|switch|p1a: Iron Moth|Iron Moth|100\/100\n|-enditem|p1a: Iron Moth|Booster Energy\n|-activate|p1a: Iron Moth|ability: Quark Drive|[fromitem]\n|-start|p1a: Iron Moth|quarkdrivespa\n|turn|7\n|\n|t:|1698599255\n|move|p2a: My Little Pony|Astral Barrage|p1a: Iron Moth\n|-damage|p1a: Iron Moth|0 fnt\n|faint|p1a: Iron Moth\n|-end|p1a: Iron Moth|Quark Drive|[silent]\n|\n|upkeep\n|\n|t:|1698599258\n|switch|p1a: Chi-Yu|Chi-Yu|100\/100\n|-ability|p1a: Chi-Yu|Beads of Ruin\n|turn|8\n|\n|t:|1698599262\n|-terastallize|p1a: Chi-Yu|Water\n|move|p2a: My Little Pony|Draining Kiss|p1a: Chi-Yu\n|-damage|p1a: Chi-Yu|12\/100\n|move|p1a: Chi-Yu|Dark Pulse|p2a: My Little Pony\n|-supereffective|p2a: My Little Pony\n|-enditem|p2a: My Little Pony|Focus Sash\n|-damage|p2a: My Little Pony|1\/100\n|\n|-heal|p1a: Chi-Yu|18\/100|[from] item: Leftovers\n|upkeep\n|turn|9\n|c|\u2606bonecula123|sash wins me the battle again\n|c|\u2606bonecula123|ggs\n|\n|t:|1698599282\n|move|p2a: My Little Pony|Draining Kiss|p1a: Chi-Yu\n|-damage|p1a: Chi-Yu|0 fnt\n|-heal|p2a: My Little Pony|10\/100|[from] drain|[of] p1a: Chi-Yu\n|faint|p1a: Chi-Yu\n|\n|win|bonecula123\n|raw|Gamingdumy's rating: 1169 &rarr; <strong>1147<\/strong><br \/>(-22 for losing)\n|raw|bonecula123's rating: 1217 &rarr; <strong>1239<\/strong><br \/>(+22 for winning)\n|l|\u2606Gamingdumy\n","uploadtime":1698599290,"views":9,"p1id":"gamingdumy","p2id":"bonecula123","formatid":"gen9anythinggoes","rating":1147,"private":0,"password":""}