{"id":"gen9anythinggoes-1992864635","p1":"Aaroncituuuuu","p2":"Ghost-User-Forever","format":"[Gen 9] Anything Goes","log":"|j|\u2606Aaroncituuuuu\n|j|\u2606Ghost-User-Forever\n|t:|1700242094\n|gametype|singles\n|player|p1|Aaroncituuuuu|falkner|1067\n|player|p2|Ghost-User-Forever|ghetsis|1069\n|teamsize|p1|6\n|teamsize|p2|6\n|gen|9\n|tier|[Gen 9] Anything Goes\n|rated|\n|rule|HP Percentage Mod: HP is shown in percentages\n|rule|Endless Battle Clause: Forcing endless battles is banned\n|clearpoke\n|poke|p1|Iron Valiant|\n|poke|p1|Shaymin-Sky|\n|poke|p1|Volcarona, F|\n|poke|p1|Volcanion|\n|poke|p1|Iron Thorns|\n|poke|p1|Goodra-Hisui, M|\n|poke|p2|Annihilape, M|\n|poke|p2|Gengar, M|\n|poke|p2|Basculegion, M|\n|poke|p2|Polteageist-Antique|\n|poke|p2|Banette, M|\n|poke|p2|Mismagius, M|\n|teampreview\n|\n|t:|1700242105\n|start\n|switch|p1a: Volcarona|Volcarona, F|100\/100\n|switch|p2a: Annihilape|Annihilape, M|100\/100\n|turn|1\n|-message|Aaroncituuuuu forfeited.\n|\n|win|Ghost-User-Forever\n|raw|Aaroncituuuuu's rating: 1067 &rarr; <strong>1047<\/strong><br \/>(-20 for losing)\n|raw|Ghost-User-Forever's rating: 1069 &rarr; <strong>1098<\/strong><br \/>(+29 for winning)\n|l|\u2606Aaroncituuuuu\n","uploadtime":1700242129,"views":5,"p1id":"aaroncituuuuu","p2id":"ghostuserforever","formatid":"gen9anythinggoes","rating":1047,"private":0,"password":""}