{"id":"gen9anythinggoes-1976574762","p1":"Zenovix","p2":"HappyCake","format":"[Gen 9] Anything Goes","log":"|j|\u2606Zenovix\n|j|\u2606HappyCake\n|t:|1698323431\n|gametype|singles\n|player|p1|Zenovix|2|1000\n|player|p2|HappyCake|unknown|1077\n|teamsize|p1|3\n|teamsize|p2|6\n|gen|9\n|tier|[Gen 9] Anything Goes\n|rated|\n|rule|HP Percentage Mod: HP is shown in percentages\n|rule|Endless Battle Clause: Forcing endless battles is banned\n|clearpoke\n|poke|p1|Psyduck, F|\n|poke|p1|Mismagius, M|\n|poke|p1|Leavanny, M|\n|poke|p2|Landorus, M|\n|poke|p2|Landorus, M|\n|poke|p2|Landorus, M|\n|poke|p2|Landorus, M|\n|poke|p2|Landorus, M|\n|poke|p2|Landorus, M|\n|teampreview\n|inactive|Battle timer is ON: inactive players will automatically lose when time's up. (requested by Zenovix)\n|inactive|HappyCake has 120 seconds left.\n|\n|t:|1698323501\n|start\n|switch|p1a: Leavanny|Leavanny, M|100\/100\n|switch|p2a: Landorus|Landorus, M|100\/100\n|turn|1\n|inactive|Zenovix has 120 seconds left.\n|\n|t:|1698323535\n|move|p2a: Landorus|Gravity|p2a: Landorus\n|-fieldstart|move: Gravity\n|move|p1a: Leavanny|Iron Defense|p1a: Leavanny\n|-boost|p1a: Leavanny|def|2\n|\n|upkeep\n|turn|2\n|\n|t:|1698323545\n|move|p2a: Landorus|Fissure|p1a: Leavanny\n|-enditem|p1a: Leavanny|Focus Sash\n|-damage|p1a: Leavanny|1\/100\n|move|p1a: Leavanny|Calm Mind|p1a: Leavanny\n|-boost|p1a: Leavanny|spa|1\n|-boost|p1a: Leavanny|spd|1\n|\n|upkeep\n|turn|3\n|\n|t:|1698323554\n|move|p2a: Landorus|Earthquake|p1a: Leavanny\n|-resisted|p1a: Leavanny\n|-damage|p1a: Leavanny|0 fnt\n|faint|p1a: Leavanny\n|\n|upkeep\n|\n|t:|1698323559\n|switch|p1a: Mismagius|Mismagius, M, shiny|100\/100\n|turn|4\n|c|\u2606HappyCake|did you pray today?\n|\n|t:|1698323564\n|move|p2a: Landorus|Fissure|p1a: Mismagius|[miss]\n|-miss|p2a: Landorus|p1a: Mismagius\n|move|p1a: Mismagius|Trick Room|p1a: Mismagius\n|-fieldstart|move: Trick Room|[of] p1a: Mismagius\n|\n|upkeep\n|turn|5\n|\n|t:|1698323569\n|move|p2a: Landorus|Gravity||[still]\n|-fail|p2a: Landorus\n|move|p1a: Mismagius|Rain Dance|p1a: Mismagius\n|-weather|RainDance\n|\n|-weather|RainDance|[upkeep]\n|-fieldend|move: Gravity\n|upkeep\n|turn|6\n|\n|t:|1698323575\n|move|p2a: Landorus|Gravity|p2a: Landorus\n|-fieldstart|move: Gravity\n|move|p1a: Mismagius|Memento|p2a: Landorus\n|-unboost|p2a: Landorus|atk|2\n|-unboost|p2a: Landorus|spa|2\n|faint|p1a: Mismagius\n|\n|-weather|RainDance|[upkeep]\n|upkeep\n|\n|t:|1698323581\n|switch|p1a: Last Stand|Psyduck, F|100\/100\n|turn|7\n|\n|t:|1698323585\n|-terastallize|p1a: Last Stand|Water\n|move|p1a: Last Stand|Hydro Pump|p2a: Landorus\n|-supereffective|p2a: Landorus\n|-damage|p2a: Landorus|0 fnt\n|faint|p2a: Landorus\n|\n|-weather|RainDance|[upkeep]\n|upkeep\n|\n|t:|1698323591\n|switch|p2a: Landorus|Landorus, M|100\/100\n|turn|8\n|\n|t:|1698323595\n|-terastallize|p2a: Landorus|Ground\n|move|p1a: Last Stand|Hydro Pump|p2a: Landorus\n|-supereffective|p2a: Landorus\n|-damage|p2a: Landorus|0 fnt\n|faint|p2a: Landorus\n|\n|-weather|RainDance|[upkeep]\n|-fieldend|move: Trick Room\n|upkeep\n|\n|t:|1698323601\n|switch|p2a: Landorus|Landorus, M|100\/100\n|turn|9\n|\n|t:|1698323605\n|move|p2a: Landorus|Fissure|p1a: Last Stand\n|-damage|p1a: Last Stand|0 fnt\n|faint|p1a: Last Stand\n|-ohko\n|\n|win|HappyCake\n|raw|Zenovix's rating: 1000 &rarr; <strong>1000<\/strong><br \/>(+0 for losing)\n|raw|HappyCake's rating: 1077 &rarr; <strong>1099<\/strong><br \/>(+22 for winning)\n|c|\u2606HappyCake|gg\n|l|\u2606Zenovix\n|c|\u2606HappyCake|!data gravity\n|raw|<ul class=\"utilichart\"><li class=\"result\"><span class=\"col movenamecol\"><a href=\"https:\/\/dex.pokemonshowdown.com\/moves\/gravity\">Gravity<\/a><\/span> <span class=\"col typecol\"><img src=\"\/\/play.pokemonshowdown.com\/sprites\/types\/Psychic.png\" alt=\"Psychic\" width=\"32\" height=\"14\"><img src=\"\/\/play.pokemonshowdown.com\/sprites\/categories\/Status.png\" alt=\"Status\" width=\"32\" height=\"14\"><\/span> <span class=\"col widelabelcol\"><em>Accuracy<\/em><br>\u2014<\/span> <span class=\"col pplabelcol\"><em>PP<\/em><br>8<\/span> <span class=\"col movedesccol\">5 turns: no Ground immunities, 1.67x accuracy.<\/span> <\/li><li style=\"clear:both\"><\/li><\/ul>\n\n","uploadtime":1698323735,"views":10,"p1id":"zenovix","p2id":"happycake","formatid":"gen9anythinggoes","rating":1000,"private":0,"password":""}