{"id":"gen9anythinggoes-1974689750","p1":"Dino8866","p2":"niyose","format":"[Gen 9] Anything Goes","log":"|j|\u2606Dino8866\n|j|\u2606niyose\n|t:|1698110804\n|gametype|singles\n|player|p1|Dino8866|1|1190\n|player|p2|niyose|pokemonranger|1313\n|teamsize|p1|6\n|teamsize|p2|6\n|gen|9\n|tier|[Gen 9] Anything Goes\n|rated|\n|rule|HP Percentage Mod: HP is shown in percentages\n|rule|Endless Battle Clause: Forcing endless battles is banned\n|clearpoke\n|poke|p1|Zacian-*|\n|poke|p1|Urshifu-*, M|\n|poke|p1|Ceruledge, M|\n|poke|p1|Giratina-Origin|\n|poke|p1|Regieleki|\n|poke|p1|Glimmora, F|\n|poke|p2|Glimmora, M|\n|poke|p2|Dudunsparce-*, M|\n|poke|p2|Ditto|\n|poke|p2|Maushold|\n|poke|p2|Annihilape, M|\n|poke|p2|Scovillain, M|\n|teampreview\n|\n|t:|1698110812\n|start\n|switch|p1a: Glimmora|Glimmora, F|100\/100\n|switch|p2a: Glimmora|Glimmora, M|100\/100\n|turn|1\n|\n|t:|1698110818\n|move|p1a: Glimmora|Toxic Spikes|p2a: Glimmora\n|-sidestart|p2: niyose|move: Toxic Spikes\n|move|p2a: Glimmora|Earth Power|p1a: Glimmora\n|-supereffective|p1a: Glimmora\n|-damage|p1a: Glimmora|0 fnt\n|faint|p1a: Glimmora\n|\n|upkeep\n|\n|t:|1698110824\n|switch|p1a: Ceruledge|Ceruledge, M|100\/100\n|turn|2\n|\n|t:|1698110829\n|move|p2a: Glimmora|Stealth Rock|p1a: Ceruledge\n|-sidestart|p1: Dino8866|move: Stealth Rock\n|move|p1a: Ceruledge|Swords Dance|p1a: Ceruledge\n|-boost|p1a: Ceruledge|atk|2\n|\n|upkeep\n|turn|3\n|\n|t:|1698110834\n|move|p2a: Glimmora|Earth Power|p1a: Ceruledge\n|-supereffective|p1a: Ceruledge\n|-damage|p1a: Ceruledge|23\/100\n|move|p1a: Ceruledge|Swords Dance|p1a: Ceruledge\n|-boost|p1a: Ceruledge|atk|2\n|\n|upkeep\n|turn|4\n|\n|t:|1698110840\n|move|p2a: Glimmora|Earth Power|p1a: Ceruledge\n|-supereffective|p1a: Ceruledge\n|-damage|p1a: Ceruledge|0 fnt\n|faint|p1a: Ceruledge\n|\n|upkeep\n|-message|Dino8866 forfeited.\n|\n|win|niyose\n|raw|Dino8866's rating: 1190 &rarr; <strong>1173<\/strong><br \/>(-17 for losing)\n|raw|niyose's rating: 1313 &rarr; <strong>1326<\/strong><br \/>(+13 for winning)\n|l|\u2606Dino8866\n|c|\u2606niyose|xd\n|c|\u2606niyose|xd\n|c|\u2606niyose|xd\n|c|\u2606niyose|x\n","uploadtime":1698110858,"views":21,"p1id":"dino8866","p2id":"niyose","formatid":"gen9anythinggoes","rating":1173,"private":0,"password":""}