{"id":"gen9anythinggoes-1988801834","p1":"Zersturer23","p2":"khuDDD","format":"[Gen 9] Anything Goes","log":"|j|\u2606Zersturer23\n|j|\u2606khuDDD\n|t:|1699765183\n|gametype|singles\n|player|p1|Zersturer23|2|1096\n|player|p2|khuDDD|cynthia|1089\n|teamsize|p1|6\n|teamsize|p2|6\n|gen|9\n|tier|[Gen 9] Anything Goes\n|rated|\n|rule|HP Percentage Mod: HP is shown in percentages\n|rule|Endless Battle Clause: Forcing endless battles is banned\n|clearpoke\n|poke|p1|Annihilape, M|\n|poke|p1|Annihilape, M|\n|poke|p1|Annihilape, F|\n|poke|p1|Annihilape, M|\n|poke|p1|Annihilape, M|\n|poke|p1|Dialga-Origin|\n|poke|p2|Zacian-*|\n|poke|p2|Shaymin-Sky|\n|poke|p2|Espathra, M|\n|poke|p2|Calyrex-Shadow|\n|poke|p2|Drifblim, M|\n|poke|p2|Manaphy|\n|teampreview\n|inactive|Battle timer is ON: inactive players will automatically lose when time's up. (requested by khuDDD)\n|\n|t:|1699765194\n|start\n|switch|p1a: Annihilape|Annihilape, M|100\/100\n|switch|p2a: Drifblim|Drifblim, M|100\/100\n|turn|1\n|\n|t:|1699765199\n|move|p1a: Annihilape|Shadow Claw|p2a: Drifblim\n|-supereffective|p2a: Drifblim\n|-damage|p2a: Drifblim|58\/100\n|move|p2a: Drifblim|Substitute|p2a: Drifblim\n|-start|p2a: Drifblim|Substitute\n|-damage|p2a: Drifblim|33\/100\n|\n|upkeep\n|turn|2\n|\n|t:|1699765206\n|move|p1a: Annihilape|Shadow Claw|p2a: Drifblim\n|-supereffective|p2a: Drifblim\n|-end|p2a: Drifblim|Substitute\n|move|p2a: Drifblim|Minimize|p2a: Drifblim\n|-boost|p2a: Drifblim|evasion|2\n|\n|upkeep\n|turn|3\n|\n|t:|1699765212\n|move|p1a: Annihilape|Shadow Claw|p2a: Drifblim\n|-supereffective|p2a: Drifblim\n|-damage|p2a: Drifblim|0 fnt\n|-damage|p1a: Annihilape|75\/100|[from] ability: Aftermath|[of] p2a: Drifblim\n|faint|p2a: Drifblim\n|\n|upkeep\n|-message|khuDDD forfeited.\n|\n|win|Zersturer23\n|raw|Zersturer23's rating: 1096 &rarr; <strong>1121<\/strong><br \/>(+25 for winning)\n|raw|khuDDD's rating: 1089 &rarr; <strong>1066<\/strong><br \/>(-23 for losing)\n|l|\u2606khuDDD\n","uploadtime":1699765223,"views":11,"p1id":"zersturer23","p2id":"khuddd","formatid":"gen9anythinggoes","rating":1066,"private":0,"password":""}