{"id":"gen9anythinggoes-1979494748","p1":"Marolio_XDD","p2":"seba 8523","format":"[Gen 9] Anything Goes","log":"|j|\u2606Marolio_XDD\n|j|\u2606seba 8523\n|t:|1698687144\n|gametype|singles\n|player|p1|Marolio_XDD|iris-gen5bw2|1001\n|player|p2|seba 8523|acetrainersnow|1045\n|teamsize|p1|6\n|teamsize|p2|6\n|gen|9\n|tier|[Gen 9] Anything Goes\n|rated|\n|rule|HP Percentage Mod: HP is shown in percentages\n|rule|Endless Battle Clause: Forcing endless battles is banned\n|clearpoke\n|poke|p1|Ditto|\n|poke|p1|Ditto|\n|poke|p1|Ditto|\n|poke|p1|Ditto|\n|poke|p1|Ditto|\n|poke|p1|Ditto|\n|poke|p2|Inteleon, M|\n|poke|p2|Typhlosion, M|\n|poke|p2|Clefable, F|\n|poke|p2|Tsareena, F|\n|poke|p2|Sandslash, M|\n|poke|p2|Goodra-Hisui, F|\n|teampreview\n|inactive|Battle timer is ON: inactive players will automatically lose when time's up. (requested by Marolio_XDD)\n|\n|t:|1698687156\n|start\n|switch|p1a: Ditto|Ditto, shiny|100\/100\n|switch|p2a: Tiny Ball|Sandslash, M, shiny|100\/100\n|-transform|p1a: Ditto|p2a: Tiny Ball|[from] ability: Imposter\n|turn|1\n|\n|t:|1698687174\n|move|p1a: Ditto|Sandstorm|p1a: Ditto\n|-weather|Sandstorm\n|move|p2a: Tiny Ball|Sandstorm||[still]\n|-fail|p2a: Tiny Ball\n|\n|-weather|Sandstorm|[upkeep]\n|upkeep\n|turn|2\n|\n|t:|1698687197\n|move|p1a: Ditto|Earthquake|p2a: Tiny Ball|[miss]\n|-miss|p1a: Ditto|p2a: Tiny Ball\n|move|p2a: Tiny Ball|Earthquake|p1a: Ditto\n|-damage|p1a: Ditto|60\/100\n|\n|-weather|Sandstorm|[upkeep]\n|upkeep\n|turn|3\n|inactive|Marolio_XDD has 120 seconds left.\n|\n|t:|1698687214\n|move|p1a: Ditto|Brick Break|p2a: Tiny Ball|[miss]\n|-miss|p1a: Ditto|p2a: Tiny Ball\n|move|p2a: Tiny Ball|Earthquake|p1a: Ditto\n|-damage|p1a: Ditto|25\/100\n|\n|-weather|Sandstorm|[upkeep]\n|upkeep\n|turn|4\n|inactive|Marolio_XDD has 120 seconds left.\n|\n|t:|1698687229\n|move|p1a: Ditto|Earthquake|p2a: Tiny Ball|[miss]\n|-miss|p1a: Ditto|p2a: Tiny Ball\n|move|p2a: Tiny Ball|Earthquake|p1a: Ditto\n|-damage|p1a: Ditto|0 fnt\n|faint|p1a: Ditto\n|\n|-weather|Sandstorm|[upkeep]\n|upkeep\n|inactive|Marolio_XDD has 120 seconds left.\n|-message|Marolio_XDD forfeited.\n|\n|win|seba 8523\n|raw|Marolio_XDD's rating: 1001 &rarr; <strong>1000<\/strong><br \/>(-1 for losing)\n|raw|seba 8523's rating: 1045 &rarr; <strong>1074<\/strong><br \/>(+29 for winning)\n|l|\u2606Marolio_XDD\n","uploadtime":1698687243,"views":8,"p1id":"marolioxdd","p2id":"seba8523","formatid":"gen9anythinggoes","rating":1000,"private":0,"password":""}