{"id":"gen9anythinggoes-1993685723","p1":"Rowlet Consulting","p2":"Slayerzzz","format":"[Gen 9] Anything Goes","log":"|j|\u2606Rowlet Consulting\n|j|\u2606Slayerzzz\n|t:|1700345435\n|gametype|singles\n|player|p1|Rowlet Consulting|102|1000\n|player|p2|Slayerzzz|benga|1100\n|teamsize|p1|6\n|teamsize|p2|6\n|gen|9\n|tier|[Gen 9] Anything Goes\n|rated|\n|rule|HP Percentage Mod: HP is shown in percentages\n|rule|Endless Battle Clause: Forcing endless battles is banned\n|clearpoke\n|poke|p1|Decidueye, F|\n|poke|p1|Decidueye-Hisui, M|\n|poke|p1|Decidueye, F|\n|poke|p1|Decidueye-Hisui, M|\n|poke|p1|Decidueye, M|\n|poke|p1|Decidueye-Hisui, F|\n|poke|p2|Sandy Shocks|\n|poke|p2|Arceus-Fire|\n|poke|p2|Koraidon|\n|poke|p2|Roaring Moon|\n|poke|p2|Great Tusk|\n|poke|p2|Brute Bonnet|\n|teampreview\n|inactive|Battle timer is ON: inactive players will automatically lose when time's up. (requested by Rowlet Consulting)\n|\n|t:|1700345453\n|start\n|switch|p1a: Decidueye|Decidueye-Hisui, M|100\/100\n|switch|p2a: FLAME ON|Arceus-Fire, shiny|100\/100\n|turn|1\n|\n|t:|1700345458\n|move|p1a: Decidueye|Triple Arrows|p2a: FLAME ON\n|-damage|p2a: FLAME ON|68\/100\n|-unboost|p2a: FLAME ON|def|1\n|cant|p2a: FLAME ON|flinch\n|\n|upkeep\n|turn|2\n|\n|t:|1700345464\n|move|p1a: Decidueye|Triple Arrows|p2a: FLAME ON\n|-damage|p2a: FLAME ON|20\/100\n|-unboost|p2a: FLAME ON|def|1\n|move|p2a: FLAME ON|Fire Blast|p1a: Decidueye\n|-supereffective|p1a: Decidueye\n|-damage|p1a: Decidueye|0 fnt\n|faint|p1a: Decidueye\n|\n|upkeep\n|\n|t:|1700345471\n|switch|p1a: Decidueye|Decidueye, F|100\/100\n|turn|3\n|\n|t:|1700345475\n|move|p1a: Decidueye|Shadow Sneak|p2a: FLAME ON\n|-damage|p2a: FLAME ON|0 fnt\n|faint|p2a: FLAME ON\n|\n|upkeep\n|\n|t:|1700345478\n|switch|p2a: Crausant|Roaring Moon, shiny|100\/100\n|turn|4\n|\n|t:|1700345486\n|switch|p1a: Decidueye|Decidueye-Hisui, F|100\/100\n|move|p2a: Crausant|Heat Wave|p1a: Decidueye\n|-supereffective|p1a: Decidueye\n|-damage|p1a: Decidueye|53\/100\n|\n|-heal|p1a: Decidueye|59\/100|[from] item: Leftovers\n|upkeep\n|turn|5\n|\n|t:|1700345493\n|move|p2a: Crausant|Heat Wave|p1a: Decidueye\n|-supereffective|p1a: Decidueye\n|-damage|p1a: Decidueye|19\/100\n|move|p1a: Decidueye|Focus Blast|p2a: Crausant|[miss]\n|-miss|p1a: Decidueye|p2a: Crausant\n|\n|-heal|p1a: Decidueye|25\/100|[from] item: Leftovers\n|upkeep\n|turn|6\n|-message|Rowlet Consulting forfeited.\n|\n|win|Slayerzzz\n|raw|Rowlet Consulting's rating: 1000 &rarr; <strong>1000<\/strong><br \/>(+0 for losing)\n|raw|Slayerzzz's rating: 1100 &rarr; <strong>1118<\/strong><br \/>(+18 for winning)\n|l|\u2606Rowlet Consulting\n","uploadtime":1700345504,"views":2,"p1id":"rowletconsulting","p2id":"slayerzzz","formatid":"gen9anythinggoes","rating":1000,"private":0,"password":""}