{"id":"gen9anythinggoes-1980637304","p1":"Mattattac","p2":"Flashlava100","format":"[Gen 9] Anything Goes","log":"|j|\u2606Mattattac\n|j|\u2606Flashlava100\n|t:|1698806134\n|gametype|singles\n|player|p1|Mattattac|nate|\n|player|p2|Flashlava100|102|\n|teamsize|p1|1\n|teamsize|p2|6\n|gen|9\n|tier|[Gen 9] Anything Goes\n|rule|HP Percentage Mod: HP is shown in percentages\n|rule|Endless Battle Clause: Forcing endless battles is banned\n|clearpoke\n|poke|p1|Ogerpon-Hearthflame, F|\n|poke|p2|Espathra, F|\n|poke|p2|Avalugg, F|\n|poke|p2|Kingambit, M|\n|poke|p2|Veluza, F|\n|poke|p2|Gogoat, F|\n|poke|p2|Glimmora, M|\n|teampreview\n|\n|t:|1698806138\n|start\n|switch|p1a: Ogerpon|Ogerpon-Hearthflame, F|100\/100\n|switch|p2a: Glimmora|Glimmora, M|100\/100\n|-ability|p1a: Ogerpon|Mold Breaker\n|turn|1\n|c|\u2606Mattattac|ogerpon\n|\n|t:|1698806146\n|-terastallize|p1a: Ogerpon|Fire\n|detailschange|p1a: Ogerpon|Ogerpon-Hearthflame-Tera, F, tera:Fire\n|-ability|p1a: Ogerpon|Embody Aspect (Hearthflame)|boost\n|-boost|p1a: Ogerpon|atk|1\n|move|p1a: Ogerpon|Trailblaze|p2a: Glimmora\n|-damage|p2a: Glimmora|50\/100\n|-boost|p1a: Ogerpon|spe|1\n|-activate|p2a: Glimmora|ability: Toxic Debris\n|-sidestart|p1: Mattattac|move: Toxic Spikes\n|move|p2a: Glimmora|Sludge Wave|p1a: Ogerpon\n|-damage|p1a: Ogerpon|46\/100\n|-status|p1a: Ogerpon|psn\n|\n|-damage|p1a: Ogerpon|33\/100 psn|[from] psn\n|upkeep\n|turn|2\n|\n|t:|1698806161\n|move|p1a: Ogerpon|Ivy Cudgel|p2a: Glimmora\n|-resisted|p2a: Glimmora\n|-damage|p2a: Glimmora|0 fnt\n|-activate|p2a: Glimmora|ability: Toxic Debris\n|-sidestart|p1: Mattattac|move: Toxic Spikes\n|faint|p2a: Glimmora\n|\n|-damage|p1a: Ogerpon|21\/100 psn|[from] psn\n|upkeep\n|\n|t:|1698806165\n|switch|p2a: Veluza|Veluza, F|100\/100\n|-ability|p2a: Veluza|Mold Breaker\n|turn|3\n|\n|t:|1698806168\n|move|p2a: Veluza|Aqua Jet|p1a: Ogerpon\n|-supereffective|p1a: Ogerpon\n|-damage|p1a: Ogerpon|0 fnt\n|faint|p1a: Ogerpon\n|\n|win|Flashlava100\n","uploadtime":1698806171,"views":11,"p1id":"mattattac","p2id":"flashlava100","formatid":"gen9anythinggoes","rating":0,"private":0,"password":""}