{"id":"gen9anythinggoes-1972272709","p1":"ResurrectedDragon","p2":"Cjchan","format":"[Gen 9] Anything Goes","log":"|j|\u2606ResurrectedDragon\n|j|\u2606Cjchan\n|t:|1697826932\n|gametype|singles\n|player|p1|ResurrectedDragon|unknown|1132\n|player|p2|Cjchan|richboy-gen4|1189\n|teamsize|p1|6\n|teamsize|p2|1\n|gen|9\n|tier|[Gen 9] Anything Goes\n|rated|\n|rule|HP Percentage Mod: HP is shown in percentages\n|rule|Endless Battle Clause: Forcing endless battles is banned\n|clearpoke\n|poke|p1|Scizor, F|\n|poke|p1|Chi-Yu|\n|poke|p1|Pelipper, F|\n|poke|p1|Garganacl, F|\n|poke|p1|Zacian-*|\n|poke|p1|Toxapex, F|\n|poke|p2|Torterra, F|\n|teampreview\n|\n|t:|1697826939\n|start\n|switch|p1a: Scizor|Scizor, F|100\/100\n|switch|p2a: Torterra|Torterra, F, shiny|100\/100\n|turn|1\n|inactive|Battle timer is ON: inactive players will automatically lose when time's up. (requested by Cjchan)\n|\n|t:|1697826945\n|move|p1a: Scizor|Swords Dance|p1a: Scizor\n|-boost|p1a: Scizor|atk|2\n|move|p2a: Torterra|Shell Smash|p2a: Torterra\n|-unboost|p2a: Torterra|def|1\n|-unboost|p2a: Torterra|spd|1\n|-boost|p2a: Torterra|atk|2\n|-boost|p2a: Torterra|spa|2\n|-boost|p2a: Torterra|spe|2\n|\n|upkeep\n|turn|2\n|\n|t:|1697826954\n|move|p2a: Torterra|Earthquake|p1a: Scizor\n|-damage|p1a: Scizor|3\/100\n|move|p1a: Scizor|Baton Pass|p1a: Scizor\n|\n|t:|1697826958\n|switch|p1a: Zacian|Zacian-Crowned|100\/100|[from] Baton Pass\n|-ability|p1a: Zacian|Intrepid Sword|boost\n|-boost|p1a: Zacian|atk|1\n|\n|upkeep\n|turn|3\n|\n|t:|1697826975\n|-terastallize|p1a: Zacian|Fairy\n|move|p1a: Zacian|Sacred Sword|p2a: Torterra\n|-damage|p2a: Torterra|19\/100\n|move|p2a: Torterra|Earthquake|p1a: Zacian\n|-damage|p1a: Zacian|11\/100\n|\n|upkeep\n|turn|4\n|\n|t:|1697826983\n|move|p1a: Zacian|Sacred Sword|p2a: Torterra\n|-damage|p2a: Torterra|0 fnt\n|faint|p2a: Torterra\n|\n|win|ResurrectedDragon\n|raw|ResurrectedDragon's rating: 1132 &rarr; <strong>1161<\/strong><br \/>(+29 for winning)\n|raw|Cjchan's rating: 1189 &rarr; <strong>1160<\/strong><br \/>(-29 for losing)\n|l|\u2606Cjchan\n","uploadtime":1697826996,"views":13,"p1id":"resurrecteddragon","p2id":"cjchan","formatid":"gen9anythinggoes","rating":1160,"private":0,"password":""}