{"id":"gen9anythinggoes-1981963285","p1":"logan6969","p2":"AOriginalUsername","format":"[Gen 9] Anything Goes","log":"|j|\u2606logan6969\n|j|\u2606AOriginalUsername\n|t:|1698955330\n|gametype|singles\n|player|p1|logan6969|benga|1034\n|player|p2|AOriginalUsername|rei|1104\n|teamsize|p1|2\n|teamsize|p2|6\n|gen|9\n|tier|[Gen 9] Anything Goes\n|rated|\n|rule|HP Percentage Mod: HP is shown in percentages\n|rule|Endless Battle Clause: Forcing endless battles is banned\n|clearpoke\n|poke|p1|Drifblim, F|\n|poke|p1|Polteageist-Antique|\n|poke|p2|Cyndaquil, F|\n|poke|p2|Garchomp, M|\n|poke|p2|Ceruledge, M|\n|poke|p2|Regieleki|\n|poke|p2|Amoonguss, F|\n|poke|p2|Sandy Shocks|\n|teampreview\n|inactive|Battle timer is ON: inactive players will automatically lose when time's up. (requested by AOriginalUsername)\n|\n|t:|1698955338\n|start\n|switch|p1a: Drifblim|Drifblim, F, shiny|100\/100\n|switch|p2a: Effects|Amoonguss, F, shiny|100\/100\n|turn|1\n|c|\u2606logan6969|domt you dare\n|\n|t:|1698955346\n|move|p1a: Drifblim|Minimize|p1a: Drifblim\n|-boost|p1a: Drifblim|evasion|2\n|move|p2a: Effects|Toxic|p1a: Drifblim\n|-status|p1a: Drifblim|tox\n|\n|-damage|p1a: Drifblim|94\/100 tox|[from] psn\n|upkeep\n|turn|2\n|c|\u2606logan6969|u fukcer\n|\n|t:|1698955357\n|move|p1a: Drifblim|Minimize|p1a: Drifblim\n|-boost|p1a: Drifblim|evasion|2\n|move|p2a: Effects|Clear Smog|p1a: Drifblim\n|-resisted|p1a: Drifblim\n|-damage|p1a: Drifblim|80\/100 tox\n|-clearboost|p1a: Drifblim\n|\n|-damage|p1a: Drifblim|68\/100 tox|[from] psn\n|upkeep\n|turn|3\n|\n|t:|1698955370\n|move|p1a: Drifblim|Stored Power|p2a: Effects\n|-supereffective|p2a: Effects\n|-damage|p2a: Effects|89\/100\n|move|p2a: Effects|Clear Smog|p1a: Drifblim\n|-resisted|p1a: Drifblim\n|-damage|p1a: Drifblim|55\/100 tox\n|-clearboost|p1a: Drifblim\n|\n|-heal|p2a: Effects|95\/100|[from] item: Black Sludge\n|-damage|p1a: Drifblim|37\/100 tox|[from] psn\n|upkeep\n|turn|4\n|-message|logan6969 forfeited.\n|\n|win|AOriginalUsername\n|raw|logan6969's rating: 1034 &rarr; <strong>1022<\/strong><br \/>(-12 for losing)\n|raw|AOriginalUsername's rating: 1104 &rarr; <strong>1124<\/strong><br \/>(+20 for winning)\n","uploadtime":1698955354,"views":6,"p1id":"logan6969","p2id":"aoriginalusername","formatid":"gen9anythinggoes","rating":1022,"private":0,"password":""}