{"id":"gen9anythinggoes-1973367008","p1":"cxrecrack","p2":"Nuclearstomp","format":"[Gen 9] Anything Goes","log":"|j|\u2606cxrecrack\n|j|\u2606Nuclearstomp\n|t:|1697962779\n|gametype|singles\n|player|p1|cxrecrack|266|1047\n|player|p2|Nuclearstomp|burglar-gen1rb|1262\n|teamsize|p1|3\n|teamsize|p2|6\n|gen|9\n|tier|[Gen 9] Anything Goes\n|rated|\n|rule|HP Percentage Mod: HP is shown in percentages\n|rule|Endless Battle Clause: Forcing endless battles is banned\n|clearpoke\n|poke|p1|Poliwrath, M|\n|poke|p1|Mew|\n|poke|p1|Glimmora, F|\n|poke|p2|Corviknight, F|\n|poke|p2|Bronzong|\n|poke|p2|Tinkaton, F|\n|poke|p2|Gholdengo|\n|poke|p2|Iron Treads|\n|poke|p2|Kingambit, F|\n|teampreview\n|inactive|Battle timer is ON: inactive players will automatically lose when time's up. (requested by Nuclearstomp)\n|\n|t:|1697962791\n|start\n|switch|p1a: Glimmora|Glimmora, F|100\/100\n|switch|p2a: Iron Treads|Iron Treads|100\/100\n|turn|1\n|\n|t:|1697962796\n|move|p2a: Iron Treads|Earthquake|p1a: Glimmora\n|-supereffective|p1a: Glimmora\n|-enditem|p1a: Glimmora|Focus Sash\n|-damage|p1a: Glimmora|1\/100\n|-activate|p1a: Glimmora|ability: Toxic Debris\n|-sidestart|p2: Nuclearstomp|move: Toxic Spikes\n|move|p1a: Glimmora|Stealth Rock|p2a: Iron Treads\n|-sidestart|p2: Nuclearstomp|move: Stealth Rock\n|\n|upkeep\n|turn|2\n|\n|t:|1697962804\n|move|p2a: Iron Treads|Earthquake|p1a: Glimmora\n|-supereffective|p1a: Glimmora\n|-damage|p1a: Glimmora|0 fnt\n|-activate|p1a: Glimmora|ability: Toxic Debris\n|-sidestart|p2: Nuclearstomp|move: Toxic Spikes\n|faint|p1a: Glimmora\n|\n|upkeep\n|\n|t:|1697962810\n|switch|p1a: Mew|Mew, shiny|100\/100\n|turn|3\n|\n|t:|1697962813\n|-terastallize|p2a: Iron Treads|Ground\n|move|p2a: Iron Treads|Earthquake|p1a: Mew\n|-damage|p1a: Mew|32\/100\n|move|p1a: Mew|Substitute|p1a: Mew\n|-start|p1a: Mew|Substitute\n|-damage|p1a: Mew|8\/100\n|\n|upkeep\n|turn|4\n|\n|t:|1697962820\n|move|p2a: Iron Treads|Earthquake|p1a: Mew\n|-end|p1a: Mew|Substitute\n|move|p1a: Mew|Iron Defense|p1a: Mew\n|-boost|p1a: Mew|def|2\n|\n|upkeep\n|turn|5\n|\n|t:|1697962825\n|move|p2a: Iron Treads|Earthquake|p1a: Mew\n|-damage|p1a: Mew|0 fnt\n|faint|p1a: Mew\n|\n|upkeep\n|c|\u2606cxrecrack|bro u loser stop spamming\n|c|\u2606cxrecrack|ur so trash\n|\n|t:|1697962835\n|switch|p1a: Poliwrath|Poliwrath, M, shiny|100\/100\n|turn|6\n|inactiveoff|Battle timer is now OFF.\n|c|\u2606cxrecrack|bro nah\n|c|\u2606cxrecrack|u take so long to use a move\n|c|\u2606cxrecrack|im out\n|-message|cxrecrack forfeited.\n|\n|win|Nuclearstomp\n|raw|cxrecrack's rating: 1047 &rarr; <strong>1039<\/strong><br \/>(-8 for losing)\n|raw|Nuclearstomp's rating: 1243 &rarr; <strong>1255<\/strong><br \/>(+12 for winning)\n|l|\u2606cxrecrack\n","uploadtime":1697962874,"views":20,"p1id":"cxrecrack","p2id":"nuclearstomp","formatid":"gen9anythinggoes","rating":1039,"private":0,"password":""}