{"id":"gen9anythinggoes-1976983783","p1":"Lolduck","p2":"qqqwsx","format":"[Gen 9] Anything Goes","log":"|j|\u2606Lolduck\n|j|\u2606qqqwsx\n|t:|1698358693\n|gametype|singles\n|player|p1|Lolduck|dancer|1186\n|player|p2|qqqwsx|firebreather|1121\n|teamsize|p1|6\n|teamsize|p2|6\n|gen|9\n|tier|[Gen 9] Anything Goes\n|rated|\n|rule|HP Percentage Mod: HP is shown in percentages\n|rule|Endless Battle Clause: Forcing endless battles is banned\n|clearpoke\n|poke|p1|Calyrex-Shadow|\n|poke|p1|Miraidon|\n|poke|p1|Miraidon|\n|poke|p1|Miraidon|\n|poke|p1|Miraidon|\n|poke|p1|Miraidon|\n|poke|p2|Drifblim, M|\n|poke|p2|Espathra, M|\n|poke|p2|Magearna|\n|poke|p2|Shaymin-Sky|\n|poke|p2|Calyrex-Shadow|\n|poke|p2|Espeon, F|\n|teampreview\n|inactive|Battle timer is ON: inactive players will automatically lose when time's up. (requested by qqqwsx)\n|\n|t:|1698358709\n|start\n|switch|p1a: Miraidon|Miraidon|100\/100\n|switch|p2a: Drifblim|Drifblim, M|100\/100\n|-fieldstart|move: Electric Terrain|[from] ability: Hadron Engine|[of] p1a: Miraidon\n|turn|1\n|\n|t:|1698358717\n|-terastallize|p2a: Drifblim|Normal\n|move|p1a: Miraidon|Electro Drift|p2a: Drifblim\n|-damage|p2a: Drifblim|20\/100\n|move|p2a: Drifblim|Hypnosis|p1a: Miraidon\n|-activate|p1a: Miraidon|move: Electric Terrain\n|\n|upkeep\n|turn|2\n|-message|qqqwsx forfeited.\n|\n|win|Lolduck\n|raw|Lolduck's rating: 1186 &rarr; <strong>1206<\/strong><br \/>(+20 for winning)\n|raw|qqqwsx's rating: 1121 &rarr; <strong>1101<\/strong><br \/>(-20 for losing)\n|l|\u2606qqqwsx\n","uploadtime":1698358736,"views":4,"p1id":"lolduck","p2id":"qqqwsx","formatid":"gen9anythinggoes","rating":1101,"private":0,"password":""}