{"id":"gen9anythinggoes-1990704492","p1":"Pooping snorlax","p2":"my3rdaccbruh","format":"[Gen 9] Anything Goes","log":"|j|\u2606Pooping snorlax\n|j|\u2606my3rdaccbruh\n|t:|1699993287\n|gametype|singles\n|player|p1|Pooping snorlax|102|1136\n|player|p2|my3rdaccbruh|marlon|1219\n|teamsize|p1|6\n|teamsize|p2|6\n|gen|9\n|tier|[Gen 9] Anything Goes\n|rated|\n|rule|HP Percentage Mod: HP is shown in percentages\n|rule|Endless Battle Clause: Forcing endless battles is banned\n|clearpoke\n|poke|p1|Drifblim, M|\n|poke|p1|Kommo-o, F|\n|poke|p1|Calyrex-Shadow|\n|poke|p1|Eternatus|\n|poke|p1|Walking Wake|\n|poke|p1|Arboliva, F|\n|poke|p2|Calyrex-Shadow|\n|poke|p2|Zacian-*|\n|poke|p2|Darkrai|\n|poke|p2|Ceruledge, M|\n|poke|p2|Zoroark-Hisui, M|\n|poke|p2|Shaymin-Sky|\n|teampreview\n|inactive|Battle timer is ON: inactive players will automatically lose when time's up. (requested by my3rdaccbruh)\n|\n|t:|1699993301\n|start\n|switch|p1a: Set up|Drifblim, M, shiny|100\/100\n|switch|p2a: Shaymin|Shaymin-Sky, shiny|100\/100\n|turn|1\n|\n|t:|1699993308\n|move|p2a: Shaymin|Trick|p1a: Set up\n|-activate|p2a: Shaymin|move: Trick|[of] p1a: Set up\n|-item|p1a: Set up|Choice Scarf|[from] move: Trick\n|-item|p2a: Shaymin|Leftovers|[from] move: Trick\n|move|p1a: Set up|Minimize|p1a: Set up\n|-boost|p1a: Set up|evasion|2\n|\n|upkeep\n|turn|2\n|c|\u2606my3rdaccbruh|LOL\n|\n|t:|1699993318\n|move|p1a: Set up|Minimize|p1a: Set up\n|-boost|p1a: Set up|evasion|2\n|move|p2a: Shaymin|Shadow Ball|p1a: Set up|[miss]\n|-miss|p2a: Shaymin|p1a: Set up\n|\n|upkeep\n|turn|3\n|c|\u2606my3rdaccbruh|...\n|\n|t:|1699993325\n|move|p1a: Set up|Minimize|p1a: Set up\n|-boost|p1a: Set up|evasion|2\n|move|p2a: Shaymin|Shadow Ball|p1a: Set up|[miss]\n|-miss|p2a: Shaymin|p1a: Set up\n|\n|upkeep\n|turn|4\n|\n|t:|1699993331\n|move|p1a: Set up|Minimize|p1a: Set up\n|-boost|p1a: Set up|evasion|0\n|move|p2a: Shaymin|Shadow Ball|p1a: Set up|[miss]\n|-miss|p2a: Shaymin|p1a: Set up\n|\n|upkeep\n|turn|5\n|c|\u2606my3rdaccbruh|nothing u can do fr\n|\n|t:|1699993339\n|switch|p2a: Ceruledge|Ceruledge, M|100\/100\n|move|p1a: Set up|Minimize|p1a: Set up\n|-boost|p1a: Set up|evasion|0\n|\n|upkeep\n|turn|6\n|\n|t:|1699993346\n|move|p1a: Set up|Minimize|p1a: Set up\n|-boost|p1a: Set up|evasion|0\n|move|p2a: Ceruledge|Swords Dance|p2a: Ceruledge\n|-boost|p2a: Ceruledge|atk|2\n|\n|upkeep\n|turn|7\n|c|\u2606my3rdaccbruh|ill use this time to set up\n|\n|t:|1699993355\n|move|p1a: Set up|Minimize|p1a: Set up\n|-boost|p1a: Set up|evasion|0\n|move|p2a: Ceruledge|Swords Dance|p2a: Ceruledge\n|-boost|p2a: Ceruledge|atk|2\n|\n|upkeep\n|turn|8\n|inactive|Pooping snorlax has 120 seconds left.\n|inactive|Pooping snorlax has 90 seconds left.\n|inactive|Pooping snorlax has 60 seconds left.\n|inactive|Pooping snorlax has 30 seconds left.\n|inactive|Pooping snorlax has 20 seconds left.\n|inactive|Pooping snorlax has 15 seconds left.\n|inactive|Pooping snorlax has 10 seconds left.\n|inactive|Pooping snorlax has 5 seconds left.\n|-message|Pooping snorlax lost due to inactivity.\n|\n|win|my3rdaccbruh\n|raw|Pooping snorlax's rating: 1156 &rarr; <strong>1135<\/strong><br \/>(-21 for losing)\n|raw|my3rdaccbruh's rating: 1219 &rarr; <strong>1240<\/strong><br \/>(+21 for winning)\n","uploadtime":1699993509,"views":15,"p1id":"poopingsnorlax","p2id":"my3rdaccbruh","formatid":"gen9anythinggoes","rating":1135,"private":0,"password":""}