{"id":"gen9anythinggoes-1999715744","p1":"theluckyone26","p2":"sushiloversushi","format":"[Gen 9] Anything Goes","log":"|j|\u2606theluckyone26\n|j|\u2606sushiloversushi\n|t:|1701110350\n|gametype|singles\n|player|p1|theluckyone26|266|1250\n|player|p2|sushiloversushi|170|1160\n|teamsize|p1|6\n|teamsize|p2|6\n|gen|9\n|tier|[Gen 9] Anything Goes\n|rated|\n|rule|HP Percentage Mod: HP is shown in percentages\n|rule|Endless Battle Clause: Forcing endless battles is banned\n|clearpoke\n|poke|p1|Espathra, M|\n|poke|p1|Breloom, M|\n|poke|p1|Calyrex-Shadow|\n|poke|p1|Ditto|\n|poke|p1|Sneasler, M|\n|poke|p1|Kingambit, F|\n|poke|p2|Meowscarada, M|\n|poke|p2|Chi-Yu|\n|poke|p2|Dragapult, F|\n|poke|p2|Chien-Pao|\n|poke|p2|Great Tusk|\n|poke|p2|Tinkaton, F|\n|teampreview\n|inactive|Battle timer is ON: inactive players will automatically lose when time's up. (requested by theluckyone26)\n|\n|t:|1701110380\n|start\n|switch|p1a: Espathra|Espathra, M|100\/100\n|switch|p2a: Meowscarada|Meowscarada, M, shiny|100\/100\n|turn|1\n|\n|t:|1701110388\n|move|p1a: Espathra|Protect|p1a: Espathra\n|-singleturn|p1a: Espathra|Protect\n|move|p2a: Meowscarada|Knock Off|p1a: Espathra\n|-start|p2a: Meowscarada|typechange|Dark|[from] ability: Protean\n|-activate|p1a: Espathra|move: Protect\n|\n|-ability|p1a: Espathra|Speed Boost|boost\n|-boost|p1a: Espathra|spe|1\n|upkeep\n|turn|2\n|\n|t:|1701110399\n|move|p1a: Espathra|Substitute|p1a: Espathra\n|-start|p1a: Espathra|Substitute\n|-damage|p1a: Espathra|76\/100\n|move|p2a: Meowscarada|Knock Off|p1a: Espathra\n|-supereffective|p1a: Espathra\n|-crit|p1a: Espathra\n|-end|p1a: Espathra|Substitute\n|\n|-heal|p1a: Espathra|82\/100|[from] item: Leftovers\n|-ability|p1a: Espathra|Speed Boost|boost\n|-boost|p1a: Espathra|spe|1\n|upkeep\n|turn|3\n|\n|t:|1701110420\n|move|p1a: Espathra|Protect|p1a: Espathra\n|-singleturn|p1a: Espathra|Protect\n|move|p2a: Meowscarada|Knock Off|p1a: Espathra\n|-activate|p1a: Espathra|move: Protect\n|\n|-heal|p1a: Espathra|88\/100|[from] item: Leftovers\n|-ability|p1a: Espathra|Speed Boost|boost\n|-boost|p1a: Espathra|spe|1\n|upkeep\n|turn|4\n|\n|t:|1701110431\n|move|p1a: Espathra|Substitute|p1a: Espathra\n|-start|p1a: Espathra|Substitute\n|-damage|p1a: Espathra|63\/100\n|move|p2a: Meowscarada|Knock Off|p1a: Espathra\n|-supereffective|p1a: Espathra\n|-end|p1a: Espathra|Substitute\n|\n|-heal|p1a: Espathra|69\/100|[from] item: Leftovers\n|-ability|p1a: Espathra|Speed Boost|boost\n|-boost|p1a: Espathra|spe|1\n|upkeep\n|turn|5\n|inactive|sushiloversushi has 120 seconds left.\n|n|!sushiloversushi|sushiloversushi\n|inactive|sushiloversushi has 90 seconds left.\n|inactive|sushiloversushi has 60 seconds left.\n|inactive|sushiloversushi has 30 seconds left.\n|inactive|sushiloversushi has 20 seconds left.\n|inactive|sushiloversushi has 15 seconds left.\n|inactive|sushiloversushi has 10 seconds left.\n|inactive|sushiloversushi has 5 seconds left.\n|\n|t:|1701110570\n|move|p1a: Espathra|Baton Pass|p1a: Espathra\n|inactive|sushiloversushi has 10 seconds left this turn.\n|\n|t:|1701110576\n|switch|p1a: Breloom|Breloom, M|100\/100|[from] Baton Pass\n|move|p2a: Meowscarada|Knock Off|p1a: Breloom\n|-resisted|p1a: Breloom\n|-damage|p1a: Breloom|64\/100\n|-enditem|p1a: Breloom|Focus Sash|[from] move: Knock Off|[of] p2a: Meowscarada\n|\n|upkeep\n|turn|6\n|inactive|sushiloversushi has 20 seconds left this turn.\n|inactive|sushiloversushi has 15 seconds left.\n|inactive|sushiloversushi has 10 seconds left.\n|\n|t:|1701110588\n|switch|p2a: Chi-Yu|Chi-Yu|100\/100\n|-ability|p2a: Chi-Yu|Beads of Ruin\n|move|p1a: Breloom|Spore|p2a: Chi-Yu\n|-status|p2a: Chi-Yu|slp|[from] move: Spore\n|\n|upkeep\n|turn|7\n|inactive|sushiloversushi has 20 seconds left this turn.\n|inactive|sushiloversushi has 15 seconds left.\n|inactive|sushiloversushi has 10 seconds left.\n|inactive|sushiloversushi has 5 seconds left.\n|-message|sushiloversushi lost due to inactivity.\n|\n|win|theluckyone26\n|raw|theluckyone26's rating: 1271 &rarr; <strong>1288<\/strong><br \/>(+17 for winning)\n|raw|sushiloversushi's rating: 1160 &rarr; <strong>1143<\/strong><br \/>(-17 for losing)\n","uploadtime":1701110460,"views":0,"p1id":"theluckyone26","p2id":"sushiloversushi","formatid":"gen9anythinggoes","rating":1143,"private":0,"password":""}