{"id":"gen9anythinggoes-1980581018","p1":"Ankun4","p2":"uv8gg88ff7f","format":"[Gen 9] Anything Goes","log":"|j|\u2606Ankun4\n|j|\u2606uv8gg88ff7f\n|t:|1698799712\n|gametype|singles\n|player|p1|Ankun4|101|1062\n|player|p2|uv8gg88ff7f|169|1016\n|teamsize|p1|6\n|teamsize|p2|1\n|gen|9\n|tier|[Gen 9] Anything Goes\n|rated|\n|rule|HP Percentage Mod: HP is shown in percentages\n|rule|Endless Battle Clause: Forcing endless battles is banned\n|clearpoke\n|poke|p1|Pikachu, F|\n|poke|p1|Gardevoir, F|\n|poke|p1|Floatzel, F|\n|poke|p1|Staraptor, M|\n|poke|p1|Glaceon, M|\n|poke|p1|Diglett, M|\n|poke|p2|Manaphy|\n|teampreview\n|inactive|Battle timer is ON: inactive players will automatically lose when time's up. (requested by uv8gg88ff7f)\n|\n|t:|1698799722\n|start\n|switch|p1a: Pikachu|Pikachu, F|100\/100\n|switch|p2a: Manaphy|Manaphy, shiny|100\/100\n|turn|1\n|\n|t:|1698799728\n|-terastallize|p2a: Manaphy|Grass\n|move|p1a: Pikachu|Nuzzle|p2a: Manaphy\n|-resisted|p2a: Manaphy\n|-damage|p2a: Manaphy|97\/100\n|-status|p2a: Manaphy|par\n|move|p2a: Manaphy|Tail Glow|p2a: Manaphy\n|-boost|p2a: Manaphy|spa|3\n|\n|-heal|p2a: Manaphy|100\/100 par|[from] item: Leftovers\n|upkeep\n|turn|2\n|\n|t:|1698799739\n|move|p1a: Pikachu|Nasty Plot|p1a: Pikachu\n|-boost|p1a: Pikachu|spa|2\n|cant|p2a: Manaphy|par\n|\n|upkeep\n|turn|3\n|\n|t:|1698799746\n|move|p1a: Pikachu|Volt Switch|p2a: Manaphy\n|-resisted|p2a: Manaphy\n|-damage|p2a: Manaphy|67\/100 par\n|\n|t:|1698799750\n|switch|p1a: Staraptor|Staraptor, M|100\/100|[from] Volt Switch\n|-ability|p1a: Staraptor|Intimidate|boost\n|-unboost|p2a: Manaphy|atk|1\n|move|p2a: Manaphy|Rain Dance|p2a: Manaphy\n|-weather|RainDance\n|\n|-weather|RainDance|[upkeep]\n|-activate|p2a: Manaphy|ability: Hydration\n|-curestatus|p2a: Manaphy|par|[msg]\n|-heal|p2a: Manaphy|73\/100|[from] item: Leftovers\n|upkeep\n|turn|4\n|\n|t:|1698799762\n|move|p1a: Staraptor|Acrobatics|p2a: Manaphy\n|-supereffective|p2a: Manaphy\n|-damage|p2a: Manaphy|0 fnt\n|faint|p2a: Manaphy\n|\n|win|Ankun4\n|raw|Ankun4's rating: 1062 &rarr; <strong>1089<\/strong><br \/>(+27 for winning)\n|raw|uv8gg88ff7f's rating: 1016 &rarr; <strong>1005<\/strong><br \/>(-11 for losing)\n|l|\u2606uv8gg88ff7f\n","uploadtime":1698799773,"views":10,"p1id":"ankun4","p2id":"uv8gg88ff7f","formatid":"gen9anythinggoes","rating":1005,"private":0,"password":""}