{"id":"gen9anythinggoes-1977100054","p1":"phoenix0308","p2":"moneywizard","format":"[Gen 9] Anything Goes","log":"|j|\u2606phoenix0308\n|j|\u2606moneywizard\n|t:|1698371513\n|gametype|singles\n|player|p1|phoenix0308|cynthia|1177\n|player|p2|moneywizard|169|1163\n|teamsize|p1|6\n|teamsize|p2|6\n|gen|9\n|tier|[Gen 9] Anything Goes\n|rated|\n|rule|HP Percentage Mod: HP is shown in percentages\n|rule|Endless Battle Clause: Forcing endless battles is banned\n|clearpoke\n|poke|p1|Skeledirge, M|\n|poke|p1|Kilowattrel, M|\n|poke|p1|Clodsire, F|\n|poke|p1|Baxcalibur, F|\n|poke|p1|Lucario, M|\n|poke|p1|Iron Treads|\n|poke|p2|Arceus-Fairy|\n|poke|p2|Infernape, F|\n|poke|p2|Meowscarada, M|\n|poke|p2|Calyrex-Shadow|\n|poke|p2|Zacian-*|\n|poke|p2|Kyogre|\n|teampreview\n|c|\u2606phoenix0308|its over\n|\n|t:|1698371536\n|start\n|switch|p1a: Iron Treads|Iron Treads|100\/100\n|switch|p2a: Infernape|Infernape, F|100\/100\n|-enditem|p1a: Iron Treads|Booster Energy\n|-activate|p1a: Iron Treads|ability: Quark Drive|[fromitem]\n|-start|p1a: Iron Treads|quarkdrivespe\n|turn|1\n|\n|t:|1698371548\n|move|p1a: Iron Treads|Earthquake|p2a: Infernape\n|-supereffective|p2a: Infernape\n|-crit|p2a: Infernape\n|-damage|p2a: Infernape|0 fnt\n|faint|p2a: Infernape\n|\n|upkeep\n|-message|moneywizard forfeited.\n|\n|win|phoenix0308\n|raw|phoenix0308's rating: 1177 &rarr; <strong>1201<\/strong><br \/>(+24 for winning)\n|raw|moneywizard's rating: 1163 &rarr; <strong>1139<\/strong><br \/>(-24 for losing)\n|l|\u2606moneywizard\n","uploadtime":1698371647,"views":11,"p1id":"phoenix0308","p2id":"moneywizard","formatid":"gen9anythinggoes","rating":1139,"private":0,"password":""}