{"id":"gen9anythinggoes-1993161372","p1":"Deyvsson3000","p2":"Lord Rekkuza","format":"[Gen 9] Anything Goes","log":"|j|\u2606Deyvsson3000\n|j|\u2606Lord Rekkuza\n|inactive|Battle timer is ON: inactive players will automatically lose when time's up.\n|t:|1700272227\n|gametype|singles\n|player|p1|Deyvsson3000|hugh|\n|player|p2|Lord Rekkuza|lance-masters|\n|teamsize|p1|6\n|teamsize|p2|6\n|gen|9\n|tier|[Gen 9] Anything Goes\n|rated|Tournament battle\n|rule|HP Percentage Mod: HP is shown in percentages\n|rule|Endless Battle Clause: Forcing endless battles is banned\n|clearpoke\n|poke|p1|Glimmora, F|\n|poke|p1|Koraidon|\n|poke|p1|Miraidon|\n|poke|p1|Calyrex-Shadow|\n|poke|p1|Arceus|\n|poke|p1|Zacian-*|\n|poke|p2|Toxapex, F|\n|poke|p2|Corviknight, M|\n|poke|p2|Arceus|\n|poke|p2|Clodsire, F|\n|poke|p2|Dondozo, F|\n|poke|p2|Goodra-Hisui, F|\n|teampreview\n|j|*Lady Monita \u2746\n|j| Dimlug\n|inactive|Deyvsson3000 has 120 seconds left.\n|inactive|Deyvsson3000 has 90 seconds left.\n|\n|t:|1700272290\n|start\n|switch|p1a: Glimmora|Glimmora, F|100\/100\n|switch|p2a: Toxapex|Toxapex, F|100\/100\n|turn|1\n|\n|t:|1700272297\n|switch|p2a: Corviknight|Corviknight, M|100\/100\n|-ability|p2a: Corviknight|Pressure\n|move|p1a: Glimmora|Toxic|p2a: Corviknight\n|-status|p2a: Corviknight|tox\n|\n|-damage|p2a: Corviknight|94\/100 tox|[from] psn\n|upkeep\n|turn|2\n|c|\u2606Lord Rekkuza|Well that\u2019s rude\n|inactive|Lord Rekkuza has 120 seconds left.\n|c|\u2606Lord Rekkuza|how have I never faced a corrosion glimmora yet\n|c|\u2606Deyvsson3000|Welcome to AG\n|\n|t:|1700272343\n|switch|p1a: Koraidon|Koraidon|100\/100\n|-weather|SunnyDay|[from] ability: Orichalcum Pulse|[of] p1a: Koraidon\n|-activate|p1a: Koraidon|Orichalcum Pulse|[source]\n|move|p2a: Corviknight|Body Press|p1a: Koraidon\n|-damage|p1a: Koraidon|78\/100\n|\n|-weather|SunnyDay|[upkeep]\n|-heal|p2a: Corviknight|100\/100 tox|[from] item: Leftovers\n|-damage|p2a: Corviknight|88\/100 tox|[from] psn\n|upkeep\n|turn|3\n|inactive|Deyvsson3000 has 120 seconds left.\n|c|\u2606Lord Rekkuza|You don\u2019t need to welcome me lmao, I\u2019ve already peaked #1 \ud83d\udc80\n|j| pokenerddude\n|c|\u2606Lord Rekkuza|and still never saw corrosion glimmora\n|j| RiciB\n|inactive|Deyvsson3000 has 90 seconds left.\n|j| yhgtf\n|l| yhgtf\n|inactive|Deyvsson3000 has 60 seconds left.\n|inactive|Deyvsson3000 has 30 seconds left.\n|inactive|Deyvsson3000 has 20 seconds left.\n|inactive|Deyvsson3000 has 15 seconds left.\n|inactive|Deyvsson3000 has 10 seconds left.\n|inactive|Deyvsson3000 has 5 seconds left.\n|-message|Deyvsson3000 lost due to inactivity.\n|\n|win|Lord Rekkuza\n|n|\u2606Deyvsson3000|deyvsson3000\n|n|\u2606Lord Rekkuza|lordrekkuza\n|n|*Lady Monita \u2746|ladymonita\n|n| Dimlug|dimlug\n|n| pokenerddude|pokenerddude\n|n| RiciB|ricib\n|l|*Lady Monita \u2746\n|c|\u2606Lord Rekkuza|welp\n|j| unban apt\n|l| RiciB\n|c| unban apt|welcome to ag!\n|c|\u2606Deyvsson3000|oh i'm back, PC crashed\n|l| unban apt\n|l| pokenerddude\n|c|\u2606Deyvsson3000|Well that's unfortunate\n|l|\u2606Deyvsson3000\n","uploadtime":1700272814,"views":27,"p1id":"deyvsson3000","p2id":"lordrekkuza","formatid":"gen9anythinggoes","rating":0,"private":0,"password":""}