{"id":"gen9anythinggoes-1988972552","p1":"PKMN KILLER","p2":"Kanserer10Cancer","format":"[Gen 9] Anything Goes","log":"|j|\u2606PKMN KILLER\n|j|\u2606Kanserer10Cancer\n|t:|1699796696\n|gametype|singles\n|player|p1|PKMN KILLER|bellelba|1029\n|player|p2|Kanserer10Cancer|brycenman|1056\n|teamsize|p1|6\n|teamsize|p2|1\n|gen|9\n|tier|[Gen 9] Anything Goes\n|rated|\n|rule|HP Percentage Mod: HP is shown in percentages\n|rule|Endless Battle Clause: Forcing endless battles is banned\n|clearpoke\n|poke|p1|Rayquaza|\n|poke|p1|Calyrex-Shadow|\n|poke|p1|Chi-Yu|\n|poke|p1|Miraidon|\n|poke|p1|Zacian-*|\n|poke|p1|Urshifu-*, F|\n|poke|p2|Calyrex-Shadow|\n|teampreview\n|inactive|Battle timer is ON: inactive players will automatically lose when time's up. (requested by PKMN KILLER)\n|c|\u2606PKMN KILLER|GG NOOB\n|\n|t:|1699796719\n|start\n|switch|p1a: Calyrex|Calyrex-Shadow|100\/100\n|switch|p2a: Calyrex|Calyrex-Shadow|100\/100\n|-ability|p1a: Calyrex|As One\n|-ability|p1a: Calyrex|Unnerve\n|-ability|p2a: Calyrex|As One\n|-ability|p2a: Calyrex|Unnerve\n|turn|1\n|\n|t:|1699796735\n|-terastallize|p2a: Calyrex|Psychic\n|move|p1a: Calyrex|Astral Barrage|p2a: Calyrex\n|-supereffective|p2a: Calyrex\n|-enditem|p2a: Calyrex|Focus Sash\n|-damage|p2a: Calyrex|1\/100\n|move|p2a: Calyrex|Astral Barrage|p1a: Calyrex\n|-supereffective|p1a: Calyrex\n|-damage|p1a: Calyrex|0 fnt\n|faint|p1a: Calyrex\n|-ability|p2a: Calyrex|Grim Neigh|boost\n|-boost|p2a: Calyrex|spa|1\n|\n|upkeep\n|c|\u2606PKMN KILLER|BUSTARD\n|inactive|PKMN KILLER has 120 seconds left.\n|\n|t:|1699796756\n|switch|p1a: Rayquaza|Rayquaza|100\/100\n|-ability|p1a: Rayquaza|Air Lock\n|turn|2\n|c|\u2606PKMN KILLER|DIE\n|c|\u2606Kanserer10Cancer|lean how to fucking spell\n|c|\u2606PKMN KILLER|LEARN\n|c|\u2606PKMN KILLER|NOOB\n|n|!Kanserer10Cancer|kanserer10cancer\n|c|\u2606PKMN KILLER|U TOO\n|c|\u2606PKMN KILLER|FARKER\n|inactive|Kanserer10Cancer has 120 seconds left.\n|\n|t:|1699796789\n|move|p1a: Rayquaza|Extreme Speed|p2a: Calyrex\n|-damage|p2a: Calyrex|0 fnt\n|faint|p2a: Calyrex\n|\n|win|PKMN KILLER\n|raw|PKMN KILLER's rating: 1029 &rarr; <strong>1067<\/strong><br \/>(+38 for winning)\n|raw|Kanserer10Cancer's rating: 1056 &rarr; <strong>1036<\/strong><br \/>(-20 for losing)\n","uploadtime":1699796781,"views":4,"p1id":"pkmnkiller","p2id":"kanserer10cancer","formatid":"gen9anythinggoes","rating":1036,"private":0,"password":""}