{"id":"gen9anythinggoes-1974400545","p1":"Mattattac","p2":"ChampionJohnnyBoi","format":"[Gen 9] Anything Goes","log":"|j|\u2606Mattattac\n|j|\u2606ChampionJohnnyBoi\n|t:|1698083988\n|gametype|singles\n|player|p1|Mattattac|nate|1188\n|player|p2|ChampionJohnnyBoi|veteran|1286\n|teamsize|p1|1\n|teamsize|p2|6\n|gen|9\n|tier|[Gen 9] Anything Goes\n|rated|\n|rule|HP Percentage Mod: HP is shown in percentages\n|rule|Endless Battle Clause: Forcing endless battles is banned\n|clearpoke\n|poke|p1|Ogerpon-Hearthflame, F|\n|poke|p2|Tropius, M|\n|poke|p2|Landorus-Therian, M|\n|poke|p2|Calyrex-Shadow|\n|poke|p2|Regieleki|\n|poke|p2|Urshifu-*, F|\n|poke|p2|Ribombee, F|\n|teampreview\n|inactive|Battle timer is ON: inactive players will automatically lose when time's up. (requested by ChampionJohnnyBoi)\n|c|\u2606Mattattac|ogerpon\n|\n|t:|1698083993\n|start\n|switch|p1a: Ogerpon|Ogerpon-Hearthflame, F|100\/100\n|switch|p2a: Urshifu|Urshifu-Rapid-Strike, F|100\/100\n|-ability|p1a: Ogerpon|Mold Breaker\n|turn|1\n|\n|t:|1698083999\n|-terastallize|p2a: Urshifu|Water\n|move|p1a: Ogerpon|Swords Dance|p1a: Ogerpon\n|-boost|p1a: Ogerpon|atk|2\n|move|p2a: Urshifu|Surging Strikes|p1a: Ogerpon\n|-crit|p1a: Ogerpon\n|-damage|p1a: Ogerpon|54\/100\n|-crit|p1a: Ogerpon\n|-damage|p1a: Ogerpon|2\/100\n|-crit|p1a: Ogerpon\n|-damage|p1a: Ogerpon|0 fnt\n|faint|p1a: Ogerpon\n|-hitcount|p1: Ogerpon|3\n|-damage|p2a: Urshifu|91\/100|[from] item: Life Orb\n|\n|win|ChampionJohnnyBoi\n|raw|Mattattac's rating: 1188 &rarr; <strong>1170<\/strong><br \/>(-18 for losing)\n|raw|ChampionJohnnyBoi's rating: 1286 &rarr; <strong>1304<\/strong><br \/>(+18 for winning)\n|l|\u2606ChampionJohnnyBoi\n|c|\u2606Mattattac|ogerpon :(\n","uploadtime":1698084012,"views":12,"p1id":"mattattac","p2id":"championjohnnyboi","formatid":"gen9anythinggoes","rating":1170,"private":0,"password":""}