{"id":"gen9anythinggoes-1979127794","p1":"jgxguydegu","p2":"cblackb3","format":"[Gen 9] Anything Goes","log":"|j|\u2606jgxguydegu\n|j|\u2606cblackb3\n|t:|1698635970\n|gametype|singles\n|player|p1|jgxguydegu|101|1160\n|player|p2|cblackb3|265|1173\n|teamsize|p1|6\n|teamsize|p2|6\n|gen|9\n|tier|[Gen 9] Anything Goes\n|rated|\n|rule|HP Percentage Mod: HP is shown in percentages\n|rule|Endless Battle Clause: Forcing endless battles is banned\n|clearpoke\n|poke|p1|Kingambit, M|\n|poke|p1|Annihilape, M|\n|poke|p1|Annihilape, M|\n|poke|p1|Annihilape, M|\n|poke|p1|Annihilape, M|\n|poke|p1|Annihilape, M|\n|poke|p2|Meowscarada, F|\n|poke|p2|Garganacl, M|\n|poke|p2|Dachsbun, M|\n|poke|p2|Farigiraf, F|\n|poke|p2|Flamigo, M|\n|poke|p2|Bellibolt, F|\n|teampreview\n|inactive|Battle timer is ON: inactive players will automatically lose when time's up. (requested by jgxguydegu)\n|\n|t:|1698635979\n|start\n|switch|p1a: Annihilape|Annihilape, M, shiny|100\/100\n|switch|p2a: Flamigo|Flamigo, M|100\/100\n|turn|1\n|\n|t:|1698635989\n|move|p1a: Annihilape|Final Gambit|p2a: Flamigo\n|-damage|p2a: Flamigo|0 fnt\n|faint|p1a: Annihilape\n|faint|p2a: Flamigo\n|\n|upkeep\n|\n|t:|1698635997\n|switch|p1a: Annihilape|Annihilape, M, shiny|100\/100\n|switch|p2a: Garganacl|Garganacl, M|100\/100\n|turn|2\n|\n|t:|1698636011\n|move|p1a: Annihilape|Final Gambit|p2a: Garganacl\n|-damage|p2a: Garganacl|0 fnt\n|faint|p1a: Annihilape\n|faint|p2a: Garganacl\n|\n|upkeep\n|\n|t:|1698636024\n|switch|p1a: Annihilape|Annihilape, M, shiny|100\/100\n|switch|p2a: Meowscarada|Meowscarada, F|100\/100\n|turn|3\n|\n|t:|1698636030\n|move|p2a: Meowscarada|U-turn|p1a: Annihilape\n|-start|p2a: Meowscarada|typechange|Bug|[from] ability: Protean\n|-resisted|p1a: Annihilape\n|-damage|p1a: Annihilape|92\/100\n|\n|t:|1698636039\n|switch|p2a: Dachsbun|Dachsbun, M|100\/100|[from] U-turn\n|move|p1a: Annihilape|Final Gambit|p2a: Dachsbun\n|-damage|p2a: Dachsbun|0 fnt\n|faint|p1a: Annihilape\n|faint|p2a: Dachsbun\n|\n|upkeep\n|\n|t:|1698636049\n|switch|p1a: Annihilape|Annihilape, M, shiny|100\/100\n|switch|p2a: Farigiraf|Farigiraf, F|100\/100\n|turn|4\n|c|\u2606cblackb3|do they all have final gambit?\n|\n|t:|1698636074\n|-terastallize|p2a: Farigiraf|Normal\n|move|p1a: Annihilape|Final Gambit|p2a: Farigiraf\n|-damage|p2a: Farigiraf|0 fnt\n|faint|p1a: Annihilape\n|faint|p2a: Farigiraf\n|\n|upkeep\n|\n|t:|1698636081\n|switch|p1a: Annihilape|Annihilape, M, shiny|100\/100\n|switch|p2a: Bellibolt|Bellibolt, F|100\/100\n|turn|5\n|\n|t:|1698636094\n|move|p1a: Annihilape|Final Gambit|p2a: Bellibolt\n|-damage|p2a: Bellibolt|0 fnt\n|faint|p1a: Annihilape\n|faint|p2a: Bellibolt\n|\n|upkeep\n|\n|t:|1698636102\n|switch|p1a: Kingambit|Kingambit, M, shiny|100\/100\n|switch|p2a: Meowscarada|Meowscarada, F|100\/100\n|-activate|p1a: Kingambit|ability: Supreme Overlord\n|-start|p1a: Kingambit|fallen5|[silent]\n|turn|6\n|c|\u2606cblackb3|!weak kingambit\n|c| cblackb3|\/raw <div class=\"infobox\">Kingambit (ignoring abilities):<br \/><span class=\"message-effect-weak\">Weaknesses<\/span>: <b>Fighting<\/b>, Fire, Ground<br \/><span class=\"message-effect-resist\">Resistances<\/span>: Dark, Dragon, Flying, Ghost, Grass, Ice, Normal, Rock, Steel<br \/><span class=\"message-effect-immune\">Immunities<\/span>: Poison, Psychic, Prankster, Sandstorm damage, Toxic<\/div>\n|inactive|cblackb3 has 120 seconds left.\n|\n|t:|1698636140\n|move|p2a: Meowscarada|Thunder Punch|p1a: Kingambit\n|-start|p2a: Meowscarada|typechange|Electric|[from] ability: Protean\n|-damage|p1a: Kingambit|72\/100\n|move|p1a: Kingambit|Swords Dance|p1a: Kingambit\n|-boost|p1a: Kingambit|atk|2\n|\n|upkeep\n|turn|7\n|inactive|cblackb3 has 120 seconds left.\n|\n|t:|1698636151\n|move|p1a: Kingambit|Sucker Punch|p2a: Meowscarada\n|-damage|p2a: Meowscarada|0 fnt\n|faint|p2a: Meowscarada\n|\n|win|jgxguydegu\n|raw|jgxguydegu's rating: 1160 &rarr; <strong>1186<\/strong><br \/>(+26 for winning)\n|raw|cblackb3's rating: 1173 &rarr; <strong>1147<\/strong><br \/>(-26 for losing)\n|l|\u2606jgxguydegu\n","uploadtime":1698636189,"views":8,"p1id":"jgxguydegu","p2id":"cblackb3","formatid":"gen9anythinggoes","rating":1147,"private":0,"password":""}