{"id":"gen9anythinggoes-1997173075","p1":"supergamer45676","p2":"grgreeedww","format":"[Gen 9] Anything Goes","log":"|j|\u2606supergamer45676\n|j|\u2606grgreeedww\n|t:|1700772003\n|gametype|singles\n|player|p1|supergamer45676|lance|1189\n|player|p2|grgreeedww|101|1052\n|teamsize|p1|6\n|teamsize|p2|1\n|gen|9\n|tier|[Gen 9] Anything Goes\n|rated|\n|rule|HP Percentage Mod: HP is shown in percentages\n|rule|Endless Battle Clause: Forcing endless battles is banned\n|clearpoke\n|poke|p1|Polteageist-Antique|\n|poke|p1|Annihilape, M|\n|poke|p1|Iron Leaves|\n|poke|p1|Mew|\n|poke|p1|Kingambit, M|\n|poke|p1|Garganacl, M|\n|poke|p2|Annihilape, M|\n|teampreview\n|\n|t:|1700772005\n|start\n|switch|p1a: Polteageist|Polteageist-Antique, shiny|100\/100\n|switch|p2a: Annihilape|Annihilape, M, shiny|100\/100\n|turn|1\n|inactive|Battle timer is ON: inactive players will automatically lose when time's up. (requested by grgreeedww)\n|\n|t:|1700772012\n|-terastallize|p2a: Annihilape|Normal\n|move|p1a: Polteageist|Shell Smash|p1a: Polteageist\n|-unboost|p1a: Polteageist|def|1\n|-unboost|p1a: Polteageist|spd|1\n|-boost|p1a: Polteageist|atk|2\n|-boost|p1a: Polteageist|spa|2\n|-boost|p1a: Polteageist|spe|2\n|move|p2a: Annihilape|Bulk Up|p2a: Annihilape\n|-boost|p2a: Annihilape|atk|1\n|-boost|p2a: Annihilape|def|1\n|\n|upkeep\n|turn|2\n|\n|t:|1700772021\n|-terastallize|p1a: Polteageist|Psychic\n|move|p1a: Polteageist|Stored Power|p2a: Annihilape\n|-damage|p2a: Annihilape|0 fnt\n|faint|p2a: Annihilape\n|\n|win|supergamer45676\n|raw|supergamer45676's rating: 1189 &rarr; <strong>1205<\/strong><br \/>(+16 for winning)\n|raw|grgreeedww's rating: 1052 &rarr; <strong>1041<\/strong><br \/>(-11 for losing)\n|l|\u2606grgreeedww\n","uploadtime":1700772031,"views":0,"p1id":"supergamer45676","p2id":"grgreeedww","formatid":"gen9anythinggoes","rating":1041,"private":0,"password":""}