{"id":"gen9anythinggoes-1994661331","p1":"MrBoxhill","p2":"LordCeobal","format":"[Gen 9] Anything Goes","log":"|j|\u2606MrBoxhill\n|j|\u2606LordCeobal\n|t:|1700477231\n|gametype|singles\n|player|p1|MrBoxhill|riley|1110\n|player|p2|LordCeobal|hoopster|1127\n|teamsize|p1|6\n|teamsize|p2|6\n|gen|9\n|tier|[Gen 9] Anything Goes\n|rated|\n|rule|HP Percentage Mod: HP is shown in percentages\n|rule|Endless Battle Clause: Forcing endless battles is banned\n|clearpoke\n|poke|p1|Maushold-Four|\n|poke|p1|Flutter Mane|\n|poke|p1|Miraidon|\n|poke|p1|Rabsca, M|\n|poke|p1|Garganacl, F|\n|poke|p1|Houndstone, M|\n|poke|p2|Kingambit, M|\n|poke|p2|Salazzle, F|\n|poke|p2|Abomasnow, F|\n|poke|p2|Rayquaza|\n|poke|p2|Urshifu-*, M|\n|poke|p2|Krookodile, M|\n|teampreview\n|inactive|Battle timer is ON: inactive players will automatically lose when time's up. (requested by LordCeobal)\n|\n|t:|1700477237\n|start\n|switch|p1a: Flutter Mane|Flutter Mane, shiny|100\/100\n|switch|p2a: Salazzle|Salazzle, F|100\/100\n|turn|1\n|inactive|MrBoxhill has 120 seconds left.\n|\n|t:|1700477275\n|move|p1a: Flutter Mane|Psyshock|p2a: Salazzle\n|-supereffective|p2a: Salazzle\n|-damage|p2a: Salazzle|0 fnt\n|faint|p2a: Salazzle\n|-damage|p1a: Flutter Mane|91\/100|[from] item: Life Orb\n|\n|upkeep\n|l|\u2606LordCeobal\n|inactive|LordCeobal disconnected and has a minute to reconnect!\n|player|p2|\n|inactive|LordCeobal has 30 seconds to reconnect!\n|inactive|LordCeobal has 20 seconds to reconnect!\n|inactive|LordCeobal has 15 seconds to reconnect!\n|inactive|LordCeobal has 10 seconds to reconnect!\n|inactive|LordCeobal has 5 seconds to reconnect!\n|-message|LordCeobal lost due to inactivity.\n|\n|win|MrBoxhill\n|raw|MrBoxhill's rating: 1110 &rarr; <strong>1136<\/strong><br \/>(+26 for winning)\n|raw|LordCeobal's rating: 1127 &rarr; <strong>1101<\/strong><br \/>(-26 for losing)\n","uploadtime":1700477419,"views":1,"p1id":"mrboxhill","p2id":"lordceobal","formatid":"gen9anythinggoes","rating":1101,"private":0,"password":""}