{"id":"gen9anythinggoes-1998824211","p1":"Adhiraj8202","p2":"ghostlyplanets","format":"[Gen 9] Anything Goes","log":"|j|\u2606Adhiraj8202\n|j|\u2606ghostlyplanets\n|inactive|Battle timer is ON: inactive players will automatically lose when time's up.\n|t:|1700998245\n|gametype|singles\n|player|p1|Adhiraj8202|dawn|\n|player|p2|ghostlyplanets|zirco-unite|\n|teamsize|p1|6\n|teamsize|p2|6\n|gen|9\n|tier|[Gen 9] Anything Goes\n|rated|Tournament battle\n|rule|HP Percentage Mod: HP is shown in percentages\n|rule|Endless Battle Clause: Forcing endless battles is banned\n|clearpoke\n|poke|p1|Giratina-Origin|\n|poke|p1|Arceus|\n|poke|p1|Koraidon|\n|poke|p1|Skeledirge, F|\n|poke|p1|Zacian-*|\n|poke|p1|Arceus-Ground|\n|poke|p2|Calyrex-Shadow|\n|poke|p2|Arceus-Ground|\n|poke|p2|Koraidon|\n|poke|p2|Arceus|\n|poke|p2|Eternatus|\n|poke|p2|Eternatus|\n|teampreview\n|c|\u2606Adhiraj8202|hf\n|j| ZowwyCafe\u2764\n|j|+Primordiallite\n|c|\u2606ghostlyplanets|u2\n|\n|t:|1700998255\n|start\n|switch|p1a: Arceus|Arceus-Ground|100\/100\n|switch|p2a: Arceus|Arceus-Ground|100\/100\n|turn|1\n|\n|t:|1700998259\n|move|p2a: Arceus|Icy Wind|p1a: Arceus\n|-supereffective|p1a: Arceus\n|-damage|p1a: Arceus|76\/100\n|-unboost|p1a: Arceus|spe|1\n|move|p1a: Arceus|Calm Mind|p1a: Arceus\n|-boost|p1a: Arceus|spa|1\n|-boost|p1a: Arceus|spd|1\n|\n|upkeep\n|turn|2\n|c| ZowwyCafe\u2764|skelefraud ewwwww\n|j| HeavenBurningLight\n|c|\u2606Adhiraj8202|you're a fraud\n|\n|t:|1700998270\n|move|p2a: Arceus|Taunt|p1a: Arceus\n|-start|p1a: Arceus|move: Taunt\n|move|p1a: Arceus|Judgment|p2a: Arceus\n|-damage|p2a: Arceus|39\/100\n|\n|upkeep\n|turn|3\n|c|\u2606ghostlyplanets|skeledirge :skull:\n|c|+Primordiallite|Bro likes eternatus\n|\n|t:|1700998276\n|move|p2a: Arceus|Stealth Rock|p1a: Arceus\n|-sidestart|p1: Adhiraj8202|move: Stealth Rock\n|move|p1a: Arceus|Judgment|p2a: Arceus\n|-damage|p2a: Arceus|0 fnt\n|faint|p2a: Arceus\n|\n|upkeep\n|j|+its zxc\u266a\n|c|\u2606Adhiraj8202|put some respect on my boy Skele's name\n|c|\u2606ghostlyplanets|Primordiallite don't be rude\n|j| sumitvs138\n|c|+Primordiallite|Bro what is up with all the skele hate ;-;\n|c|\u2606Adhiraj8202|yeah bro\n|c|\u2606ghostlyplanets|!dt dirge\nNo Pok\u00e9mon, item, move, ability or nature named 'dirge' was found. Showing the data of 'Dive' instead.\n|raw|<ul class=\"utilichart\"><li class=\"result\"><span class=\"col movenamecol\"><a href=\"https:\/\/dex.pokemonshowdown.com\/moves\/dive\">Dive<\/a><\/span> <span class=\"col typecol\"><img src=\"\/\/play.pokemonshowdown.com\/sprites\/types\/Water.png\" alt=\"Water\" width=\"32\" height=\"14\"><img src=\"\/\/play.pokemonshowdown.com\/sprites\/categories\/Physical.png\" alt=\"Physical\" width=\"32\" height=\"14\"><\/span> <span class=\"col labelcol\"><em>Power<\/em><br>80<\/span> <span class=\"col widelabelcol\"><em>Accuracy<\/em><br>100%<\/span> <span class=\"col pplabelcol\"><em>PP<\/em><br>16<\/span> <span class=\"col movedesccol\">Dives underwater turn 1, strikes turn 2.<\/span> <\/li><li style=\"clear:both\"><\/li><\/ul>\n|raw|<font size=\"1\"><font color=\"#686868\">Priority:<\/font> 0&nbsp;|&ThickSpace;<font color=\"#686868\">Gen:<\/font> 3&nbsp;|&ThickSpace;&#10003; Contact&nbsp;|&ThickSpace;&#10003; Two-turn move&nbsp;|&ThickSpace;<font color=\"#686868\">Z-Power:<\/font> 160&nbsp;|&ThickSpace;<font color=\"#686868\">Dynamax Power:<\/font> 130&nbsp;|&ThickSpace;<font color=\"#686868\">Target:<\/font> One Adjacent Pok\u00e9mon<\/font>\n\n|j|#Frozoid\n|c|\u2606ghostlyplanets|?\n|c| HeavenBurningLight|I would've named skeledirge l\n|c| HeavenBurningLight|Pringle\n|c|+Primordiallite|Skeledirge the goat\n|\n|t:|1700998304\n|switch|p2a: Arceus|Arceus|100\/100\n|turn|4\n|c| HeavenBurningLight|Pringle the goat\n|c|\u2606ghostlyplanets|wait why on earth\n|\n|t:|1700998318\n|move|p2a: Arceus|Swords Dance|p2a: Arceus\n|-boost|p2a: Arceus|atk|2\n|move|p1a: Arceus|Judgment|p2a: Arceus\n|-damage|p2a: Arceus|37\/100\n|\n|-end|p1a: Arceus|move: Taunt\n|upkeep\n|turn|5\n|c|\u2606ghostlyplanets|!dt pringle\nNo Pok\u00e9mon, item, move, ability or nature named 'pringle' was found. Showing the data of 'G-Max Finale' instead.\n|raw|<ul class=\"utilichart\"><li class=\"result\"><span class=\"col movenamecol\"><a href=\"https:\/\/dex.pokemonshowdown.com\/moves\/gmaxfinale\">G-Max Finale<\/a><\/span> <span class=\"col typecol\"><img src=\"\/\/play.pokemonshowdown.com\/sprites\/types\/Fairy.png\" alt=\"Fairy\" width=\"32\" height=\"14\"><img src=\"\/\/play.pokemonshowdown.com\/sprites\/categories\/Physical.png\" alt=\"Physical\" width=\"32\" height=\"14\"><\/span> <span class=\"col labelcol\"><em>Power<\/em><br>10<\/span> <span class=\"col widelabelcol\"><em>Accuracy<\/em><br>\u2014<\/span> <span class=\"col pplabelcol\"><em>PP<\/em><br>8<\/span> <span class=\"col movedesccol\">Base move affects power. Allies: +1\/6 max HP.<\/span> <\/li><li style=\"clear:both\"><\/li><\/ul>\n|raw|<font size=\"1\"><font color=\"#686868\">Priority:<\/font> 0&nbsp;|&ThickSpace;<font color=\"#686868\">Gen:<\/font> 8&nbsp;|&ThickSpace;&#10003; Bypasses Protect&nbsp;|&ThickSpace;&#10003; Max Move&nbsp;|&ThickSpace;<font color=\"#686868\">User:<\/font> Alcremie&nbsp;|&ThickSpace;<font color=\"#686868\">Target:<\/font> One Adjacent Opposing Pok\u00e9mon<\/font>\n\n|c|\u2606ghostlyplanets|????\n|j| eavo\n|c|\u2606ghostlyplanets|how..\n|c| ZowwyCafe\u2764|lmao\n|c| eavo|LOL\n|inactive|Adhiraj8202 has 120 seconds left.\n|c|\u2606ghostlyplanets|well that only means one thing\n|\n|t:|1700998354\n|switch|p1a: Skeledirge|Skeledirge, F|100\/100\n|move|p2a: Arceus|Extreme Speed|p1a: Skeledirge\n|-immune|p1a: Skeledirge\n|\n|upkeep\n|turn|6\n|c|\u2606ghostlyplanets|when all is over\n|c| HeavenBurningLight|Eavo after the ladder battle I clapped you in earlier a a few mins ago what did you say to get muted from the room\n|c| HeavenBurningLight|\ud83d\udc80\n|c|\u2606ghostlyplanets|the last resort (no not last resort) , the \"finale one\" is..\n|c|\u2606ghostlyplanets|pringle\n|inactive|ghostlyplanets has 120 seconds left.\n|\n|t:|1700998374\n|move|p2a: Arceus|Shadow Claw|p1a: Skeledirge\n|-supereffective|p1a: Skeledirge\n|-crit|p1a: Skeledirge\n|-damage|p1a: Skeledirge|58\/100\n|move|p1a: Skeledirge|Will-O-Wisp|p2a: Arceus\n|-status|p2a: Arceus|brn\n|\n|-damage|p2a: Arceus|31\/100 brn|[from] brn\n|upkeep\n|turn|7\n|c| HeavenBurningLight|Eavo what did you say in the room\n|\n|t:|1700998383\n|move|p2a: Arceus|Shadow Claw|p1a: Skeledirge\n|-supereffective|p1a: Skeledirge\n|-crit|p1a: Skeledirge\n|-damage|p1a: Skeledirge|35\/100\n|move|p1a: Skeledirge|Slack Off|p1a: Skeledirge\n|-heal|p1a: Skeledirge|85\/100\n|\n|-damage|p2a: Arceus|25\/100 brn|[from] brn\n|upkeep\n|turn|8\n|c| HeavenBurningLight|Lmao\n|\n|t:|1700998387\n|move|p2a: Arceus|Shadow Claw|p1a: Skeledirge\n|-supereffective|p1a: Skeledirge\n|-damage|p1a: Skeledirge|70\/100\n|move|p1a: Skeledirge|Slack Off|p1a: Skeledirge\n|-heal|p1a: Skeledirge|100\/100\n|\n|-damage|p2a: Arceus|19\/100 brn|[from] brn\n|upkeep\n|turn|9\n|c|\u2606ghostlyplanets|aaaa\n|\n|t:|1700998393\n|move|p2a: Arceus|Shadow Claw|p1a: Skeledirge\n|-supereffective|p1a: Skeledirge\n|-damage|p1a: Skeledirge|85\/100\n|move|p1a: Skeledirge|Torch Song|p2a: Arceus\n|-damage|p2a: Arceus|0 fnt\n|-boost|p1a: Skeledirge|spa|1\n|faint|p2a: Arceus\n|\n|upkeep\n|c|\u2606ghostlyplanets|help\n|\n|t:|1700998398\n|switch|p2a: Eternatus|Eternatus|100\/100\n|-ability|p2a: Eternatus|Pressure\n|turn|10\n|c| ZowwyCafe\u2764|~~skeledirge when it gives my specs ogre free entry point :3~~\n|c| eavo|shut before i send the veno replay in the ag room\n|\n|t:|1700998407\n|switch|p1a: Zacian|Zacian-Crowned|100\/100\n|-damage|p1a: Zacian|94\/100|[from] Stealth Rock\n|-ability|p1a: Zacian|Intrepid Sword|boost\n|-boost|p1a: Zacian|atk|1\n|move|p2a: Eternatus|Toxic|p1a: Zacian\n|-immune|p1a: Zacian\n|\n|upkeep\n|turn|11\n|c|+Primordiallite|Where are the people who doubted skele\n|\n|t:|1700998420\n|move|p1a: Zacian|Behemoth Blade|p2a: Eternatus\n|-damage|p2a: Eternatus|39\/100\n|move|p2a: Eternatus|Cosmic Power|p2a: Eternatus\n|-boost|p2a: Eternatus|def|1\n|-boost|p2a: Eternatus|spd|1\n|\n|-heal|p2a: Eternatus|45\/100|[from] item: Leftovers\n|upkeep\n|turn|12\n|c|\u2606Adhiraj8202|skele shushing his haters\n|c|\u2606ghostlyplanets|s-sskele was never good\n|c|\u2606Adhiraj8202|you love to see it\n|c| HeavenBurningLight|Veno isn't even bad\n|\n|t:|1700998433\n|move|p1a: Zacian|Swords Dance|p1a: Zacian\n|-boost|p1a: Zacian|atk|2\n|move|p2a: Eternatus|Recover|p2a: Eternatus\n|-heal|p2a: Eternatus|95\/100\n|\n|-heal|p2a: Eternatus|100\/100|[from] item: Leftovers\n|upkeep\n|turn|13\n|c| HeavenBurningLight|It's goated\n|c|\u2606ghostlyplanets|it was always op\n|\n|t:|1700998438\n|move|p1a: Zacian|Behemoth Blade|p2a: Eternatus\n|-damage|p2a: Eternatus|35\/100\n|move|p2a: Eternatus|Cosmic Power|p2a: Eternatus\n|-boost|p2a: Eternatus|def|1\n|-boost|p2a: Eternatus|spd|1\n|\n|-heal|p2a: Eternatus|41\/100|[from] item: Leftovers\n|upkeep\n|turn|14\n|\n|t:|1700998442\n|move|p1a: Zacian|Behemoth Blade|p2a: Eternatus\n|-damage|p2a: Eternatus|0 fnt\n|faint|p2a: Eternatus\n|\n|upkeep\n|c|\u2606ghostlyplanets|god fuck that thing\n|\n|t:|1700998449\n|switch|p2a: Koraidon|Koraidon|100\/100\n|-weather|SunnyDay|[from] ability: Orichalcum Pulse|[of] p2a: Koraidon\n|-activate|p2a: Koraidon|Orichalcum Pulse|[source]\n|turn|15\n|\n|t:|1700998453\n|switch|p1a: Skeledirge|Skeledirge, F|85\/100\n|move|p2a: Koraidon|Outrage|p1a: Skeledirge\n|-damage|p1a: Skeledirge|31\/100\n|\n|-weather|SunnyDay|[upkeep]\n|upkeep\n|turn|16\n|\n|t:|1700998458\n|switch|p1a: Zacian|Zacian-Crowned|94\/100\n|-damage|p1a: Zacian|88\/100|[from] Stealth Rock\n|move|p2a: Koraidon|Outrage|p1a: Zacian|[from]lockedmove\n|-immune|p1a: Zacian\n|\n|-weather|SunnyDay|[upkeep]\n|upkeep\n|turn|17\n|c|\u2606ghostlyplanets|wa\n|l| HeavenBurningLight\n|\n|t:|1700998470\n|switch|p2a: Eternatus|Eternatus|100\/100\n|-ability|p2a: Eternatus|Pressure\n|move|p1a: Zacian|Play Rough|p2a: Eternatus\n|-damage|p2a: Eternatus|56\/100\n|\n|-weather|SunnyDay|[upkeep]\n|upkeep\n|turn|18\n|j| HeavenBurningLight\n|c|\u2606ghostlyplanets|i personally\n|c| sumitvs138|Dumb move\n|c|\u2606ghostlyplanets|never use dirge\n|\n|t:|1700998481\n|move|p1a: Zacian|Behemoth Blade|p2a: Eternatus\n|-damage|p2a: Eternatus|11\/100\n|move|p2a: Eternatus|Fire Blast|p1a: Zacian\n|-supereffective|p1a: Zacian\n|-damage|p1a: Zacian|0 fnt\n|faint|p1a: Zacian\n|-damage|p2a: Eternatus|1\/100|[from] item: Life Orb\n|\n|-weather|SunnyDay|[upkeep]\n|upkeep\n|c|\u2606ghostlyplanets|oh fun fact\n|c|\u2606ghostlyplanets|my best friend's name is\n|\n|t:|1700998500\n|switch|p1a: Arceus|Arceus|100\/100\n|turn|19\n|c| sumitvs138|Outrage on Zacian?\n|c|\u2606ghostlyplanets|adhiraj\n|c|\u2606ghostlyplanets|in school\n|c| ZowwyCafe\u2764|skele cant even check scale shot korai without luck\/tera :(\n|c| HeavenBurningLight|What\n|c|\u2606ghostlyplanets|sumitvs138 that was a predict\n|c|\u2606ghostlyplanets|mfw\n|c| HeavenBurningLight|\ud83d\udc80\n|\n|t:|1700998513\n|move|p1a: Arceus|Extreme Speed|p2a: Eternatus\n|-damage|p2a: Eternatus|0 fnt\n|faint|p2a: Eternatus\n|\n|-weather|none\n|upkeep\n|\n|t:|1700998520\n|switch|p2a: Koraidon|Koraidon|100\/100\n|-weather|SunnyDay|[from] ability: Orichalcum Pulse|[of] p2a: Koraidon\n|-activate|p2a: Koraidon|Orichalcum Pulse|[source]\n|turn|20\n|c| sumitvs138|Yeah he thought ud use Flare blitz\n|c|+Primordiallite|Nothing can switch into korai\n|c|+Primordiallite|Other than dozo\n|\n|t:|1700998529\n|switch|p1a: Arceus|Arceus-Ground|76\/100\n|-damage|p1a: Arceus|70\/100|[from] Stealth Rock\n|move|p2a: Koraidon|Close Combat|p1a: Arceus\n|-damage|p1a: Arceus|6\/100\n|-unboost|p2a: Koraidon|def|1\n|-unboost|p2a: Koraidon|spd|1\n|\n|-weather|SunnyDay|[upkeep]\n|upkeep\n|turn|21\n|c| ZowwyCafe\u2764|~~DACHSBUN~~\\\n|c|+Primordiallite|Real\n|c|\u2606ghostlyplanets|bun\n|c|\u2606Adhiraj8202|fake\n|\n|t:|1700998543\n|switch|p1a: Giratina|Giratina-Origin|100\/100\n|-damage|p1a: Giratina|88\/100|[from] Stealth Rock\n|move|p2a: Koraidon|Close Combat|p1a: Giratina\n|-immune|p1a: Giratina\n|\n|-weather|SunnyDay|[upkeep]\n|upkeep\n|turn|22\n|c| HeavenBurningLight|Nah daschbun dies to resiss\n|c| ZowwyCafe\u2764|dozo when band cc :3\n|c| HeavenBurningLight|After a bit\n|\n|t:|1700998550\n|move|p2a: Koraidon|Close Combat|p1a: Giratina\n|-immune|p1a: Giratina\n|move|p1a: Giratina|Poltergeist|p2a: Koraidon\n|-activate|p2a: Koraidon|move: Poltergeist|Choice Scarf\n|-damage|p2a: Koraidon|11\/100\n|\n|-weather|SunnyDay|[upkeep]\n|upkeep\n|turn|23\n|c| ZowwyCafe\u2764|hm\n|c|\u2606ghostlyplanets|just kill it\n|\n|t:|1700998556\n|move|p2a: Koraidon|Close Combat|p1a: Giratina\n|-immune|p1a: Giratina\n|move|p1a: Giratina|Defog|p2a: Koraidon\n|-unboost|p2a: Koraidon|evasion|1\n|-sideend|p1: Adhiraj8202|Stealth Rock|[from] move: Defog|[of] p1a: Giratina\n|\n|-weather|SunnyDay|[upkeep]\n|upkeep\n|turn|24\n|\n|t:|1700998559\n|switch|p1a: Skeledirge|Skeledirge, F|31\/100\n|move|p2a: Koraidon|Close Combat|p1a: Skeledirge\n|-immune|p1a: Skeledirge\n|\n|-weather|none\n|upkeep\n|turn|25\n|\n|t:|1700998564\n|move|p2a: Koraidon|Close Combat|p1a: Skeledirge\n|-immune|p1a: Skeledirge\n|move|p1a: Skeledirge|Slack Off|p1a: Skeledirge\n|-heal|p1a: Skeledirge|81\/100\n|\n|upkeep\n|turn|26\n|c|\u2606ghostlyplanets|this bro is evil\n|\n|t:|1700998573\n|switch|p1a: Giratina|Giratina-Origin|88\/100\n|move|p2a: Koraidon|Close Combat|p1a: Giratina\n|-immune|p1a: Giratina\n|\n|upkeep\n|turn|27\n|\n|t:|1700998577\n|move|p1a: Giratina|Shadow Sneak|p2a: Koraidon\n|-damage|p2a: Koraidon|0 fnt\n|faint|p2a: Koraidon\n|\n|upkeep\n|\n|t:|1700998579\n|switch|p2a: Calyrex|Calyrex-Shadow|100\/100\n|-ability|p2a: Calyrex|As One\n|-ability|p2a: Calyrex|Unnerve\n|turn|28\n|c| sumitvs138|Bro it's over\n|j| eguipeng\n|\n|t:|1700998586\n|move|p1a: Giratina|Shadow Sneak|p2a: Calyrex\n|-supereffective|p2a: Calyrex\n|-enditem|p2a: Calyrex|Focus Sash\n|-damage|p2a: Calyrex|1\/100\n|move|p2a: Calyrex|Astral Barrage|p1a: Giratina\n|-supereffective|p1a: Giratina\n|-damage|p1a: Giratina|0 fnt\n|faint|p1a: Giratina\n|-ability|p2a: Calyrex|Grim Neigh|boost\n|-boost|p2a: Calyrex|spa|1\n|\n|upkeep\n|\n|t:|1700998589\n|switch|p1a: Koraidon|Koraidon|100\/100\n|-weather|SunnyDay|[from] ability: Orichalcum Pulse|[of] p1a: Koraidon\n|-activate|p1a: Koraidon|Orichalcum Pulse|[source]\n|turn|29\n|\n|t:|1700998593\n|-terastallize|p1a: Koraidon|Fire\n|move|p1a: Koraidon|Flare Blitz|p2a: Calyrex\n|-damage|p2a: Calyrex|0 fnt\n|faint|p2a: Calyrex\n|-damage|p1a: Koraidon|99\/100|[from] Recoil\n|\n|win|Adhiraj8202\n|n|\u2606Adhiraj8202|adhiraj8202\n|n|\u2606ghostlyplanets|ghostlyplanets\n|n| ZowwyCafe\u2764|zowwycafe\n|n| Primordiallite|primordiallite\n|n|+its zxc\u266a|itszxc\n|n| sumitvs138|sumitvs138\n|n|%Frozoid|frozoid\n|n| eavo|eavo\n|n| HeavenBurningLight|heavenburninglight\n|n| eguipeng|eguipeng\n","uploadtime":1700998593,"views":4,"p1id":"adhiraj8202","p2id":"ghostlyplanets","formatid":"gen9anythinggoes","rating":0,"private":0,"password":""}