{"id":"gen9anythinggoes-1987128539","p1":"Profesor Turo","p2":"Turo's assistant","format":"[Gen 9] Anything Goes","log":"|j|\u2606Profesor Turo\n|j|\u2606Turo's assistant\n|t:|1699558414\n|gametype|singles\n|player|p1|Profesor Turo|turo-ai|\n|player|p2|Turo's assistant|acerola-masters|\n|teamsize|p1|1\n|teamsize|p2|1\n|gen|9\n|tier|[Gen 9] Anything Goes\n|rule|HP Percentage Mod: HP is shown in percentages\n|rule|Endless Battle Clause: Forcing endless battles is banned\n|clearpoke\n|poke|p1|Miraidon|\n|poke|p2|Rillaboom, M|\n|teampreview\n|inactive|Battle timer is ON: inactive players will automatically lose when time's up. (requested by Profesor Turo)\n|inactive|Turo's assistant also wants the timer to be on.\n|\n|t:|1699558420\n|start\n|switch|p1a: Miraidon|Miraidon|100\/100\n|switch|p2a: Rillaboom|Rillaboom, M|100\/100\n|-fieldstart|move: Grassy Terrain|[from] ability: Grassy Surge|[of] p2a: Rillaboom\n|-fieldstart|move: Electric Terrain|[from] ability: Hadron Engine|[of] p1a: Miraidon\n|turn|1\n|-message|Profesor Turo forfeited.\n|\n|win|Turo's assistant\n|l|\u2606Profesor Turo\n","uploadtime":1699558432,"views":6,"p1id":"profesorturo","p2id":"turosassistant","formatid":"gen9anythinggoes","rating":0,"private":0,"password":""}