{"id":"gen9anythinggoes-1999781822","p1":"Spartan-912","p2":"Howlpup13","format":"[Gen 9] Anything Goes","log":"|j|\u2606Spartan-912\n|j|\u2606Howlpup13\n|t:|1701116164\n|gametype|singles\n|player|p1|Spartan-912|skyla|1087\n|player|p2|Howlpup13|dawn|1033\n|teamsize|p1|6\n|teamsize|p2|2\n|gen|9\n|tier|[Gen 9] Anything Goes\n|rated|\n|rule|HP Percentage Mod: HP is shown in percentages\n|rule|Endless Battle Clause: Forcing endless battles is banned\n|clearpoke\n|poke|p1|Iron Moth|\n|poke|p1|Iron Valiant|\n|poke|p1|Cinderace, M|\n|poke|p1|Hatterene, F|\n|poke|p1|Dragonite, M|\n|poke|p1|Dragapult, M|\n|poke|p2|Zoroark, M|\n|poke|p2|Zoroark-Hisui, F|\n|teampreview\n|inactive|Battle timer is ON: inactive players will automatically lose when time's up. (requested by Howlpup13)\n|\n|t:|1701116186\n|start\n|switch|p1a: Dragonite|Dragonite, M|100\/100\n|switch|p2a: Zoroark|Zoroark, M|100\/100\n|turn|1\n|\n|t:|1701116205\n|move|p2a: Zoroark|Agility|p2a: Zoroark\n|-boost|p2a: Zoroark|spe|2\n|move|p1a: Dragonite|Earthquake|p2a: Zoroark\n|-damage|p2a: Zoroark|20\/100\n|replace|p2a: Zoroark|Zoroark-Hisui, F\n|-end|p2a: Zoroark|Illusion\n|\n|upkeep\n|turn|2\n|\n|t:|1701116229\n|move|p1a: Dragonite|Extreme Speed|p2a: Zoroark\n|-immune|p2a: Zoroark\n|move|p2a: Zoroark|Dark Pulse|p1a: Dragonite\n|-damage|p1a: Dragonite|84\/100\n|\n|upkeep\n|turn|3\n|\n|t:|1701116237\n|move|p2a: Zoroark|Nasty Plot|p2a: Zoroark\n|-boost|p2a: Zoroark|spa|2\n|move|p1a: Dragonite|Earthquake|p2a: Zoroark\n|-damage|p2a: Zoroark|0 fnt\n|faint|p2a: Zoroark\n|\n|upkeep\n|\n|t:|1701116243\n|switch|p2a: Zoroark|Zoroark, M|100\/100\n|turn|4\n|\n|t:|1701116247\n|move|p1a: Dragonite|Extreme Speed|p2a: Zoroark\n|-damage|p2a: Zoroark|39\/100\n|move|p2a: Zoroark|Nasty Plot|p2a: Zoroark\n|-boost|p2a: Zoroark|spa|2\n|\n|upkeep\n|turn|5\n|\n|t:|1701116254\n|-terastallize|p2a: Zoroark|Dark\n|move|p1a: Dragonite|Extreme Speed|p2a: Zoroark\n|-damage|p2a: Zoroark|0 fnt\n|faint|p2a: Zoroark\n|\n|win|Spartan-912\n|raw|Spartan-912's rating: 1087 &rarr; <strong>1110<\/strong><br \/>(+23 for winning)\n|raw|Howlpup13's rating: 1033 &rarr; <strong>1020<\/strong><br \/>(-13 for losing)\n|l|\u2606Howlpup13\n","uploadtime":1701116264,"views":6,"p1id":"spartan912","p2id":"howlpup13","formatid":"gen9anythinggoes","rating":1020,"private":0,"password":""}