{"id":"gen9anythinggoes-1978717611","p1":"sendfreegifttome","p2":"durpmurp","format":"[Gen 9] Anything Goes","log":"|j|\u2606sendfreegifttome\n|j|\u2606durpmurp\n|t:|1698586295\n|gametype|singles\n|player|p1|sendfreegifttome|nate|1207\n|player|p2|durpmurp|hiker-gen4|1140\n|teamsize|p1|6\n|teamsize|p2|1\n|gen|9\n|tier|[Gen 9] Anything Goes\n|rated|\n|rule|HP Percentage Mod: HP is shown in percentages\n|rule|Endless Battle Clause: Forcing endless battles is banned\n|clearpoke\n|poke|p1|Calyrex-Shadow|\n|poke|p1|Kyogre|\n|poke|p1|Giratina-Origin|\n|poke|p1|Urshifu-*, F|\n|poke|p1|Zacian-*|\n|poke|p1|Rayquaza|\n|poke|p2|Vivillon-Pokeball, M|\n|teampreview\n|inactive|Battle timer is ON: inactive players will automatically lose when time's up. (requested by sendfreegifttome)\n|\n|t:|1698586311\n|start\n|switch|p1a: Kyogre|Kyogre, shiny|100\/100\n|switch|p2a: Vivillon|Vivillon-Pokeball, M|100\/100\n|-weather|RainDance|[from] ability: Drizzle|[of] p1a: Kyogre\n|turn|1\n|inactive|durpmurp has 120 seconds left.\n|\n|t:|1698586344\n|-terastallize|p2a: Vivillon|Steel\n|move|p1a: Kyogre|Thunder|p2a: Vivillon\n|-damage|p2a: Vivillon|29\/100\n|move|p2a: Vivillon|Sleep Powder|p1a: Kyogre\n|-status|p1a: Kyogre|slp|[from] move: Sleep Powder\n|-enditem|p1a: Kyogre|Chesto Berry|[eat]\n|-curestatus|p1a: Kyogre|slp|[msg]\n|\n|-weather|RainDance|[upkeep]\n|-heal|p2a: Vivillon|35\/100|[from] item: Leftovers\n|upkeep\n|turn|2\n|inactive|durpmurp has 120 seconds left.\n|\n|t:|1698586355\n|move|p1a: Kyogre|Thunder|p2a: Vivillon\n|-crit|p2a: Vivillon\n|-damage|p2a: Vivillon|0 fnt\n|faint|p2a: Vivillon\n|\n|win|sendfreegifttome\n|raw|sendfreegifttome's rating: 1207 &rarr; <strong>1227<\/strong><br \/>(+20 for winning)\n|raw|durpmurp's rating: 1140 &rarr; <strong>1120<\/strong><br \/>(-20 for losing)\n|l|\u2606durpmurp\n|c|\u2606sendfreegifttome|Gg\n","uploadtime":1698586367,"views":12,"p1id":"sendfreegifttome","p2id":"durpmurp","formatid":"gen9anythinggoes","rating":1120,"private":0,"password":""}