{"id":"gen9anythinggoes-1978539767","p1":"NotAtAllPockchan","p2":"XAVIEROCKSTAR5","format":"[Gen 9] Anything Goes","log":"|j|\u2606NotAtAllPockchan\n|j|\u2606XAVIEROCKSTAR5\n|t:|1698552730\n|gametype|singles\n|player|p1|NotAtAllPockchan|cynthia-masters|1443\n|player|p2|XAVIEROCKSTAR5|steven|1511\n|teamsize|p1|6\n|teamsize|p2|6\n|gen|9\n|tier|[Gen 9] Anything Goes\n|rated|\n|rule|HP Percentage Mod: HP is shown in percentages\n|rule|Endless Battle Clause: Forcing endless battles is banned\n|clearpoke\n|poke|p1|Calyrex-Shadow|\n|poke|p1|Zacian-*|\n|poke|p1|Arceus|\n|poke|p1|Chien-Pao|\n|poke|p1|Ribombee, M|\n|poke|p1|Ditto|\n|poke|p2|Mewtwo|\n|poke|p2|Ninetales-Alola, F|\n|poke|p2|Meowscarada, F|\n|poke|p2|Cinderace, F|\n|poke|p2|Dragapult, M|\n|poke|p2|Zacian-*|\n|teampreview\n|inactive|Battle timer is ON: inactive players will automatically lose when time's up. (requested by XAVIEROCKSTAR5)\n|inactive|NotAtAllPockchan also wants the timer to be on.\n|\n|t:|1698552743\n|start\n|switch|p1a: Ribombee|Ribombee, M|100\/100\n|switch|p2a: Ninetales|Ninetales-Alola, F|100\/100\n|-weather|Snow|[from] ability: Snow Warning|[of] p2a: Ninetales\n|turn|1\n|\n|t:|1698552748\n|move|p1a: Ribombee|Sticky Web|p2a: Ninetales\n|-sidestart|p2: XAVIEROCKSTAR5|move: Sticky Web\n|move|p2a: Ninetales|Freeze-Dry|p1a: Ribombee\n|-damage|p1a: Ribombee|60\/100\n|\n|-weather|Snow|[upkeep]\n|upkeep\n|turn|2\n|\n|t:|1698552752\n|move|p1a: Ribombee|Stun Spore|p2a: Ninetales|[miss]\n|-miss|p1a: Ribombee|p2a: Ninetales\n|move|p2a: Ninetales|Aurora Veil|p2a: Ninetales\n|-sidestart|p2: XAVIEROCKSTAR5|move: Aurora Veil\n|\n|-weather|Snow|[upkeep]\n|upkeep\n|turn|3\n|\n|t:|1698552756\n|move|p1a: Ribombee|Stun Spore|p2a: Ninetales\n|-status|p2a: Ninetales|par\n|move|p2a: Ninetales|Moonblast|p1a: Ribombee\n|-damage|p1a: Ribombee|11\/100\n|\n|-weather|Snow|[upkeep]\n|upkeep\n|turn|4\n|\n|t:|1698552761\n|cant|p2a: Ninetales|par\n|move|p1a: Ribombee|Stun Spore|p2a: Ninetales|[miss]\n|-miss|p1a: Ribombee|p2a: Ninetales\n|\n|-weather|Snow|[upkeep]\n|upkeep\n|turn|5\n|\n|t:|1698552765\n|cant|p2a: Ninetales|par\n|move|p1a: Ribombee|Stun Spore|p2a: Ninetales|[miss]\n|-miss|p1a: Ribombee|p2a: Ninetales\n|\n|-weather|none\n|upkeep\n|turn|6\n|c|\u2606NotAtAllPockchan|breh\n|\n|t:|1698552772\n|move|p1a: Ribombee|Stun Spore|p2a: Ninetales|[miss]\n|-miss|p1a: Ribombee|p2a: Ninetales\n|cant|p2a: Ninetales|par\n|\n|-sideend|p2: XAVIEROCKSTAR5|move: Aurora Veil\n|upkeep\n|turn|7\n|c|\u2606NotAtAllPockchan|brooo\n|\n|t:|1698552779\n|move|p1a: Ribombee|Sticky Web||[still]\n|-fail|p1a: Ribombee\n|cant|p2a: Ninetales|par\n|\n|upkeep\n|turn|8\n|c|\u2606NotAtAllPockchan|kill me\n|c|\u2606NotAtAllPockchan|????\n|c|\u2606NotAtAllPockchan|HELLLO\n|\n|t:|1698552790\n|move|p1a: Ribombee|Stun Spore|p2a: Ninetales|[miss]\n|-miss|p1a: Ribombee|p2a: Ninetales\n|cant|p2a: Ninetales|par\n|\n|upkeep\n|turn|9\n|-message|XAVIEROCKSTAR5 forfeited.\n|\n|win|NotAtAllPockchan\n|raw|NotAtAllPockchan's rating: 1443 &rarr; <strong>1467<\/strong><br \/>(+24 for winning)\n|raw|XAVIEROCKSTAR5's rating: 1511 &rarr; <strong>1487<\/strong><br \/>(-24 for losing)\n|l|\u2606XAVIEROCKSTAR5\n|c|\u2606NotAtAllPockchan|IM SO SORRY\n","uploadtime":1698552812,"views":10,"p1id":"notatallpockchan","p2id":"xavierockstar5","formatid":"gen9anythinggoes","rating":1467,"private":0,"password":""}