{"id":"gen9anythinggoes-1995911175","p1":"theironpikachu%\u25d5\u203f\u25d5","p2":"HeavenBurningLight","format":"[Gen 9] Anything Goes","log":"|j|\u2606theironpikachu%\u25d5\u203f\u25d5\n|j|\u2606HeavenBurningLight\n|inactive|Battle timer is ON: inactive players will automatically lose when time's up.\n|t:|1700616492\n|gametype|singles\n|player|p1|theironpikachu%\u25d5\u203f\u25d5|may-masters|\n|player|p2|HeavenBurningLight|rosa-pokestar|\n|teamsize|p1|6\n|teamsize|p2|6\n|gen|9\n|tier|[Gen 9] Anything Goes\n|rated|Tournament battle\n|rule|HP Percentage Mod: HP is shown in percentages\n|rule|Endless Battle Clause: Forcing endless battles is banned\n|clearpoke\n|poke|p1|Regieleki|\n|poke|p1|Arceus-Ghost|\n|poke|p1|Arceus|\n|poke|p1|Groudon|\n|poke|p1|Dialga|\n|poke|p1|Azelf|\n|poke|p2|Giratina|\n|poke|p2|Ting-Lu|\n|poke|p2|Avalugg-Hisui, F|\n|poke|p2|Corviknight, M|\n|poke|p2|Eternatus|\n|poke|p2|Koraidon|\n|teampreview\n|inactive|theironpikachu%\u25d5\u203f\u25d5 also wants the timer to be on.\n|c|\u2606HeavenBurningLight|Have fun\n|c|\u2606theironpikachu%\u25d5\u203f\u25d5|glhf\n|j| default0\n|\n|t:|1700616510\n|start\n|switch|p1a: Arceus|Arceus|100\/100\n|switch|p2a: Ting-Lu|Ting-Lu|100\/100\n|-ability|p2a: Ting-Lu|Mold Breaker\n|turn|1\n|\n|t:|1700616525\n|move|p1a: Arceus|Stealth Rock|p2a: Ting-Lu\n|-sidestart|p2: HeavenBurningLight|move: Stealth Rock\n|move|p2a: Ting-Lu|Spikes|p1a: Arceus\n|-sidestart|p1: theironpikachu%\u25d5\u203f\u25d5|Spikes\n|\n|upkeep\n|turn|2\n|\n|t:|1700616531\n|move|p1a: Arceus|Will-O-Wisp|p2a: Ting-Lu\n|-status|p2a: Ting-Lu|brn\n|move|p2a: Ting-Lu|Spikes|p1a: Arceus\n|-sidestart|p1: theironpikachu%\u25d5\u203f\u25d5|Spikes\n|\n|-damage|p2a: Ting-Lu|94\/100 brn|[from] brn\n|upkeep\n|turn|3\n|j| Hiusi guy %\u25d5\u203f\u203f\u25d5%\n|j| Dregone\n|\n|t:|1700616548\n|switch|p1a: Groudon|Groudon|100\/100\n|-damage|p1a: Groudon|84\/100|[from] Spikes\n|move|p2a: Ting-Lu|Stealth Rock|p1a: Groudon\n|-sidestart|p1: theironpikachu%\u25d5\u203f\u25d5|move: Stealth Rock\n|\n|-damage|p2a: Ting-Lu|88\/100 brn|[from] brn\n|upkeep\n|turn|4\n|j|%Pure Hackmons\n|inactive|theironpikachu%\u25d5\u203f\u25d5 has 120 seconds left.\n|\n|t:|1700616575\n|move|p1a: Groudon|Spikes|p2a: Ting-Lu\n|-sidestart|p2: HeavenBurningLight|Spikes\n|move|p2a: Ting-Lu|Spikes|p1a: Groudon\n|-sidestart|p1: theironpikachu%\u25d5\u203f\u25d5|Spikes\n|\n|-damage|p2a: Ting-Lu|82\/100 brn|[from] brn\n|upkeep\n|turn|5\n|inactive|theironpikachu%\u25d5\u203f\u25d5 has 120 seconds left.\n|inactive|theironpikachu%\u25d5\u203f\u25d5 has 90 seconds left.\n|\n|t:|1700616626\n|switch|p2a: Eternatus|Eternatus|100\/100\n|-damage|p2a: Eternatus|88\/100|[from] Stealth Rock\n|-damage|p2a: Eternatus|76\/100|[from] Spikes\n|move|p1a: Groudon|Spikes|p2a: Eternatus\n|-sidestart|p2: HeavenBurningLight|Spikes\n|\n|upkeep\n|turn|6\n|\n|t:|1700616634\n|move|p2a: Eternatus|Toxic Spikes|p1a: Groudon\n|-sidestart|p1: theironpikachu%\u25d5\u203f\u25d5|move: Toxic Spikes\n|move|p1a: Groudon|Spikes|p2a: Eternatus\n|-sidestart|p2: HeavenBurningLight|Spikes\n|\n|upkeep\n|turn|7\n|inactive|theironpikachu%\u25d5\u203f\u25d5 has 90 seconds left.\n|\n|t:|1700616650\n|move|p2a: Eternatus|Toxic Spikes|p1a: Groudon\n|-sidestart|p1: theironpikachu%\u25d5\u203f\u25d5|move: Toxic Spikes\n|move|p1a: Groudon|Earthquake|p2a: Eternatus\n|-supereffective|p2a: Eternatus\n|-damage|p2a: Eternatus|0 fnt\n|faint|p2a: Eternatus\n|\n|upkeep\n|\n|t:|1700616654\n|switch|p2a: Koraidon|Koraidon|100\/100\n|-damage|p2a: Koraidon|94\/100|[from] Stealth Rock\n|-damage|p2a: Koraidon|69\/100|[from] Spikes\n|-ability|p2a: Koraidon|Comatose\n|turn|8\n|inactive|theironpikachu%\u25d5\u203f\u25d5 has 90 seconds left.\n|\n|t:|1700616667\n|move|p2a: Koraidon|Sleep Talk|p2a: Koraidon\n|move|p2a: Koraidon|Dragon Tail|p1a: Groudon|[from]move: Sleep Talk\n|-immune|p1a: Groudon|[from] ability: Wonder Guard\n|move|p1a: Groudon|Roar|p2a: Koraidon\n|drag|p2a: Avalugg|Avalugg-Hisui, F|100\/100\n|-damage|p2a: Avalugg|76\/100|[from] Stealth Rock\n|-damage|p2a: Avalugg|51\/100|[from] Spikes\n|\n|upkeep\n|turn|9\n|inactive|theironpikachu%\u25d5\u203f\u25d5 has 90 seconds left.\n|c|\u2606HeavenBurningLight|I should've just made it roar\n|c|\u2606HeavenBurningLight|By itself\n|c|\u2606HeavenBurningLight|Damn\n|\n|t:|1700616686\n|move|p2a: Avalugg|Recover|p2a: Avalugg\n|-heal|p2a: Avalugg|100\/100\n|move|p1a: Groudon|Roar|p2a: Avalugg\n|drag|p2a: Corviknight|Corviknight, M|100\/100\n|-damage|p2a: Corviknight|88\/100|[from] Stealth Rock\n|\n|upkeep\n|turn|10\n|c|\u2606theironpikachu%\u25d5\u203f\u25d5|true\n|inactive|theironpikachu%\u25d5\u203f\u25d5 has 90 seconds left.\n|c|\u2606theironpikachu%\u25d5\u203f\u25d5|!ds sleep talk, roar\n|c| theironpikachu%\u25d5\u203f\u25d5|\/raw <div class=\"infobox\"><a href=\"\/\/dex.pokemonshowdown.com\/pokemon\/altaria\" target=\"_blank\" class=\"subtle\" style=\"white-space:nowrap\"><psicon pokemon=\"Altaria\" style=\"vertical-align:-7px;margin:-2px\" \/>Altaria<\/a>, <a href=\"\/\/dex.pokemonshowdown.com\/pokemon\/ampharos\" target=\"_blank\" class=\"subtle\" style=\"white-space:nowrap\"><psicon pokemon=\"Ampharos\" style=\"vertical-align:-7px;margin:-2px\" \/>Ampharos<\/a>, <a href=\"\/\/dex.pokemonshowdown.com\/pokemon\/arcanine\" target=\"_blank\" class=\"subtle\" style=\"white-space:nowrap\"><psicon pokemon=\"Arcanine\" style=\"vertical-align:-7px;margin:-2px\" \/>Arcanine<\/a>, <a href=\"\/\/dex.pokemonshowdown.com\/pokemon\/arcaninehisui\" target=\"_blank\" class=\"subtle\" style=\"white-space:nowrap\"><psicon pokemon=\"Arcanine-Hisui\" style=\"vertical-align:-7px;margin:-2px\" \/>Arcanine-Hisui<\/a>, <a href=\"\/\/dex.pokemonshowdown.com\/pokemon\/arceus\" target=\"_blank\" class=\"subtle\" style=\"white-space:nowrap\"><psicon pokemon=\"Arceus\" style=\"vertical-align:-7px;margin:-2px\" \/>Arceus<\/a>, <a href=\"\/\/dex.pokemonshowdown.com\/pokemon\/articuno\" target=\"_blank\" class=\"subtle\" style=\"white-space:nowrap\"><psicon pokemon=\"Articuno\" style=\"vertical-align:-7px;margin:-2px\" \/>Articuno<\/a>, <a href=\"\/\/dex.pokemonshowdown.com\/pokemon\/axew\" target=\"_blank\" class=\"subtle\" style=\"white-space:nowrap\"><psicon pokemon=\"Axew\" style=\"vertical-align:-7px;margin:-2px\" \/>Axew<\/a>, <a href=\"\/\/dex.pokemonshowdown.com\/pokemon\/bagon\" target=\"_blank\" class=\"subtle\" style=\"white-space:nowrap\"><psicon pokemon=\"Bagon\" style=\"vertical-align:-7px;margin:-2px\" \/>Bagon<\/a>, <a href=\"\/\/dex.pokemonshowdown.com\/pokemon\/beartic\" target=\"_blank\" class=\"subtle\" style=\"white-space:nowrap\"><psicon pokemon=\"Beartic\" style=\"vertical-align:-7px;margin:-2px\" \/>Beartic<\/a>, <a href=\"\/\/dex.pokemonshowdown.com\/pokemon\/buizel\" target=\"_blank\" class=\"subtle\" style=\"white-space:nowrap\"><psicon pokemon=\"Buizel\" style=\"vertical-align:-7px;margin:-2px\" \/>Buizel<\/a>, and 122 more. <span style=\"color:#999999;\">Redo the search with ', all' at the end to show all results.<\/span><\/div>\n|c|\u2606theironpikachu%\u25d5\u203f\u25d5|!ds sleep talk, roar, spe > 100\n|c| theironpikachu%\u25d5\u203f\u25d5|\/raw <div class=\"infobox\"><a href=\"\/\/dex.pokemonshowdown.com\/pokemon\/arceus\" target=\"_blank\" class=\"subtle\" style=\"white-space:nowrap\"><psicon pokemon=\"Arceus\" style=\"vertical-align:-7px;margin:-2px\" \/>Arceus<\/a>, <a href=\"\/\/dex.pokemonshowdown.com\/pokemon\/espeon\" target=\"_blank\" class=\"subtle\" style=\"white-space:nowrap\"><psicon pokemon=\"Espeon\" style=\"vertical-align:-7px;margin:-2px\" \/>Espeon<\/a>, <a href=\"\/\/dex.pokemonshowdown.com\/pokemon\/floatzel\" target=\"_blank\" class=\"subtle\" style=\"white-space:nowrap\"><psicon pokemon=\"Floatzel\" style=\"vertical-align:-7px;margin:-2px\" \/>Floatzel<\/a>, <a href=\"\/\/dex.pokemonshowdown.com\/pokemon\/infernape\" target=\"_blank\" class=\"subtle\" style=\"white-space:nowrap\"><psicon pokemon=\"Infernape\" style=\"vertical-align:-7px;margin:-2px\" \/>Infernape<\/a>, <a href=\"\/\/dex.pokemonshowdown.com\/pokemon\/ironjugulis\" target=\"_blank\" class=\"subtle\" style=\"white-space:nowrap\"><psicon pokemon=\"Iron Jugulis\" style=\"vertical-align:-7px;margin:-2px\" \/>Iron Jugulis<\/a>, <a href=\"\/\/dex.pokemonshowdown.com\/pokemon\/jolteon\" target=\"_blank\" class=\"subtle\" style=\"white-space:nowrap\"><psicon pokemon=\"Jolteon\" style=\"vertical-align:-7px;margin:-2px\" \/>Jolteon<\/a>, <a href=\"\/\/dex.pokemonshowdown.com\/pokemon\/koraidon\" target=\"_blank\" class=\"subtle\" style=\"white-space:nowrap\"><psicon pokemon=\"Koraidon\" style=\"vertical-align:-7px;margin:-2px\" \/>Koraidon<\/a>, <a href=\"\/\/dex.pokemonshowdown.com\/pokemon\/lycanroc\" target=\"_blank\" class=\"subtle\" style=\"white-space:nowrap\"><psicon pokemon=\"Lycanroc\" style=\"vertical-align:-7px;margin:-2px\" \/>Lycanroc<\/a>, <a href=\"\/\/dex.pokemonshowdown.com\/pokemon\/ninetalesalola\" target=\"_blank\" class=\"subtle\" style=\"white-space:nowrap\"><psicon pokemon=\"Ninetales-Alola\" style=\"vertical-align:-7px;margin:-2px\" \/>Ninetales-Alola<\/a>, <a href=\"\/\/dex.pokemonshowdown.com\/pokemon\/palkiaorigin\" target=\"_blank\" class=\"subtle\" style=\"white-space:nowrap\"><psicon pokemon=\"Palkia-Origin\" style=\"vertical-align:-7px;margin:-2px\" \/>Palkia-Origin<\/a>, <a href=\"\/\/dex.pokemonshowdown.com\/pokemon\/persian\" target=\"_blank\" class=\"subtle\" style=\"white-space:nowrap\"><psicon pokemon=\"Persian\" style=\"vertical-align:-7px;margin:-2px\" \/>Persian<\/a>, <a href=\"\/\/dex.pokemonshowdown.com\/pokemon\/persianalola\" target=\"_blank\" class=\"subtle\" style=\"white-space:nowrap\"><psicon pokemon=\"Persian-Alola\" style=\"vertical-align:-7px;margin:-2px\" \/>Persian-Alola<\/a>, <a href=\"\/\/dex.pokemonshowdown.com\/pokemon\/pyroar\" target=\"_blank\" class=\"subtle\" style=\"white-space:nowrap\"><psicon pokemon=\"Pyroar\" style=\"vertical-align:-7px;margin:-2px\" \/>Pyroar<\/a>, <a href=\"\/\/dex.pokemonshowdown.com\/pokemon\/roaringmoon\" target=\"_blank\" class=\"subtle\" style=\"white-space:nowrap\"><psicon pokemon=\"Roaring Moon\" style=\"vertical-align:-7px;margin:-2px\" \/>Roaring Moon<\/a>, <a href=\"\/\/dex.pokemonshowdown.com\/pokemon\/screamtail\" target=\"_blank\" class=\"subtle\" style=\"white-space:nowrap\"><psicon pokemon=\"Scream Tail\" style=\"vertical-align:-7px;margin:-2px\" \/>Scream Tail<\/a>, <a href=\"\/\/dex.pokemonshowdown.com\/pokemon\/walkingwake\" target=\"_blank\" class=\"subtle\" style=\"white-space:nowrap\"><psicon pokemon=\"Walking Wake\" style=\"vertical-align:-7px;margin:-2px\" \/>Walking Wake<\/a>, <a href=\"\/\/dex.pokemonshowdown.com\/pokemon\/zamazenta\" target=\"_blank\" class=\"subtle\" style=\"white-space:nowrap\"><psicon pokemon=\"Zamazenta\" style=\"vertical-align:-7px;margin:-2px\" \/>Zamazenta<\/a>, <a href=\"\/\/dex.pokemonshowdown.com\/pokemon\/zarude\" target=\"_blank\" class=\"subtle\" style=\"white-space:nowrap\"><psicon pokemon=\"Zarude\" style=\"vertical-align:-7px;margin:-2px\" \/>Zarude<\/a>, <a href=\"\/\/dex.pokemonshowdown.com\/pokemon\/zoroark\" target=\"_blank\" class=\"subtle\" style=\"white-space:nowrap\"><psicon pokemon=\"Zoroark\" style=\"vertical-align:-7px;margin:-2px\" \/>Zoroark<\/a>, <a href=\"\/\/dex.pokemonshowdown.com\/pokemon\/zoroarkhisui\" target=\"_blank\" class=\"subtle\" style=\"white-space:nowrap\"><psicon pokemon=\"Zoroark-Hisui\" style=\"vertical-align:-7px;margin:-2px\" \/>Zoroark-Hisui<\/a><\/div>\n|\n|t:|1700616719\n|switch|p2a: Giratina|Giratina|100\/100\n|-damage|p2a: Giratina|88\/100|[from] Stealth Rock\n|-damage|p2a: Giratina|63\/100|[from] Spikes\n|move|p1a: Groudon|Roar|p2a: Giratina\n|move|p2a: Giratina|Roar|p1a: Groudon|[from]ability: Magic Bounce\n|drag|p1a: Dialga|Dialga|100\/100\n|-damage|p1a: Dialga|75\/100|[from] Spikes\n|-damage|p1a: Dialga|69\/100|[from] Stealth Rock\n|\n|upkeep\n|turn|11\n|inactive|theironpikachu%\u25d5\u203f\u25d5 has 60 seconds left.\n|\n|t:|1700616744\n|move|p2a: Giratina|Protect|p2a: Giratina\n|-singleturn|p2a: Giratina|Protect\n|move|p1a: Dialga|Dragon Tail|p2a: Giratina\n|-activate|p2a: Giratina|move: Protect\n|\n|upkeep\n|turn|12\n|inactive|theironpikachu%\u25d5\u203f\u25d5 has 60 seconds left.\n|j| artemisery\n|\n|t:|1700616778\n|move|p2a: Giratina|Will-O-Wisp|p1a: Dialga|[miss]\n|-miss|p2a: Giratina|p1a: Dialga\n|move|p1a: Dialga|Dragon Tail|p2a: Giratina\n|-supereffective|p2a: Giratina\n|-damage|p2a: Giratina|42\/100\n|drag|p2a: Avalugg|Avalugg-Hisui, F|100\/100\n|-damage|p2a: Avalugg|76\/100|[from] Stealth Rock\n|-damage|p2a: Avalugg|51\/100|[from] Spikes\n|\n|upkeep\n|turn|13\n|inactive|theironpikachu%\u25d5\u203f\u25d5 has 30 seconds left.\n|inactive|theironpikachu%\u25d5\u203f\u25d5 has 20 seconds left.\n|\n|t:|1700616813\n|move|p1a: Dialga|Body Press|p2a: Avalugg\n|-supereffective|p2a: Avalugg\n|-damage|p2a: Avalugg|28\/100\n|move|p2a: Avalugg|Recover|p2a: Avalugg\n|-heal|p2a: Avalugg|78\/100\n|\n|upkeep\n|turn|14\n|inactive|theironpikachu%\u25d5\u203f\u25d5 has 30 seconds left this turn.\n|\n|t:|1700616824\n|move|p2a: Avalugg|Heavy Slam|p1a: Dialga\n|-immune|p1a: Dialga|[from] ability: Wonder Guard\n|move|p1a: Dialga|Dragon Tail|p2a: Avalugg\n|-damage|p2a: Avalugg|74\/100\n|drag|p2a: Giratina|Giratina|42\/100\n|-damage|p2a: Giratina|30\/100|[from] Stealth Rock\n|-damage|p2a: Giratina|5\/100|[from] Spikes\n|\n|upkeep\n|turn|15\n|c| artemisery|havalugg is fatty\n|inactive|theironpikachu%\u25d5\u203f\u25d5 has 30 seconds left.\n|inactive|theironpikachu%\u25d5\u203f\u25d5 has 20 seconds left.\n|inactive|theironpikachu%\u25d5\u203f\u25d5 has 15 seconds left.\n|c|\u2606theironpikachu%\u25d5\u203f\u25d5|trye\n|inactive|theironpikachu%\u25d5\u203f\u25d5 has 10 seconds left.\n|\n|t:|1700616850\n|move|p2a: Giratina|Protect|p2a: Giratina\n|-singleturn|p2a: Giratina|Protect\n|move|p1a: Dialga|Dragon Tail|p2a: Giratina\n|-activate|p2a: Giratina|move: Protect\n|\n|upkeep\n|turn|16\n|inactive|theironpikachu%\u25d5\u203f\u25d5 has 20 seconds left this turn.\n|inactive|theironpikachu%\u25d5\u203f\u25d5 has 15 seconds left.\n|\n|t:|1700616857\n|-terastallize|p2a: Giratina|Fairy\n|move|p2a: Giratina|Rest|p2a: Giratina\n|-status|p2a: Giratina|slp|[from] move: Rest\n|-heal|p2a: Giratina|100\/100 slp|[silent]\n|move|p1a: Dialga|Dragon Tail|p2a: Giratina\n|-immune|p2a: Giratina\n|\n|upkeep\n|turn|17\n|inactive|theironpikachu%\u25d5\u203f\u25d5 has 25 seconds left this turn.\n|inactive|theironpikachu%\u25d5\u203f\u25d5 has 20 seconds left.\n|inactive|theironpikachu%\u25d5\u203f\u25d5 has 15 seconds left.\n|inactive|theironpikachu%\u25d5\u203f\u25d5 has 10 seconds left.\n|\n|t:|1700616875\n|cant|p2a: Giratina|slp\n|move|p1a: Dialga|Earthquake|p2a: Giratina\n|-damage|p2a: Giratina|90\/100 slp\n|\n|upkeep\n|turn|18\n|inactive|theironpikachu%\u25d5\u203f\u25d5 has 20 seconds left this turn.\n|\n|t:|1700616879\n|cant|p2a: Giratina|slp\n|move|p1a: Dialga|Earthquake|p2a: Giratina\n|-damage|p2a: Giratina|77\/100 slp\n|\n|upkeep\n|turn|19\n|inactive|theironpikachu%\u25d5\u203f\u25d5 has 30 seconds left this turn.\n|\n|t:|1700616885\n|switch|p1a: Regieleki|Regieleki|100\/100\n|-damage|p1a: Regieleki|76\/100|[from] Spikes\n|-damage|p1a: Regieleki|63\/100|[from] Stealth Rock\n|-status|p1a: Regieleki|tox\n|-curestatus|p2a: Giratina|slp|[msg]\n|move|p2a: Giratina|Will-O-Wisp||[still]\n|-fail|p2a: Giratina\n|\n|-damage|p1a: Regieleki|57\/100 tox|[from] psn\n|upkeep\n|turn|20\n|\n|t:|1700616892\n|move|p2a: Giratina|Protect|p2a: Giratina\n|-singleturn|p2a: Giratina|Protect\n|move|p1a: Regieleki|Rapid Spin|p2a: Giratina\n|-activate|p2a: Giratina|move: Protect\n|\n|-damage|p1a: Regieleki|45\/100 tox|[from] psn\n|upkeep\n|turn|21\n|\n|t:|1700616908\n|move|p2a: Giratina|Protect|p2a: Giratina\n|-singleturn|p2a: Giratina|Protect\n|move|p1a: Regieleki|Rapid Spin|p2a: Giratina\n|-activate|p2a: Giratina|move: Protect\n|\n|-damage|p1a: Regieleki|27\/100 tox|[from] psn\n|upkeep\n|turn|22\n|inactive|theironpikachu%\u25d5\u203f\u25d5 has 30 seconds left.\n|\n|t:|1700616931\n|move|p2a: Giratina|Protect||[still]\n|-fail|p2a: Giratina\n|move|p1a: Regieleki|Rapid Spin|p2a: Giratina\n|-damage|p2a: Giratina|73\/100\n|-boost|p1a: Regieleki|spe|1\n|-sideend|p1: theironpikachu%\u25d5\u203f\u25d5|Spikes|[from] move: Rapid Spin|[of] p1a: Regieleki\n|-sideend|p1: theironpikachu%\u25d5\u203f\u25d5|Toxic Spikes|[from] move: Rapid Spin|[of] p1a: Regieleki\n|-sideend|p1: theironpikachu%\u25d5\u203f\u25d5|Stealth Rock|[from] move: Rapid Spin|[of] p1a: Regieleki\n|\n|-damage|p1a: Regieleki|3\/100 tox|[from] psn\n|upkeep\n|turn|23\n|inactive|theironpikachu%\u25d5\u203f\u25d5 has 30 seconds left.\n|c| Hiusi guy %\u25d5\u203f\u203f\u25d5%|bwomp\n|inactive|theironpikachu%\u25d5\u203f\u25d5 has 20 seconds left.\n|inactive|theironpikachu%\u25d5\u203f\u25d5 has 15 seconds left.\n|inactive|theironpikachu%\u25d5\u203f\u25d5 has 10 seconds left.\n|inactive|theironpikachu%\u25d5\u203f\u25d5 has 5 seconds left.\n|\n|t:|1700616965\n|move|p2a: Giratina|Protect|p2a: Giratina\n|-singleturn|p2a: Giratina|Protect\n|move|p1a: Regieleki|Volt Switch|p2a: Giratina\n|-activate|p2a: Giratina|move: Protect\n|\n|-damage|p1a: Regieleki|0 fnt|[from] psn\n|faint|p1a: Regieleki\n|upkeep\n|inactive|theironpikachu%\u25d5\u203f\u25d5 has 10 seconds left this turn.\n|\n|t:|1700616968\n|switch|p1a: Groudon|Groudon|84\/100\n|turn|24\n|inactive|theironpikachu%\u25d5\u203f\u25d5 has 20 seconds left this turn.\n|inactive|theironpikachu%\u25d5\u203f\u25d5 has 15 seconds left.\n|\n|t:|1700616973\n|move|p2a: Giratina|Will-O-Wisp|p1a: Groudon|[miss]\n|-miss|p2a: Giratina|p1a: Groudon\n|move|p1a: Groudon|Roar|p2a: Giratina\n|move|p2a: Giratina|Roar|p1a: Groudon|[from]ability: Magic Bounce\n|drag|p1a: Arceus|Arceus-Ghost|100\/100\n|\n|upkeep\n|turn|25\n|inactive|theironpikachu%\u25d5\u203f\u25d5 has 25 seconds left this turn.\n|inactive|theironpikachu%\u25d5\u203f\u25d5 has 20 seconds left.\n|j| LocalMetagross\n|inactive|theironpikachu%\u25d5\u203f\u25d5 has 15 seconds left.\n|c|\u2606theironpikachu%\u25d5\u203f\u25d5|right\n|inactive|theironpikachu%\u25d5\u203f\u25d5 has 10 seconds left.\n|\n|t:|1700616990\n|switch|p1a: Azelf|Azelf|100\/100\n|-ability|p1a: Azelf|Neutralizing Gas\n|-block|p2a: Giratina|item: Ability Shield\n|move|p2a: Giratina|Protect||[still]\n|-fail|p2a: Giratina\n|\n|upkeep\n|turn|26\n|inactive|theironpikachu%\u25d5\u203f\u25d5 has 20 seconds left this turn.\n|\n|t:|1700616996\n|move|p1a: Azelf|Knock Off|p2a: Giratina\n|-resisted|p2a: Giratina\n|-damage|p2a: Giratina|66\/100\n|-enditem|p2a: Giratina|Ability Shield|[from] move: Knock Off|[of] p1a: Azelf\n|move|p2a: Giratina|Will-O-Wisp|p1a: Azelf\n|-status|p1a: Azelf|brn\n|\n|-damage|p1a: Azelf|94\/100 brn|[from] brn\n|upkeep\n|turn|27\n|inactive|theironpikachu%\u25d5\u203f\u25d5 has 30 seconds left this turn.\n|inactive|theironpikachu%\u25d5\u203f\u25d5 has 20 seconds left.\n|inactive|theironpikachu%\u25d5\u203f\u25d5 has 15 seconds left.\n|inactive|theironpikachu%\u25d5\u203f\u25d5 has 10 seconds left.\n|\n|t:|1700617018\n|switch|p2a: Avalugg|Avalugg-Hisui, F|74\/100\n|-damage|p2a: Avalugg|49\/100|[from] Stealth Rock\n|-damage|p2a: Avalugg|24\/100|[from] Spikes\n|move|p1a: Azelf|Taunt|p2a: Avalugg\n|-start|p2a: Avalugg|move: Taunt\n|\n|-heal|p1a: Azelf|100\/100 brn|[from] item: Leftovers\n|-damage|p1a: Azelf|94\/100 brn|[from] brn\n|upkeep\n|turn|28\n|inactive|theironpikachu%\u25d5\u203f\u25d5 has 20 seconds left this turn.\n|\n|t:|1700617023\n|move|p1a: Azelf|U-turn|p2a: Avalugg\n|-crit|p2a: Avalugg\n|-damage|p2a: Avalugg|20\/100\n|inactive|theironpikachu%\u25d5\u203f\u25d5 has 25 seconds left this turn.\n|inactive|theironpikachu%\u25d5\u203f\u25d5 has 20 seconds left.\n|\n|t:|1700617031\n|-end|p1a: Azelf|ability: Neutralizing Gas\n|switch|p1a: Arceus|Arceus|100\/100|[from] U-turn\n|move|p2a: Avalugg|Heavy Slam|p1a: Arceus\n|-immune|p1a: Arceus|[from] ability: Wonder Guard\n|\n|upkeep\n|turn|29\n|inactive|theironpikachu%\u25d5\u203f\u25d5 has 30 seconds left this turn.\n|\n|t:|1700617034\n|move|p1a: Arceus|Earthquake|p2a: Avalugg\n|-supereffective|p2a: Avalugg\n|-damage|p2a: Avalugg|10\/100\n|move|p2a: Avalugg|Heavy Slam|p1a: Arceus\n|-immune|p1a: Arceus|[from] ability: Wonder Guard\n|\n|-end|p2a: Avalugg|move: Taunt\n|upkeep\n|turn|30\n|\n|t:|1700617039\n|move|p1a: Arceus|Earthquake|p2a: Avalugg\n|-supereffective|p2a: Avalugg\n|-damage|p2a: Avalugg|0 fnt\n|faint|p2a: Avalugg\n|\n|upkeep\n|j| MrCatKing07\n|\n|t:|1700617041\n|switch|p2a: Ting-Lu|Ting-Lu|82\/100 brn\n|-damage|p2a: Ting-Lu|76\/100 brn|[from] Stealth Rock\n|-damage|p2a: Ting-Lu|51\/100 brn|[from] Spikes\n|-ability|p2a: Ting-Lu|Mold Breaker\n|turn|31\n|\n|t:|1700617052\n|switch|p1a: Groudon|Groudon|84\/100\n|move|p2a: Ting-Lu|Spikes|p1a: Groudon\n|-sidestart|p1: theironpikachu%\u25d5\u203f\u25d5|Spikes\n|\n|-damage|p2a: Ting-Lu|44\/100 brn|[from] brn\n|upkeep\n|turn|32\n|\n|t:|1700617055\n|move|p2a: Ting-Lu|Stealth Rock|p1a: Groudon\n|-sidestart|p1: theironpikachu%\u25d5\u203f\u25d5|move: Stealth Rock\n|move|p1a: Groudon|Roar|p2a: Ting-Lu\n|drag|p2a: Giratina|Giratina, tera:Fairy|66\/100\n|-damage|p2a: Giratina|54\/100|[from] Stealth Rock\n|-damage|p2a: Giratina|29\/100|[from] Spikes\n|\n|upkeep\n|turn|33\n|inactive|theironpikachu%\u25d5\u203f\u25d5 has 60 seconds left.\n|\n|t:|1700617063\n|switch|p1a: Azelf|Azelf|94\/100 brn\n|-ability|p1a: Azelf|Neutralizing Gas\n|-damage|p1a: Azelf|82\/100 brn|[from] Spikes\n|-damage|p1a: Azelf|70\/100 brn|[from] Stealth Rock\n|move|p2a: Giratina|Rest|p2a: Giratina\n|-status|p2a: Giratina|slp|[from] move: Rest\n|-heal|p2a: Giratina|100\/100 slp|[silent]\n|\n|-heal|p1a: Azelf|76\/100 brn|[from] item: Leftovers\n|-damage|p1a: Azelf|70\/100 brn|[from] brn\n|upkeep\n|turn|34\n|c| MrCatKing07|what\n|\n|t:|1700617066\n|cant|p2a: Giratina|slp\n|move|p1a: Azelf|Taunt|p2a: Giratina\n|-start|p2a: Giratina|move: Taunt\n|\n|-heal|p1a: Azelf|76\/100 brn|[from] item: Leftovers\n|-damage|p1a: Azelf|70\/100 brn|[from] brn\n|upkeep\n|turn|35\n|c|\u2606theironpikachu%\u25d5\u203f\u25d5|?\n|c| MrCatKing07|how do u have mold breaker?\n|c|\u2606theironpikachu%\u25d5\u203f\u25d5|its aaa\n|\n|t:|1700617083\n|move|p1a: Azelf|U-turn|p2a: Giratina\n|-resisted|p2a: Giratina\n|-damage|p2a: Giratina|98\/100 slp\n|c| MrCatKing07|oh yeahh\n|inactive|theironpikachu%\u25d5\u203f\u25d5 has 60 seconds left.\n|\n|t:|1700617119\n|-end|p1a: Azelf|ability: Neutralizing Gas\n|switch|p1a: Arceus|Arceus-Ghost|100\/100|[from] U-turn\n|-damage|p1a: Arceus|88\/100|[from] Spikes\n|-damage|p1a: Arceus|76\/100|[from] Stealth Rock\n|cant|p2a: Giratina|slp\n|\n|-heal|p1a: Arceus|82\/100|[from] item: Leftovers\n|upkeep\n|turn|36\n|inactive|theironpikachu%\u25d5\u203f\u25d5 has 30 seconds left.\n|inactive|theironpikachu%\u25d5\u203f\u25d5 has 20 seconds left.\n|\n|t:|1700617145\n|move|p1a: Arceus|Extreme Speed|p2a: Giratina\n|-damage|p2a: Giratina|85\/100 slp\n|-curestatus|p2a: Giratina|slp|[msg]\n|move|p2a: Giratina|Dragon Tail|p1a: Arceus\n|-immune|p1a: Arceus|[from] ability: Wonder Guard\n|\n|-heal|p1a: Arceus|88\/100|[from] item: Leftovers\n|upkeep\n|turn|37\n|inactive|theironpikachu%\u25d5\u203f\u25d5 has 30 seconds left this turn.\n|\n|t:|1700617153\n|switch|p2a: Corviknight|Corviknight, M|88\/100\n|-damage|p2a: Corviknight|76\/100|[from] Stealth Rock\n|move|p1a: Arceus|Earthquake|p2a: Corviknight\n|-immune|p2a: Corviknight\n|\n|-heal|p1a: Arceus|94\/100|[from] item: Leftovers\n|upkeep\n|turn|38\n|inactive|theironpikachu%\u25d5\u203f\u25d5 has 30 seconds left.\n|l| LocalMetagross\n|\n|t:|1700617161\n|switch|p1a: Dialga|Dialga|69\/100\n|-damage|p1a: Dialga|57\/100|[from] Spikes\n|-damage|p1a: Dialga|51\/100|[from] Stealth Rock\n|move|p2a: Corviknight|U-turn|p1a: Dialga\n|-immune|p1a: Dialga|[from] ability: Wonder Guard\n|\n|upkeep\n|turn|39\n|\n|t:|1700617163\n|move|p2a: Corviknight|Body Press|p1a: Dialga\n|-supereffective|p1a: Dialga\n|-damage|p1a: Dialga|22\/100\n|move|p1a: Dialga|Dragon Tail|p2a: Corviknight\n|-resisted|p2a: Corviknight\n|-damage|p2a: Corviknight|72\/100\n|drag|p2a: Ting-Lu|Ting-Lu|44\/100 brn\n|-damage|p2a: Ting-Lu|38\/100 brn|[from] Stealth Rock\n|-damage|p2a: Ting-Lu|13\/100 brn|[from] Spikes\n|-ability|p2a: Ting-Lu|Mold Breaker\n|\n|-damage|p2a: Ting-Lu|7\/100 brn|[from] brn\n|upkeep\n|turn|40\n|l| MrCatKing07\n|inactive|theironpikachu%\u25d5\u203f\u25d5 has 30 seconds left.\n|\n|t:|1700617190\n|move|p2a: Ting-Lu|Spikes|p1a: Dialga\n|-sidestart|p1: theironpikachu%\u25d5\u203f\u25d5|Spikes\n|move|p1a: Dialga|Dragon Tail|p2a: Ting-Lu|[miss]\n|-miss|p1a: Dialga|p2a: Ting-Lu\n|\n|-damage|p2a: Ting-Lu|1\/100 brn|[from] brn\n|upkeep\n|turn|41\n|\n|t:|1700617195\n|move|p1a: Dialga|Body Press|p2a: Ting-Lu\n|-supereffective|p2a: Ting-Lu\n|-damage|p2a: Ting-Lu|0 fnt\n|faint|p2a: Ting-Lu\n|\n|upkeep\n|\n|t:|1700617198\n|switch|p2a: Koraidon|Koraidon|69\/100\n|-damage|p2a: Koraidon|63\/100|[from] Stealth Rock\n|-damage|p2a: Koraidon|38\/100|[from] Spikes\n|-ability|p2a: Koraidon|Comatose\n|turn|42\n|c|\u2606HeavenBurningLight|Man I wish I had only roar\n|c|\u2606HeavenBurningLight|No dtail\n|inactive|theironpikachu%\u25d5\u203f\u25d5 has 30 seconds left.\n|l| artemisery\n|inactive|theironpikachu%\u25d5\u203f\u25d5 has 20 seconds left.\n|\n|t:|1700617229\n|move|p2a: Koraidon|Sleep Talk|p2a: Koraidon\n|move|p2a: Koraidon|Dragon Tail|p1a: Dialga|[from]move: Sleep Talk\n|-immune|p1a: Dialga|[from] ability: Wonder Guard\n|move|p1a: Dialga|Dragon Tail|p2a: Koraidon\n|-supereffective|p2a: Koraidon\n|-damage|p2a: Koraidon|0 fnt\n|faint|p2a: Koraidon\n|\n|upkeep\n|inactive|theironpikachu%\u25d5\u203f\u25d5 has 25 seconds left this turn.\n|c|\u2606theironpikachu%\u25d5\u203f\u25d5|would be insane\n|\n|t:|1700617233\n|switch|p2a: Giratina|Giratina, tera:Fairy|85\/100\n|-damage|p2a: Giratina|72\/100|[from] Stealth Rock\n|-damage|p2a: Giratina|47\/100|[from] Spikes\n|turn|43\n|c|\u2606HeavenBurningLight|! showset 6\n|c|\u2606HeavenBurningLight|!showset 6\n|c| HeavenBurningLight|\/raw <div class=\"infobox\">Koraidon @ Choice Scarf  <br \/>Ability: Comatose  <br \/>Hidden Power: Ghost  <br \/>Tera Type: Ghost  <br \/>EVs: 252 HP &#x2f; 4 SpD &#x2f; 252 Spe  <br \/>Jolly Nature  <br \/>- Roar  <br \/>- Dragon Tail  <br \/>- Sleep Talk  <br \/><br \/><\/div>\n|c|\u2606theironpikachu%\u25d5\u203f\u25d5|ahhh\n|\n|t:|1700617262\n|move|p2a: Giratina|Will-O-Wisp|p1a: Dialga\n|-status|p1a: Dialga|brn\n|move|p1a: Dialga|Earthquake|p2a: Giratina\n|-damage|p2a: Giratina|41\/100\n|\n|-damage|p1a: Dialga|15\/100 brn|[from] brn\n|upkeep\n|turn|44\n|\n|t:|1700617269\n|move|p2a: Giratina|Protect|p2a: Giratina\n|-singleturn|p2a: Giratina|Protect\n|move|p1a: Dialga|Earthquake|p2a: Giratina\n|-activate|p2a: Giratina|move: Protect\n|\n|-damage|p1a: Dialga|9\/100 brn|[from] brn\n|upkeep\n|turn|45\n|inactive|theironpikachu%\u25d5\u203f\u25d5 has 30 seconds left.\n|inactive|theironpikachu%\u25d5\u203f\u25d5 has 20 seconds left.\n|inactive|theironpikachu%\u25d5\u203f\u25d5 has 15 seconds left.\n|inactive|theironpikachu%\u25d5\u203f\u25d5 has 10 seconds left.\n|inactive|theironpikachu%\u25d5\u203f\u25d5 has 5 seconds left.\n|\n|t:|1700617316\n|move|p2a: Giratina|Rest|p2a: Giratina\n|-status|p2a: Giratina|slp|[from] move: Rest\n|-heal|p2a: Giratina|100\/100 slp|[silent]\n|move|p1a: Dialga|Earthquake|p2a: Giratina\n|-damage|p2a: Giratina|95\/100 slp\n|\n|-damage|p1a: Dialga|3\/100 brn|[from] brn\n|upkeep\n|turn|46\n|inactive|theironpikachu%\u25d5\u203f\u25d5 has 15 seconds left this turn.\n|\n|t:|1700617318\n|cant|p2a: Giratina|slp\n|move|p1a: Dialga|Earthquake|p2a: Giratina\n|-damage|p2a: Giratina|89\/100 slp\n|\n|-damage|p1a: Dialga|0 fnt|[from] brn\n|faint|p1a: Dialga\n|upkeep\n|inactive|theironpikachu%\u25d5\u203f\u25d5 has 20 seconds left this turn.\n|inactive|theironpikachu%\u25d5\u203f\u25d5 has 15 seconds left.\n|\n|t:|1700617324\n|switch|p1a: Arceus|Arceus-Ghost|94\/100\n|-damage|p1a: Arceus|77\/100|[from] Spikes\n|-damage|p1a: Arceus|65\/100|[from] Stealth Rock\n|turn|47\n|inactive|theironpikachu%\u25d5\u203f\u25d5 has 25 seconds left this turn.\n|\n|t:|1700617327\n|cant|p2a: Giratina|slp\n|move|p1a: Arceus|Taunt|p2a: Giratina\n|move|p2a: Giratina|Taunt|p1a: Arceus|[from]ability: Magic Bounce\n|-start|p1a: Arceus|move: Taunt\n|\n|-heal|p1a: Arceus|71\/100|[from] item: Leftovers\n|upkeep\n|turn|48\n|c|\u2606theironpikachu%\u25d5\u203f\u25d5|oops\n|inactive|theironpikachu%\u25d5\u203f\u25d5 has 30 seconds left.\n|c|\u2606theironpikachu%\u25d5\u203f\u25d5|lmao\n|\n|t:|1700617335\n|switch|p1a: Azelf|Azelf|70\/100 brn\n|-ability|p1a: Azelf|Neutralizing Gas\n|-damage|p1a: Azelf|53\/100 brn|[from] Spikes\n|-damage|p1a: Azelf|41\/100 brn|[from] Stealth Rock\n|-curestatus|p2a: Giratina|slp|[msg]\n|move|p2a: Giratina|Will-O-Wisp|p1a: Azelf\n|-fail|p1a: Azelf|brn\n|\n|-heal|p1a: Azelf|47\/100 brn|[from] item: Leftovers\n|-damage|p1a: Azelf|41\/100 brn|[from] brn\n|upkeep\n|turn|49\n|\n|t:|1700617338\n|move|p2a: Giratina|Protect|p2a: Giratina\n|-singleturn|p2a: Giratina|Protect\n|move|p1a: Azelf|Taunt|p2a: Giratina\n|-activate|p2a: Giratina|move: Protect\n|\n|-heal|p1a: Azelf|47\/100 brn|[from] item: Leftovers\n|-damage|p1a: Azelf|41\/100 brn|[from] brn\n|upkeep\n|turn|50\n|\n|t:|1700617342\n|switch|p2a: Corviknight|Corviknight, M|72\/100\n|-damage|p2a: Corviknight|60\/100|[from] Stealth Rock\n|move|p1a: Azelf|Taunt|p2a: Corviknight\n|-start|p2a: Corviknight|move: Taunt\n|\n|-heal|p1a: Azelf|47\/100 brn|[from] item: Leftovers\n|-damage|p1a: Azelf|41\/100 brn|[from] brn\n|upkeep\n|turn|51\n|\n|t:|1700617346\n|move|p1a: Azelf|Knock Off|p2a: Corviknight\n|-damage|p2a: Corviknight|55\/100\n|-enditem|p2a: Corviknight|Ability Shield|[from] move: Knock Off|[of] p1a: Azelf\n|move|p2a: Corviknight|U-turn|p1a: Azelf\n|-supereffective|p1a: Azelf\n|-damage|p1a: Azelf|0 fnt\n|faint|p1a: Azelf\n|-end|p1a: Azelf|ability: Neutralizing Gas\n|\n|t:|1700617348\n|switch|p2a: Giratina|Giratina, tera:Fairy|89\/100|[from] U-turn\n|-damage|p2a: Giratina|77\/100|[from] Stealth Rock\n|-damage|p2a: Giratina|52\/100|[from] Spikes\n|\n|upkeep\n|inactive|theironpikachu%\u25d5\u203f\u25d5 has 60 seconds left.\n|\n|t:|1700617365\n|switch|p1a: Arceus|Arceus-Ghost|71\/100\n|-damage|p1a: Arceus|54\/100|[from] Spikes\n|-damage|p1a: Arceus|42\/100|[from] Stealth Rock\n|turn|52\n|\n|t:|1700617371\n|move|p1a: Arceus|Recover|p1a: Arceus\n|-heal|p1a: Arceus|92\/100\n|move|p2a: Giratina|Will-O-Wisp|p1a: Arceus\n|-status|p1a: Arceus|brn\n|\n|-heal|p1a: Arceus|98\/100 brn|[from] item: Leftovers\n|-damage|p1a: Arceus|92\/100 brn|[from] brn\n|upkeep\n|turn|53\n|inactive|theironpikachu%\u25d5\u203f\u25d5 has 60 seconds left.\n|c|\u2606HeavenBurningLight|Ggs\n|-message|HeavenBurningLight forfeited.\n|\n|win|theironpikachu%\u25d5\u203f\u25d5\n|n|\u2606theironpikachu%\u25d5\u203f\u25d5|theironpikachu\n|n|\u2606HeavenBurningLight|heavenburninglight\n|n| default0|default0\n|n| Hiusi guy %\u25d5\u203f\u203f\u25d5%|hiusiguy\n|n| Dregone|dregone\n|n| Pure Hackmons|purehackmons\n","uploadtime":1700617394,"views":4,"p1id":"theironpikachu","p2id":"heavenburninglight","formatid":"gen9anythinggoes","rating":0,"private":0,"password":""}