{"id":"gen9anythinggoes-1979571637","p1":"DravvyDrav","p2":"Dravos7","format":"[Gen 9] Anything Goes","log":"|j|\u2606DravvyDrav\n|j|\u2606Dravos7\n|t:|1698693260\n|gametype|singles\n|player|p1|DravvyDrav|265|\n|player|p2|Dravos7|riley|\n|teamsize|p1|3\n|teamsize|p2|3\n|gen|9\n|tier|[Gen 9] Anything Goes\n|rule|HP Percentage Mod: HP is shown in percentages\n|rule|Endless Battle Clause: Forcing endless battles is banned\n|clearpoke\n|poke|p1|Sinistcha|\n|poke|p1|Scizor, M|\n|poke|p1|Glimmora, M|\n|poke|p2|Sinistcha|\n|poke|p2|Scizor, F|\n|poke|p2|Glimmora, M|\n|teampreview\n|\n|t:|1698693264\n|start\n|switch|p1a: Glimmora|Glimmora, M|100\/100\n|switch|p2a: Scizor|Scizor, F|100\/100\n|turn|1\n|\n|t:|1698693270\n|move|p1a: Glimmora|Sludge Wave|p2a: Scizor\n|-immune|p2a: Scizor\n|move|p2a: Scizor|Knock Off|p1a: Glimmora\n|-damage|p1a: Glimmora|88\/100\n|-activate|p1a: Glimmora|ability: Toxic Debris\n|-sidestart|p2: Dravos7|move: Toxic Spikes\n|\n|upkeep\n|turn|2\n|\n|t:|1698693282\n|switch|p1a: Scizor|Scizor, M|100\/100\n|move|p2a: Scizor|Knock Off|p1a: Scizor\n|-damage|p1a: Scizor|71\/100\n|-enditem|p1a: Scizor|Protective Pads|[from] move: Knock Off|[of] p2a: Scizor\n|\n|upkeep\n|turn|3\n|-message|DravvyDrav forfeited.\n|\n|win|Dravos7\n|l|\u2606DravvyDrav\n","uploadtime":1698693293,"views":7,"p1id":"dravvydrav","p2id":"dravos7","formatid":"gen9anythinggoes","rating":0,"private":0,"password":""}