{"id":"gen9anythinggoes-1985179122","p1":"yaboilandon","p2":"speeds boy","format":"[Gen 9] Anything Goes","log":"|j|\u2606yaboilandon\n|j|\u2606speeds boy\n|t:|1699344013\n|gametype|singles\n|player|p1|yaboilandon|265|1066\n|player|p2|speeds boy|unknownf|1000\n|teamsize|p1|6\n|teamsize|p2|3\n|gen|9\n|tier|[Gen 9] Anything Goes\n|rated|\n|rule|HP Percentage Mod: HP is shown in percentages\n|rule|Endless Battle Clause: Forcing endless battles is banned\n|clearpoke\n|poke|p1|Iron Hands|\n|poke|p1|Chesnaught, F|\n|poke|p1|Torkoal, F|\n|poke|p1|Cloyster, F|\n|poke|p1|Charizard, F|\n|poke|p1|Baxcalibur, M|\n|poke|p2|Zacian-*|\n|poke|p2|Greninja-*, M|\n|poke|p2|Regieleki|\n|teampreview\n|inactive|Battle timer is ON: inactive players will automatically lose when time's up. (requested by speeds boy)\n|c|\u2606yaboilandon|uh oh\n|\n|t:|1699344029\n|start\n|switch|p1a: Cloyster|Cloyster, F|100\/100\n|switch|p2a: fairy dog|Zacian-Crowned|100\/100\n|-ability|p2a: fairy dog|Intrepid Sword|boost\n|-boost|p2a: fairy dog|atk|1\n|turn|1\n|\n|t:|1699344040\n|move|p2a: fairy dog|Behemoth Blade|p1a: Cloyster\n|-damage|p1a: Cloyster|48\/100\n|move|p1a: Cloyster|Shell Smash|p1a: Cloyster\n|-unboost|p1a: Cloyster|def|1\n|-unboost|p1a: Cloyster|spd|1\n|-boost|p1a: Cloyster|atk|2\n|-boost|p1a: Cloyster|spa|2\n|-boost|p1a: Cloyster|spe|2\n|\n|upkeep\n|turn|2\n|\n|t:|1699344051\n|move|p1a: Cloyster|Blizzard|p2a: fairy dog\n|-resisted|p2a: fairy dog\n|-damage|p2a: fairy dog|69\/100\n|-status|p2a: fairy dog|frz\n|-damage|p1a: Cloyster|38\/100|[from] item: Life Orb\n|cant|p2a: fairy dog|frz\n|\n|upkeep\n|turn|3\n|\n|t:|1699344061\n|switch|p2a: I AM SPEED|Regieleki|100\/100\n|move|p1a: Cloyster|Hydro Pump|p2a: I AM SPEED\n|-damage|p2a: I AM SPEED|0 fnt\n|faint|p2a: I AM SPEED\n|-damage|p1a: Cloyster|28\/100|[from] item: Life Orb\n|\n|upkeep\n|-message|speeds boy forfeited.\n|\n|win|yaboilandon\n|raw|yaboilandon's rating: 1066 &rarr; <strong>1090<\/strong><br \/>(+24 for winning)\n|raw|speeds boy's rating: 1000 &rarr; <strong>1000<\/strong><br \/>(+0 for losing)\n|l|\u2606speeds boy\n|c|\u2606yaboilandon|huh\n","uploadtime":1699344076,"views":6,"p1id":"yaboilandon","p2id":"speedsboy","formatid":"gen9anythinggoes","rating":1000,"private":0,"password":""}