{"id":"gen9anythinggoes-1994852229","p1":"LordCeobal","p2":"Daice","format":"[Gen 9] Anything Goes","log":"|j|\u2606LordCeobal\n|j|\u2606Daice\n|t:|1700498676\n|gametype|singles\n|player|p1|LordCeobal|hoopster|1073\n|player|p2|Daice|iris|1099\n|teamsize|p1|6\n|teamsize|p2|6\n|gen|9\n|tier|[Gen 9] Anything Goes\n|rated|\n|rule|HP Percentage Mod: HP is shown in percentages\n|rule|Endless Battle Clause: Forcing endless battles is banned\n|clearpoke\n|poke|p1|Kingambit, M|\n|poke|p1|Salazzle, F|\n|poke|p1|Abomasnow, M|\n|poke|p1|Rayquaza|\n|poke|p1|Urshifu-*, M|\n|poke|p1|Krookodile, M|\n|poke|p2|Cyclizar, M|\n|poke|p2|Glimmora, M|\n|poke|p2|Drifblim, M|\n|poke|p2|Espathra, F|\n|poke|p2|Armarouge, M|\n|poke|p2|Dudunsparce-*, F|\n|teampreview\n|inactive|Battle timer is ON: inactive players will automatically lose when time's up. (requested by LordCeobal)\n|c|\u2606LordCeobal|te vas a cagar\n|j| Zangoose360\n|c|\u2606Daice|???\n|\n|t:|1700498698\n|start\n|switch|p1a: Salazzle|Salazzle, F|100\/100\n|switch|p2a: Cyclone|Cyclizar, M|100\/100\n|turn|1\n|c|\u2606LordCeobal|que te vas a cagar digo\n|\n|t:|1700498708\n|move|p2a: Cyclone|Taunt|p1a: Salazzle\n|-start|p1a: Salazzle|move: Taunt\n|cant|p1a: Salazzle|move: Taunt|Taunt\n|\n|upkeep\n|turn|2\n|c|\u2606LordCeobal|hijo puta\n|c|\u2606LordCeobal|pues igual me cago yo\n|\n|t:|1700498726\n|switch|p1a: Taizan|Urshifu-Rapid-Strike, M|100\/100\n|move|p2a: Cyclone|Shed Tail|p2a: Cyclone\n|-start|p2a: Cyclone|Substitute|[from] move: Shed Tail\n|-damage|p2a: Cyclone|50\/100\n|\n|t:|1700498732\n|switch|p2a: Ore|Glimmora, M|100\/100|[from] Shed Tail\n|\n|upkeep\n|turn|3\n|-message|LordCeobal forfeited.\n|\n|win|Daice\n|raw|LordCeobal's rating: 1073 &rarr; <strong>1054<\/strong><br \/>(-19 for losing)\n|raw|Daice's rating: 1099 &rarr; <strong>1122<\/strong><br \/>(+23 for winning)\n|l|\u2606LordCeobal\n|l| Zangoose360\n","uploadtime":1700498715,"views":0,"p1id":"lordceobal","p2id":"daice","formatid":"gen9anythinggoes","rating":1054,"private":0,"password":""}