{"id":"gen9anythinggoes-1987839142","p1":"Gooooper","p2":"Bakitaladelbarrio","format":"[Gen 9] Anything Goes","log":"|j|\u2606Gooooper\n|j|\u2606Bakitaladelbarrio\n|t:|1699641575\n|gametype|singles\n|player|p1|Gooooper|evelyn|1513\n|player|p2|Bakitaladelbarrio|colress|1558\n|teamsize|p1|6\n|teamsize|p2|6\n|gen|9\n|tier|[Gen 9] Anything Goes\n|rated|\n|rule|HP Percentage Mod: HP is shown in percentages\n|rule|Endless Battle Clause: Forcing endless battles is banned\n|clearpoke\n|poke|p1|Ditto|\n|poke|p1|Wooper-Paldea, M|\n|poke|p1|Clodsire, M|\n|poke|p1|Arceus|\n|poke|p1|Eternatus|\n|poke|p1|Calyrex-Shadow|\n|poke|p2|Calyrex-Shadow|\n|poke|p2|Darkrai|\n|poke|p2|Ditto|\n|poke|p2|Zacian-*|\n|poke|p2|Miraidon|\n|poke|p2|Glimmora, F|\n|teampreview\n|inactive|Battle timer is ON: inactive players will automatically lose when time's up. (requested by Bakitaladelbarrio)\n|\n|t:|1699641582\n|start\n|switch|p1a: Clod|Clodsire, M, shiny|100\/100\n|switch|p2a: Darkrai|Darkrai|100\/100\n|turn|1\n|\n|t:|1699641592\n|move|p2a: Darkrai|Hypnosis|p1a: Clod\n|-status|p1a: Clod|slp|[from] move: Hypnosis\n|cant|p1a: Clod|slp\n|\n|-damage|p1a: Clod|88\/100 slp|[from] ability: Bad Dreams|[of] p2a: Darkrai\n|upkeep\n|turn|2\n|c|\u2606Gooooper|I'm always amazed at how it never fails\n|-message|Gooooper forfeited.\n|\n|win|Bakitaladelbarrio\n|raw|Gooooper's rating: 1513 &rarr; <strong>1496<\/strong><br \/>(-17 for losing)\n|raw|Bakitaladelbarrio's rating: 1558 &rarr; <strong>1575<\/strong><br \/>(+17 for winning)\n|l|\u2606Gooooper\n","uploadtime":1699641615,"views":3,"p1id":"gooooper","p2id":"bakitaladelbarrio","formatid":"gen9anythinggoes","rating":1496,"private":0,"password":""}