{"id":"gen9anythinggoes-1983448963","p1":"David_Vegeta","p2":"Ksjjsjd","format":"[Gen 9] Anything Goes","log":"|j|\u2606David_Vegeta\n|j|\u2606Ksjjsjd\n|t:|1699131296\n|gametype|singles\n|player|p1|David_Vegeta|roughneck|1195\n|player|p2|Ksjjsjd|caitlin|1098\n|teamsize|p1|6\n|teamsize|p2|5\n|gen|9\n|tier|[Gen 9] Anything Goes\n|rated|\n|rule|HP Percentage Mod: HP is shown in percentages\n|rule|Endless Battle Clause: Forcing endless battles is banned\n|clearpoke\n|poke|p1|Gholdengo|\n|poke|p1|Scyther, M|\n|poke|p1|Palafin, F|\n|poke|p1|Ursaluna-Bloodmoon, M|\n|poke|p1|Blissey, F|\n|poke|p1|Garganacl, F|\n|poke|p2|Scovillain, F|\n|poke|p2|Ogerpon-Cornerstone, F|\n|poke|p2|Manaphy|\n|poke|p2|Maushold-Four|\n|poke|p2|Ditto|\n|teampreview\n|\n|t:|1699131302\n|start\n|switch|p1a: Obrero|Garganacl, F|100\/100\n|switch|p2a: Maushold|Maushold-Four|100\/100\n|turn|1\n|inactive|Battle timer is ON: inactive players will automatically lose when time's up. (requested by Ksjjsjd)\n|\n|t:|1699131308\n|move|p2a: Maushold|Tidy Up|p2a: Maushold\n|-boost|p2a: Maushold|atk|1\n|-boost|p2a: Maushold|spe|1\n|move|p1a: Obrero|Stealth Rock|p2a: Maushold\n|-sidestart|p2: Ksjjsjd|move: Stealth Rock\n|\n|upkeep\n|turn|2\n|\n|t:|1699131316\n|move|p2a: Maushold|Population Bomb|p1a: Obrero\n|-resisted|p1a: Obrero\n|-damage|p1a: Obrero|97\/100\n|-damage|p2a: Maushold|84\/100|[from] item: Rocky Helmet|[of] p1a: Obrero\n|-resisted|p1a: Obrero\n|-damage|p1a: Obrero|94\/100\n|-damage|p2a: Maushold|68\/100|[from] item: Rocky Helmet|[of] p1a: Obrero\n|-resisted|p1a: Obrero\n|-damage|p1a: Obrero|90\/100\n|-damage|p2a: Maushold|51\/100|[from] item: Rocky Helmet|[of] p1a: Obrero\n|-resisted|p1a: Obrero\n|-damage|p1a: Obrero|87\/100\n|-damage|p2a: Maushold|35\/100|[from] item: Rocky Helmet|[of] p1a: Obrero\n|-resisted|p1a: Obrero\n|-damage|p1a: Obrero|84\/100\n|-damage|p2a: Maushold|18\/100|[from] item: Rocky Helmet|[of] p1a: Obrero\n|-hitcount|p1a: Obrero|5\n|move|p1a: Obrero|Heavy Slam|p2a: Maushold\n|-damage|p2a: Maushold|0 fnt\n|faint|p2a: Maushold\n|\n|upkeep\n|-message|Ksjjsjd forfeited.\n|\n|win|David_Vegeta\n|raw|David_Vegeta's rating: 1195 &rarr; <strong>1213<\/strong><br \/>(+18 for winning)\n|raw|Ksjjsjd's rating: 1098 &rarr; <strong>1080<\/strong><br \/>(-18 for losing)\n|l|\u2606Ksjjsjd\n|c|\u2606David_Vegeta|Bro wth\n","uploadtime":1699131344,"views":14,"p1id":"davidvegeta","p2id":"ksjjsjd","formatid":"gen9anythinggoes","rating":1080,"private":0,"password":""}