{"id":"gen9anythinggoes-1992241219","p1":"Large Gus","p2":"Yyoouu killer","format":"[Gen 9] Anything Goes","log":"|j|\u2606Large Gus\n|j|\u2606Yyoouu killer\n|t:|1700166877\n|gametype|singles\n|player|p1|Large Gus|101|1017\n|player|p2|Yyoouu killer|102|1041\n|teamsize|p1|1\n|teamsize|p2|6\n|gen|9\n|tier|[Gen 9] Anything Goes\n|rated|\n|rule|HP Percentage Mod: HP is shown in percentages\n|rule|Endless Battle Clause: Forcing endless battles is banned\n|clearpoke\n|poke|p1|Regieleki|\n|poke|p2|Kingambit, M|\n|poke|p2|Maushold-Four|\n|poke|p2|Maushold-Four|\n|poke|p2|Maushold-Four|\n|poke|p2|Maushold-Four|\n|poke|p2|Annihilape, F|\n|teampreview\n|\n|t:|1700166881\n|start\n|switch|p1a: Regieleki|Regieleki|100\/100\n|switch|p2a: Annihilape|Annihilape, F|100\/100\n|turn|1\n|\n|t:|1700166897\n|-terastallize|p1a: Regieleki|Electric\n|move|p1a: Regieleki|Electro Ball|p2a: Annihilape\n|-damage|p2a: Annihilape|47\/100\n|move|p2a: Annihilape|Rage Fist|p1a: Regieleki\n|-damage|p1a: Regieleki|9\/100\n|\n|-heal|p2a: Annihilape|53\/100|[from] item: Leftovers\n|upkeep\n|turn|2\n|\n|t:|1700166911\n|move|p1a: Regieleki|Electro Ball|p2a: Annihilape\n|-damage|p2a: Annihilape|0 fnt\n|faint|p2a: Annihilape\n|\n|upkeep\n|\n|t:|1700166917\n|switch|p2a: Maushold|Maushold-Four, shiny|100\/100\n|turn|3\n|\n|t:|1700166922\n|move|p1a: Regieleki|Electro Ball|p2a: Maushold\n|-damage|p2a: Maushold|12\/100\n|move|p2a: Maushold|Population Bomb|p1a: Regieleki|[miss]\n|-miss|p2a: Maushold|p1a: Regieleki\n|\n|upkeep\n|turn|4\n|\n|t:|1700166935\n|move|p1a: Regieleki|Extreme Speed|p2a: Maushold\n|-damage|p2a: Maushold|0 fnt\n|faint|p2a: Maushold\n|\n|upkeep\n|\n|t:|1700166942\n|switch|p2a: Maushold|Maushold-Four, shiny|100\/100\n|turn|5\n|\n|t:|1700166947\n|move|p1a: Regieleki|Electro Ball|p2a: Maushold\n|-damage|p2a: Maushold|22\/100\n|move|p2a: Maushold|Population Bomb|p1a: Regieleki\n|-damage|p1a: Regieleki|0 fnt\n|faint|p1a: Regieleki\n|-hitcount|p1: Regieleki|1\n|\n|win|Yyoouu killer\n|raw|Large Gus's rating: 1017 &rarr; <strong>1005<\/strong><br \/>(-12 for losing)\n|raw|Yyoouu killer's rating: 1041 &rarr; <strong>1073<\/strong><br \/>(+32 for winning)\n|l|\u2606Large Gus\n","uploadtime":1700167032,"views":16,"p1id":"largegus","p2id":"yyoouukiller","formatid":"gen9anythinggoes","rating":1005,"private":0,"password":""}