{"id":"gen9anythinggoes-1988818447","p1":"wulalalalala","p2":"SSSSSSlizard","format":"[Gen 9] Anything Goes","log":"|j|\u2606wulalalalala\n|j|\u2606SSSSSSlizard\n|t:|1699767739\n|gametype|singles\n|player|p1|wulalalalala|102|\n|player|p2|SSSSSSlizard|irida|\n|teamsize|p1|6\n|teamsize|p2|6\n|gen|9\n|tier|[Gen 9] Anything Goes\n|rule|HP Percentage Mod: HP is shown in percentages\n|rule|Endless Battle Clause: Forcing endless battles is banned\n|clearpoke\n|poke|p1|Farigiraf, F|\n|poke|p1|Farigiraf, M|\n|poke|p1|Farigiraf, M|\n|poke|p1|Farigiraf, M|\n|poke|p1|Farigiraf, M|\n|poke|p1|Farigiraf, F|\n|poke|p2|Farigiraf, F|\n|poke|p2|Farigiraf, F|\n|poke|p2|Farigiraf, M|\n|poke|p2|Farigiraf, F|\n|poke|p2|Farigiraf, M|\n|poke|p2|Farigiraf, M|\n|teampreview\n|\n|t:|1699767748\n|start\n|switch|p1a: cb|Farigiraf, F|100\/100\n|switch|p2a: \u9ed1\u8272\u773c\u955c|Farigiraf, M|100\/100\n|turn|1\n|\n|t:|1699767752\n|move|p2a: \u9ed1\u8272\u773c\u955c|Beat Up|p1a: cb\n|-supereffective|p1a: cb\n|-damage|p1a: cb|87\/100\n|-supereffective|p1a: cb\n|-damage|p1a: cb|74\/100\n|-supereffective|p1a: cb\n|-damage|p1a: cb|63\/100\n|-supereffective|p1a: cb\n|-damage|p1a: cb|50\/100\n|-supereffective|p1a: cb\n|-damage|p1a: cb|37\/100\n|-supereffective|p1a: cb\n|-damage|p1a: cb|24\/100\n|-hitcount|p1a: cb|6\n|move|p1a: cb|Beat Up|p2a: \u9ed1\u8272\u773c\u955c\n|-supereffective|p2a: \u9ed1\u8272\u773c\u955c\n|-damage|p2a: \u9ed1\u8272\u773c\u955c|85\/100\n|-supereffective|p2a: \u9ed1\u8272\u773c\u955c\n|-damage|p2a: \u9ed1\u8272\u773c\u955c|70\/100\n|-supereffective|p2a: \u9ed1\u8272\u773c\u955c\n|-damage|p2a: \u9ed1\u8272\u773c\u955c|55\/100\n|-supereffective|p2a: \u9ed1\u8272\u773c\u955c\n|-damage|p2a: \u9ed1\u8272\u773c\u955c|39\/100\n|-supereffective|p2a: \u9ed1\u8272\u773c\u955c\n|-damage|p2a: \u9ed1\u8272\u773c\u955c|25\/100\n|-supereffective|p2a: \u9ed1\u8272\u773c\u955c\n|-damage|p2a: \u9ed1\u8272\u773c\u955c|8\/100\n|-hitcount|p2a: \u9ed1\u8272\u773c\u955c|6\n|\n|upkeep\n|turn|2\n|-message|wulalalalala forfeited.\n|\n|win|SSSSSSlizard\n","uploadtime":1699767786,"views":11,"p1id":"wulalalalala","p2id":"sssssslizard","formatid":"gen9anythinggoes","rating":0,"private":0,"password":""}