{"id":"gen9anythinggoes-1975640633","p1":"FALLPIX0","p2":"FailureAnalyst","format":"[Gen 9] Anything Goes","log":"|j|\u2606FALLPIX0\n|j|\u2606FailureAnalyst\n|t:|1698217793\n|gametype|singles\n|player|p1|FALLPIX0|zinnia|1201\n|player|p2|FailureAnalyst|ninjaboy|1080\n|teamsize|p1|6\n|teamsize|p2|6\n|gen|9\n|tier|[Gen 9] Anything Goes\n|rated|\n|rule|HP Percentage Mod: HP is shown in percentages\n|rule|Endless Battle Clause: Forcing endless battles is banned\n|clearpoke\n|poke|p1|Ceruledge, M|\n|poke|p1|Grimmsnarl, M|\n|poke|p1|Dragapult, M|\n|poke|p1|Corviknight, M|\n|poke|p1|Munkidori, M|\n|poke|p1|Shaymin-Sky|\n|poke|p2|Drifblim, F|\n|poke|p2|Drifblim, F|\n|poke|p2|Dragapult, M|\n|poke|p2|Calyrex-Ice|\n|poke|p2|Quaquaval, F|\n|poke|p2|Gengar, F|\n|teampreview\n|inactive|Battle timer is ON: inactive players will automatically lose when time's up. (requested by FALLPIX0)\n|\n|t:|1698217799\n|start\n|switch|p1a: Ceruledge|Ceruledge, M, shiny|100\/100\n|switch|p2a: Gengar|Gengar, F|100\/100\n|turn|1\n|\n|t:|1698217808\n|move|p2a: Gengar|Mean Look||[still]\n|-fail|p2a: Gengar\n|move|p1a: Ceruledge|Swords Dance|p1a: Ceruledge\n|-boost|p1a: Ceruledge|atk|2\n|\n|upkeep\n|turn|2\n|\n|t:|1698217813\n|move|p2a: Gengar|Taunt|p1a: Ceruledge\n|-start|p1a: Ceruledge|move: Taunt\n|move|p1a: Ceruledge|Poltergeist|p2a: Gengar\n|-activate|p2a: Gengar|move: Poltergeist|Focus Sash\n|-supereffective|p2a: Gengar\n|-enditem|p2a: Gengar|Focus Sash\n|-damage|p2a: Gengar|1\/100\n|-start|p1a: Ceruledge|Disable|Poltergeist|[from] ability: Cursed Body|[of] p2a: Gengar\n|\n|upkeep\n|turn|3\n|-message|FailureAnalyst forfeited.\n|\n|win|FALLPIX0\n|raw|FALLPIX0's rating: 1201 &rarr; <strong>1218<\/strong><br \/>(+17 for winning)\n|raw|FailureAnalyst's rating: 1080 &rarr; <strong>1065<\/strong><br \/>(-15 for losing)\n|l|\u2606FailureAnalyst\n","uploadtime":1698217823,"views":9,"p1id":"fallpix0","p2id":"failureanalyst","formatid":"gen9anythinggoes","rating":1065,"private":0,"password":""}