{"id":"gen9anythinggoes-1975901549","p1":"BugCatcherLeppey","p2":"Weed Solder","format":"[Gen 9] Anything Goes","log":"|j|\u2606BugCatcherLeppey\n|j|\u2606Weed Solder\n|t:|1698247801\n|gametype|singles\n|player|p1|BugCatcherLeppey|preschooler|1089\n|player|p2|Weed Solder|dawn|1005\n|teamsize|p1|6\n|teamsize|p2|1\n|gen|9\n|tier|[Gen 9] Anything Goes\n|rated|\n|rule|HP Percentage Mod: HP is shown in percentages\n|rule|Endless Battle Clause: Forcing endless battles is banned\n|clearpoke\n|poke|p1|Spinarak, M|\n|poke|p1|Ribombee, M|\n|poke|p1|Volcarona, M|\n|poke|p1|Forretress, M|\n|poke|p1|Vivillon-Fancy, F|\n|poke|p1|Scizor, M|\n|poke|p2|Darkrai|\n|teampreview\n|c|\u2606BugCatcherLeppey|oh ggs\n|c|\u2606Weed Solder|idk yet\n|\n|t:|1698247815\n|start\n|switch|p1a: Ribombee|Ribombee, M|100\/100\n|switch|p2a: Collared Shadows|Darkrai|100\/100\n|turn|1\n|c|\u2606Weed Solder|i might loose\n|\n|t:|1698247822\n|move|p2a: Collared Shadows|Hypnosis|p1a: Ribombee\n|-block|p1a: Ribombee|ability: Sweet Veil|[of] p1a: Ribombee\n|move|p1a: Ribombee|Moonblast|p2a: Collared Shadows\n|-supereffective|p2a: Collared Shadows\n|-damage|p2a: Collared Shadows|0 fnt\n|faint|p2a: Collared Shadows\n|\n|win|BugCatcherLeppey\n|raw|BugCatcherLeppey's rating: 1089 &rarr; <strong>1109<\/strong><br \/>(+20 for winning)\n|raw|Weed Solder's rating: 1005 &rarr; <strong>1000<\/strong><br \/>(-5 for losing)\n|c|\u2606Weed Solder|oh\n|c|\u2606Weed Solder|yeah...\n|c|\u2606BugCatcherLeppey|XD\n|c|\u2606Weed Solder|thats not...\n|l|\u2606Weed Solder\n|c|\u2606BugCatcherLeppey|ikr\n","uploadtime":1698247860,"views":4,"p1id":"bugcatcherleppey","p2id":"weedsolder","formatid":"gen9anythinggoes","rating":1000,"private":0,"password":""}