{"id":"gen9anythinggoes-1987450583","p1":"yokodai","p2":"isurmomcuteaf","format":"[Gen 9] Anything Goes","log":"|j|\u2606yokodai\n|j|\u203disurmomcuteaf\n|t:|1699593453\n|gametype|singles\n|player|p1|yokodai|cynthia-gen4|1399\n|player|p2|isurmomcuteaf|ghetsis-gen5bw|1502\n|teamsize|p1|6\n|teamsize|p2|6\n|gen|9\n|tier|[Gen 9] Anything Goes\n|rated|\n|rule|HP Percentage Mod: HP is shown in percentages\n|rule|Endless Battle Clause: Forcing endless battles is banned\n|clearpoke\n|poke|p1|Mamoswine, M|\n|poke|p1|Mamoswine, F|\n|poke|p1|Mamoswine, M|\n|poke|p1|Mamoswine, F|\n|poke|p1|Mamoswine, M|\n|poke|p1|Mamoswine, F|\n|poke|p2|Lycanroc-Dusk, M|\n|poke|p2|Dragapult, M|\n|poke|p2|Calyrex-Shadow|\n|poke|p2|Arceus|\n|poke|p2|Regieleki|\n|poke|p2|Zacian-*|\n|teampreview\n|inactive|Battle timer is ON: inactive players will automatically lose when time's up. (requested by isurmomcuteaf)\n|\n|t:|1699593480\n|start\n|switch|p1a: Mamoswine|Mamoswine, F|100\/100\n|switch|p2a: Lycanroc|Lycanroc-Dusk, M|100\/100\n|turn|1\n|\n|t:|1699593483\n|move|p1a: Mamoswine|Earthquake|p2a: Lycanroc\n|-supereffective|p2a: Lycanroc\n|-enditem|p2a: Lycanroc|Focus Sash\n|-damage|p2a: Lycanroc|1\/100\n|move|p2a: Lycanroc|Stealth Rock|p1a: Mamoswine\n|-sidestart|p1: yokodai|move: Stealth Rock\n|\n|upkeep\n|turn|2\n|\n|t:|1699593489\n|move|p2a: Lycanroc|Accelerock|p1a: Mamoswine\n|-damage|p1a: Mamoswine|74\/100\n|move|p1a: Mamoswine|Earthquake|p2a: Lycanroc\n|-supereffective|p2a: Lycanroc\n|-damage|p2a: Lycanroc|0 fnt\n|faint|p2a: Lycanroc\n|\n|upkeep\n|\n|t:|1699593494\n|switch|p2a: Arceus|Arceus|100\/100\n|turn|3\n|\n|t:|1699593497\n|move|p1a: Mamoswine|Earthquake|p2a: Arceus\n|-damage|p2a: Arceus|65\/100\n|move|p2a: Arceus|Swords Dance|p2a: Arceus\n|-boost|p2a: Arceus|atk|2\n|\n|upkeep\n|turn|4\n|\n|t:|1699593501\n|move|p1a: Mamoswine|Earthquake|p2a: Arceus\n|-damage|p2a: Arceus|30\/100\n|move|p2a: Arceus|Swords Dance|p2a: Arceus\n|-boost|p2a: Arceus|atk|2\n|\n|upkeep\n|turn|5\n|\n|t:|1699593505\n|move|p2a: Arceus|Extreme Speed|p1a: Mamoswine\n|-damage|p1a: Mamoswine|0 fnt\n|faint|p1a: Mamoswine\n|\n|upkeep\n|\n|t:|1699593514\n|switch|p1a: Mamoswine|Mamoswine, M|100\/100\n|-damage|p1a: Mamoswine|88\/100|[from] Stealth Rock\n|turn|6\n|\n|t:|1699593522\n|-terastallize|p2a: Arceus|Normal\n|move|p2a: Arceus|Extreme Speed|p1a: Mamoswine\n|-damage|p1a: Mamoswine|0 fnt\n|faint|p1a: Mamoswine\n|\n|upkeep\n|-message|yokodai forfeited.\n|\n|win|isurmomcuteaf\n|raw|yokodai's rating: 1399 &rarr; <strong>1385<\/strong><br \/>(-14 for losing)\n|raw|isurmomcuteaf's rating: 1502 &rarr; <strong>1516<\/strong><br \/>(+14 for winning)\n|l|\u2606yokodai\n","uploadtime":1699593544,"views":6,"p1id":"yokodai","p2id":"isurmomcuteaf","formatid":"gen9anythinggoes","rating":1385,"private":0,"password":""}