{"id":"gen9anythinggoes-1983568826","p1":"Peyton2010","p2":"Bakitaladelbarrio","format":"[Gen 9] Anything Goes","log":"|j|\u2606Peyton2010\n|j|\u2606Bakitaladelbarrio\n|t:|1699144407\n|gametype|singles\n|player|p1|Peyton2010|red|1458\n|player|p2|Bakitaladelbarrio|colress|1562\n|teamsize|p1|6\n|teamsize|p2|6\n|gen|9\n|tier|[Gen 9] Anything Goes\n|rated|\n|rule|HP Percentage Mod: HP is shown in percentages\n|rule|Endless Battle Clause: Forcing endless battles is banned\n|clearpoke\n|poke|p1|Glimmora, M|\n|poke|p1|Ribombee, M|\n|poke|p1|Calyrex-Shadow|\n|poke|p1|Regieleki|\n|poke|p1|Ogerpon-Wellspring, F|\n|poke|p1|Groudon|\n|poke|p2|Calyrex-Shadow|\n|poke|p2|Darkrai|\n|poke|p2|Ditto|\n|poke|p2|Zacian-*|\n|poke|p2|Miraidon|\n|poke|p2|Glimmora, M|\n|teampreview\n|inactive|Battle timer is ON: inactive players will automatically lose when time's up. (requested by Peyton2010)\n|\n|t:|1699144412\n|start\n|switch|p1a: Glimmora|Glimmora, M|100\/100\n|switch|p2a: Darkrai|Darkrai|100\/100\n|turn|1\n|\n|t:|1699144418\n|move|p2a: Darkrai|Hypnosis|p1a: Glimmora|[miss]\n|-miss|p2a: Darkrai|p1a: Glimmora\n|move|p1a: Glimmora|Stealth Rock|p2a: Darkrai\n|-sidestart|p2: Bakitaladelbarrio|move: Stealth Rock\n|\n|upkeep\n|turn|2\n|\n|t:|1699144423\n|move|p2a: Darkrai|Hypnosis|p1a: Glimmora\n|-status|p1a: Glimmora|slp|[from] move: Hypnosis\n|cant|p1a: Glimmora|slp\n|\n|-damage|p1a: Glimmora|88\/100 slp|[from] ability: Bad Dreams|[of] p2a: Darkrai\n|upkeep\n|turn|3\n|\n|t:|1699144432\n|move|p2a: Darkrai|Nasty Plot|p2a: Darkrai\n|-boost|p2a: Darkrai|spa|2\n|cant|p1a: Glimmora|slp\n|\n|-damage|p1a: Glimmora|76\/100 slp|[from] ability: Bad Dreams|[of] p2a: Darkrai\n|upkeep\n|turn|4\n|\n|t:|1699144439\n|move|p2a: Darkrai|Hex|p1a: Glimmora\n|-damage|p1a: Glimmora|0 fnt\n|faint|p1a: Glimmora\n|\n|upkeep\n|\n|t:|1699144445\n|switch|p1a: Regieleki|Regieleki|100\/100\n|turn|5\n|l|\u2606Bakitaladelbarrio\n|inactive|Bakitaladelbarrio disconnected and has a minute to reconnect!\n|player|p2|\n|inactive|Bakitaladelbarrio has 30 seconds to reconnect!\n|j|\u2606Bakitaladelbarrio\n|inactive|Bakitaladelbarrio reconnected and has 110 seconds left.\n|player|p2|Bakitaladelbarrio|colress\n|n|\u2606Bakitaladelbarrio|bakitaladelbarrio\n|\n|t:|1699144496\n|move|p1a: Regieleki|Thunderbolt|p2a: Darkrai\n|-crit|p2a: Darkrai\n|-damage|p2a: Darkrai|0 fnt\n|faint|p2a: Darkrai\n|\n|upkeep\n|inactive|Bakitaladelbarrio has 90 seconds left.\n|\n|t:|1699144515\n|switch|p2a: Miraidon|Miraidon|100\/100\n|-damage|p2a: Miraidon|88\/100|[from] Stealth Rock\n|-fieldstart|move: Electric Terrain|[from] ability: Hadron Engine|[of] p2a: Miraidon\n|turn|6\n|\n|t:|1699144521\n|switch|p1a: Groudon|Groudon|100\/100\n|-weather|SunnyDay|[from] ability: Drought|[of] p1a: Groudon\n|move|p2a: Miraidon|Draco Meteor|p1a: Groudon\n|-damage|p1a: Groudon|19\/100\n|-unboost|p2a: Miraidon|spa|2\n|\n|-weather|SunnyDay|[upkeep]\n|upkeep\n|turn|7\n|\n|t:|1699144531\n|move|p2a: Miraidon|Draco Meteor|p1a: Groudon\n|-damage|p1a: Groudon|0 fnt\n|-unboost|p2a: Miraidon|spa|2\n|faint|p1a: Groudon\n|\n|-weather|SunnyDay|[upkeep]\n|upkeep\n|\n|t:|1699144538\n|switch|p1a: Ribombee|Ribombee, M|100\/100\n|turn|8\n|\n|t:|1699144542\n|switch|p2a: Glimmora|Glimmora, M|100\/100\n|-damage|p2a: Glimmora|88\/100|[from] Stealth Rock\n|move|p1a: Ribombee|Sticky Web|p2a: Glimmora\n|-sidestart|p2: Bakitaladelbarrio|move: Sticky Web\n|\n|-weather|SunnyDay|[upkeep]\n|upkeep\n|turn|9\n|inactive|Bakitaladelbarrio has 120 seconds left.\n|-message|Peyton2010 forfeited.\n|\n|win|Bakitaladelbarrio\n|raw|Peyton2010's rating: 1458 &rarr; <strong>1444<\/strong><br \/>(-14 for losing)\n|raw|Bakitaladelbarrio's rating: 1562 &rarr; <strong>1576<\/strong><br \/>(+14 for winning)\n|l|\u2606Peyton2010\n","uploadtime":1699144556,"views":5,"p1id":"peyton2010","p2id":"bakitaladelbarrio","formatid":"gen9anythinggoes","rating":1444,"private":0,"password":""}