{"id":"gen9anythinggoes-1987627484","p1":"Gg188","p2":"hggjhgj","format":"[Gen 9] Anything Goes","log":"|j|\u2606Gg188\n|j|\u2606hggjhgj\n|t:|1699621392\n|gametype|singles\n|player|p1|Gg188|265|1125\n|player|p2|hggjhgj|102|1000\n|teamsize|p1|6\n|teamsize|p2|6\n|gen|9\n|tier|[Gen 9] Anything Goes\n|rated|\n|rule|HP Percentage Mod: HP is shown in percentages\n|rule|Endless Battle Clause: Forcing endless battles is banned\n|clearpoke\n|poke|p1|Roaring Moon|\n|poke|p1|Vivillon-Pokeball, F|\n|poke|p1|Ninetales-Alola, M|\n|poke|p1|Kommo-o, M|\n|poke|p1|Breloom, F|\n|poke|p1|Thundurus, M|\n|poke|p2|Iron Bundle|\n|poke|p2|Iron Bundle|\n|poke|p2|Iron Bundle|\n|poke|p2|Iron Bundle|\n|poke|p2|Iron Bundle|\n|poke|p2|Iron Bundle|\n|teampreview\n|inactive|Battle timer is ON: inactive players will automatically lose when time's up. (requested by hggjhgj)\n|\n|t:|1699621416\n|start\n|switch|p1a: Breloom|Breloom, F|100\/100\n|switch|p2a: tera ghost|Iron Bundle|100\/100\n|-enditem|p2a: tera ghost|Booster Energy\n|-activate|p2a: tera ghost|ability: Quark Drive|[fromitem]\n|-start|p2a: tera ghost|quarkdrivespe\n|turn|1\n|\n|t:|1699621435\n|move|p2a: tera ghost|Substitute|p2a: tera ghost\n|-start|p2a: tera ghost|Substitute\n|-damage|p2a: tera ghost|76\/100\n|move|p1a: Breloom|Spore||[still]\n|-fail|p1a: Breloom\n|\n|upkeep\n|turn|2\n|\n|t:|1699621447\n|-terastallize|p2a: tera ghost|Ghost\n|move|p2a: tera ghost|Freeze-Dry|p1a: Breloom\n|-supereffective|p1a: Breloom\n|-enditem|p1a: Breloom|Focus Sash\n|-damage|p1a: Breloom|1\/100\n|move|p1a: Breloom|Swords Dance|p1a: Breloom\n|-boost|p1a: Breloom|atk|2\n|\n|upkeep\n|turn|3\n|\n|t:|1699621455\n|move|p2a: tera ghost|Freeze-Dry|p1a: Breloom\n|-supereffective|p1a: Breloom\n|-damage|p1a: Breloom|0 fnt\n|faint|p1a: Breloom\n|\n|upkeep\n|-message|Gg188 forfeited.\n|\n|win|hggjhgj\n|raw|Gg188's rating: 1125 &rarr; <strong>1091<\/strong><br \/>(-34 for losing)\n|raw|hggjhgj's rating: 1000 &rarr; <strong>1054<\/strong><br \/>(+54 for winning)\n|l|\u2606Gg188\n","uploadtime":1699621516,"views":5,"p1id":"gg188","p2id":"hggjhgj","formatid":"gen9anythinggoes","rating":1054,"private":0,"password":""}