{"id":"gen9anythinggoes-1980519340","p1":"SoraCasburn12","p2":"User sla","format":"[Gen 9] Anything Goes","log":"|j|\u2606SoraCasburn12\n|j|\u2606User sla\n|t:|1698792909\n|gametype|singles\n|player|p1|SoraCasburn12|gardenia|1000\n|player|p2|User sla|roxie|1019\n|teamsize|p1|6\n|teamsize|p2|6\n|gen|9\n|tier|[Gen 9] Anything Goes\n|rated|\n|rule|HP Percentage Mod: HP is shown in percentages\n|rule|Endless Battle Clause: Forcing endless battles is banned\n|clearpoke\n|poke|p1|Ampharos, F|\n|poke|p1|Floatzel, M|\n|poke|p1|Cyclizar, F|\n|poke|p1|Tinkaton, F|\n|poke|p1|Electrode|\n|poke|p1|Politoed, M|\n|poke|p2|Dragapult, F|\n|poke|p2|Salamence, F|\n|poke|p2|Haxorus, M|\n|poke|p2|Dragalge, M|\n|poke|p2|Goodra-Hisui, F|\n|poke|p2|Goodra, M|\n|teampreview\n|\n|t:|1698792915\n|start\n|switch|p1a: Sid|Politoed, M|100\/100\n|switch|p2a: Salamence|Salamence, F|100\/100\n|-weather|RainDance|[from] ability: Drizzle|[of] p1a: Sid\n|turn|1\n|\n|t:|1698792921\n|move|p2a: Salamence|Dragon Dance|p2a: Salamence\n|-boost|p2a: Salamence|atk|1\n|-boost|p2a: Salamence|spe|1\n|move|p1a: Sid|Blizzard|p2a: Salamence\n|-supereffective|p2a: Salamence\n|-damage|p2a: Salamence|0 fnt\n|faint|p2a: Salamence\n|\n|-weather|RainDance|[upkeep]\n|upkeep\n|-message|User sla forfeited.\n|\n|win|SoraCasburn12\n|raw|SoraCasburn12's rating: 1000 &rarr; <strong>1042<\/strong><br \/>(+42 for winning)\n|raw|User sla's rating: 1019 &rarr; <strong>1005<\/strong><br \/>(-14 for losing)\n|l|\u2606User sla\n","uploadtime":1698792939,"views":6,"p1id":"soracasburn12","p2id":"usersla","formatid":"gen9anythinggoes","rating":1005,"private":0,"password":""}