{"id":"gen9anythinggoes-1984347104","p1":"cocodrink1233","p2":"gelo140","format":"[Gen 9] Anything Goes","log":"|j|\u2606cocodrink1233\n|j|\u2606gelo140\n|t:|1699247205\n|gametype|singles\n|player|p1|cocodrink1233|266|1102\n|player|p2|gelo140|ash-sinnoh|1104\n|teamsize|p1|6\n|teamsize|p2|6\n|gen|9\n|tier|[Gen 9] Anything Goes\n|rated|\n|rule|HP Percentage Mod: HP is shown in percentages\n|rule|Endless Battle Clause: Forcing endless battles is banned\n|clearpoke\n|poke|p1|Arceus|\n|poke|p1|Giratina|\n|poke|p1|Garchomp, M|\n|poke|p1|Vivillon-Pokeball, M|\n|poke|p1|Gliscor, M|\n|poke|p1|Greninja-*, M|\n|poke|p2|Empoleon, M|\n|poke|p2|Skeledirge, M|\n|poke|p2|Garchomp, F|\n|poke|p2|Umbreon, M|\n|poke|p2|Koraidon|\n|poke|p2|Toxtricity, M|\n|teampreview\n|inactive|Battle timer is ON: inactive players will automatically lose when time's up. (requested by cocodrink1233)\n|\n|t:|1699247220\n|start\n|switch|p1a: Garchomp|Garchomp, M|100\/100\n|switch|p2a: Empoleon|Empoleon, M|100\/100\n|turn|1\n|inactive|cocodrink1233 has 120 seconds left.\n|\n|t:|1699247257\n|move|p1a: Garchomp|Stealth Rock|p2a: Empoleon\n|-sidestart|p2: gelo140|move: Stealth Rock\n|move|p2a: Empoleon|Ice Beam|p1a: Garchomp\n|-supereffective|p1a: Garchomp\n|-damage|p1a: Garchomp|0 fnt\n|faint|p1a: Garchomp\n|\n|upkeep\n|-message|cocodrink1233 forfeited.\n|\n|win|gelo140\n|raw|cocodrink1233's rating: 1102 &rarr; <strong>1077<\/strong><br \/>(-25 for losing)\n|raw|gelo140's rating: 1104 &rarr; <strong>1129<\/strong><br \/>(+25 for winning)\n|l|\u2606cocodrink1233\n|l|\u2606gelo140\n|j|\u2606cocodrink1233\n|player|p1|cocodrink1233|266\n|l|\u2606cocodrink1233\n|player|p1|\n|j|\u2606cocodrink1233\n|player|p1|cocodrink1233|266\n","uploadtime":1699247328,"views":4,"p1id":"cocodrink1233","p2id":"gelo140","formatid":"gen9anythinggoes","rating":1077,"private":0,"password":""}