{"id":"gen9anythinggoes-1974409078","p1":"BriskyJPEG","p2":"mrjosesanloquender","format":"[Gen 9] Anything Goes","log":"|j|\u2606BriskyJPEG\n|j|\u2606mrjosesanloquender\n|t:|1698084662\n|gametype|singles\n|player|p1|BriskyJPEG|170|1138\n|player|p2|mrjosesanloquender|lucas|1167\n|teamsize|p1|6\n|teamsize|p2|6\n|gen|9\n|tier|[Gen 9] Anything Goes\n|rated|\n|rule|HP Percentage Mod: HP is shown in percentages\n|rule|Endless Battle Clause: Forcing endless battles is banned\n|clearpoke\n|poke|p1|Floatzel, F|\n|poke|p1|Toxtricity-Low-Key, F|\n|poke|p1|Houndoom, F|\n|poke|p1|Heracross, F|\n|poke|p1|Dragonite, F|\n|poke|p1|Kingambit, F|\n|poke|p2|Dialga|\n|poke|p2|Rayquaza|\n|poke|p2|Gliscor, M|\n|poke|p2|Miraidon|\n|poke|p2|Heatran, M|\n|poke|p2|Maushold-Four|\n|teampreview\n|\n|t:|1698084702\n|start\n|switch|p1a: Heracross|Heracross, F|100\/100\n|switch|p2a: rateros|Maushold-Four, shiny|100\/100\n|turn|1\n|c|\u2606mrjosesanloquender|hola speak spanish\n|c|\u2606mrjosesanloquender|?????????\n|c|\u2606BriskyJPEG|no\n|c|\u2606mrjosesanloquender|a\n|c|\u2606mrjosesanloquender|you like my team\n|\n|t:|1698084767\n|move|p2a: rateros|Population Bomb|p1a: Heracross\n|-damage|p1a: Heracross|88\/100\n|-damage|p1a: Heracross|75\/100\n|-damage|p1a: Heracross|62\/100\n|-damage|p1a: Heracross|49\/100\n|-damage|p1a: Heracross|37\/100\n|-damage|p1a: Heracross|22\/100\n|-damage|p1a: Heracross|9\/100\n|-damage|p1a: Heracross|0 fnt\n|faint|p1a: Heracross\n|-hitcount|p1: Heracross|8\n|\n|upkeep\n|\n|t:|1698084809\n|switch|p1a: Dragonite|Dragonite, F|100\/100\n|turn|2\n|c|\u2606mrjosesanloquender|In the end I won't show you the complete equipment\n|c|\u2606mrjosesanloquender|hola\n|\n|t:|1698084844\n|move|p2a: rateros|Population Bomb|p1a: Dragonite\n|-damage|p1a: Dragonite|96\/100\n|-damage|p1a: Dragonite|87\/100\n|-damage|p1a: Dragonite|77\/100\n|-damage|p1a: Dragonite|69\/100\n|-damage|p1a: Dragonite|60\/100\n|-damage|p1a: Dragonite|51\/100\n|-damage|p1a: Dragonite|42\/100\n|-damage|p1a: Dragonite|33\/100\n|-damage|p1a: Dragonite|25\/100\n|-damage|p1a: Dragonite|16\/100\n|-hitcount|p1a: Dragonite|10\n|move|p1a: Dragonite|Dragon Dance|p1a: Dragonite\n|-boost|p1a: Dragonite|atk|1\n|-boost|p1a: Dragonite|spe|1\n|\n|upkeep\n|turn|3\n|c|\u2606mrjosesanloquender|easy\n|c|\u2606mrjosesanloquender|mother fuck\n|c|\u2606mrjosesanloquender|what the fuck\n|\n|t:|1698084898\n|move|p2a: rateros|Population Bomb|p1a: Dragonite\n|-damage|p1a: Dragonite|6\/100\n|-damage|p1a: Dragonite|0 fnt\n|faint|p1a: Dragonite\n|-hitcount|p1: Dragonite|2\n|\n|upkeep\n|-message|BriskyJPEG forfeited.\n|\n|win|mrjosesanloquender\n|raw|BriskyJPEG's rating: 1138 &rarr; <strong>1115<\/strong><br \/>(-23 for losing)\n|raw|mrjosesanloquender's rating: 1167 &rarr; <strong>1190<\/strong><br \/>(+23 for winning)\n","uploadtime":1698084876,"views":8,"p1id":"briskyjpeg","p2id":"mrjosesanloquender","formatid":"gen9anythinggoes","rating":1115,"private":0,"password":""}