{"id":"gen9anythinggoes-1975721018","p1":"Marshal1922","p2":"DELIBID iS GOOoD","format":"[Gen 9] Anything Goes","log":"|j|\u2606Marshal1922\n|j|\u2606DELIBID iS GOOoD\n|t:|1698230071\n|gametype|singles\n|player|p1|Marshal1922|benga|1036\n|player|p2|DELIBID iS GOOoD|ethan|1000\n|teamsize|p1|2\n|teamsize|p2|1\n|gen|9\n|tier|[Gen 9] Anything Goes\n|rated|\n|rule|HP Percentage Mod: HP is shown in percentages\n|rule|Endless Battle Clause: Forcing endless battles is banned\n|clearpoke\n|poke|p1|Polteageist-Antique|\n|poke|p1|Ribombee, F|\n|poke|p2|Delibird, F|\n|teampreview\n|inactive|Battle timer is ON: inactive players will automatically lose when time's up. (requested by DELIBID iS GOOoD)\n|c|\u2606DELIBID iS GOOoD|gl\n|\n|t:|1698230078\n|start\n|switch|p1a: Polteageist|Polteageist-Antique|100\/100\n|switch|p2a: IronBundleAtHome|Delibird, F|100\/100\n|turn|1\n|\n|t:|1698230085\n|-terastallize|p2a: IronBundleAtHome|Ice\n|move|p1a: Polteageist|Shell Smash|p1a: Polteageist\n|-unboost|p1a: Polteageist|def|1\n|-unboost|p1a: Polteageist|spd|1\n|-boost|p1a: Polteageist|atk|2\n|-boost|p1a: Polteageist|spa|2\n|-boost|p1a: Polteageist|spe|2\n|move|p2a: IronBundleAtHome|Avalanche|p1a: Polteageist\n|-damage|p1a: Polteageist|19\/100\n|\n|-heal|p1a: Polteageist|25\/100|[from] item: Leftovers\n|upkeep\n|turn|2\n|\n|t:|1698230104\n|move|p1a: Polteageist|Shell Smash|p1a: Polteageist\n|-unboost|p1a: Polteageist|def|1\n|-unboost|p1a: Polteageist|spd|1\n|-boost|p1a: Polteageist|atk|2\n|-boost|p1a: Polteageist|spa|2\n|-boost|p1a: Polteageist|spe|2\n|move|p2a: IronBundleAtHome|Avalanche|p1a: Polteageist\n|-damage|p1a: Polteageist|0 fnt\n|faint|p1a: Polteageist\n|\n|upkeep\n|-message|Marshal1922 forfeited.\n|\n|win|DELIBID iS GOOoD\n|raw|Marshal1922's rating: 1036 &rarr; <strong>1019<\/strong><br \/>(-17 for losing)\n|raw|DELIBID iS GOOoD's rating: 1000 &rarr; <strong>1044<\/strong><br \/>(+44 for winning)\n|l|\u2606Marshal1922\n","uploadtime":1698230144,"views":11,"p1id":"marshal1922","p2id":"delibidisgoood","formatid":"gen9anythinggoes","rating":1019,"private":0,"password":""}