{"id":"gen9anythinggoes-1973030460","p1":"ash_wastakenxd","p2":"KristalFish","format":"[Gen 9] Anything Goes","log":"|j|\u2606ash_wastakenxd\n|j|\u2606KristalFish\n|t:|1697920189\n|gametype|singles\n|player|p1|ash_wastakenxd|cynthia-masters3|1226\n|player|p2|KristalFish|hilbert|1188\n|teamsize|p1|6\n|teamsize|p2|6\n|gen|9\n|tier|[Gen 9] Anything Goes\n|rated|\n|rule|HP Percentage Mod: HP is shown in percentages\n|rule|Endless Battle Clause: Forcing endless battles is banned\n|clearpoke\n|poke|p1|Arceus|\n|poke|p1|Arceus-Ghost|\n|poke|p1|Arceus-Fairy|\n|poke|p1|Arceus-Flying|\n|poke|p1|Arceus-Ice|\n|poke|p1|Arceus-Ground|\n|poke|p2|Armarouge, M|\n|poke|p2|Palafin, F|\n|poke|p2|Garganacl, M|\n|poke|p2|Breloom, F|\n|poke|p2|Orthworm, M|\n|poke|p2|Dragapult, M|\n|teampreview\n|inactive|Battle timer is ON: inactive players will automatically lose when time's up. (requested by ash_wastakenxd)\n|c|\u2606KristalFish|brutto terrone di merda\n|n|!KristalFish|kristalfish\n|inactive|KristalFish has 120 seconds left.\n|\n|t:|1697920232\n|start\n|switch|p1a: Arceus|Arceus|100\/100\n|switch|p2a: Tulkun|Palafin, F|100\/100\n|turn|1\n|\n|t:|1697920252\n|move|p2a: Tulkun|Close Combat|p1a: Arceus\n|-supereffective|p1a: Arceus\n|-damage|p1a: Arceus|57\/100\n|-unboost|p2a: Tulkun|def|1\n|-unboost|p2a: Tulkun|spd|1\n|move|p1a: Arceus|Swords Dance|p1a: Arceus\n|-boost|p1a: Arceus|atk|2\n|\n|upkeep\n|turn|2\n|\n|t:|1697920269\n|detailschange|p2a: Tulkun|Palafin-Hero, F\n|switch|p2a: Shenron|Dragapult, M, shiny|100\/100\n|move|p1a: Arceus|Extreme Speed|p2a: Shenron\n|-immune|p2a: Shenron\n|\n|upkeep\n|turn|3\n|inactive|KristalFish has 120 seconds left.\n|\n|t:|1697920291\n|move|p2a: Shenron|Dragon Darts|p1a: Arceus\n|-damage|p1a: Arceus|42\/100\n|-anim|p2a: Shenron|Dragon Darts|p1a: Arceus\n|-damage|p1a: Arceus|28\/100\n|move|p1a: Arceus|Shadow Claw|p2a: Shenron\n|-supereffective|p2a: Shenron\n|-crit|p2a: Shenron\n|-enditem|p2a: Shenron|Focus Sash\n|-damage|p2a: Shenron|1\/100\n|\n|upkeep\n|turn|4\n|inactive|KristalFish has 120 seconds left.\n|\n|t:|1697920316\n|switch|p1a: Arceus|Arceus-Fairy|100\/100\n|move|p2a: Shenron|Dragon Darts|p1a: Arceus\n|-immune|p1a: Arceus\n|\n|upkeep\n|turn|5\n|-message|KristalFish forfeited.\n|\n|win|ash_wastakenxd\n|raw|ash_wastakenxd's rating: 1226 &rarr; <strong>1248<\/strong><br \/>(+22 for winning)\n|raw|KristalFish's rating: 1188 &rarr; <strong>1166<\/strong><br \/>(-22 for losing)\n","uploadtime":1697920214,"views":6,"p1id":"ashwastakenxd","p2id":"kristalfish","formatid":"gen9anythinggoes","rating":1166,"private":0,"password":""}