{"id":"gen9anythinggoes-1975642418","p1":"Hockaj","p2":"thewinnerofwinning","format":"[Gen 9] Anything Goes","log":"|j|\u2606Hockaj\n|j|\u2606thewinnerofwinning\n|t:|1698218083\n|gametype|singles\n|player|p1|Hockaj|shauntal|1368\n|player|p2|thewinnerofwinning|101|1392\n|teamsize|p1|6\n|teamsize|p2|6\n|gen|9\n|tier|[Gen 9] Anything Goes\n|rated|\n|rule|HP Percentage Mod: HP is shown in percentages\n|rule|Endless Battle Clause: Forcing endless battles is banned\n|clearpoke\n|poke|p1|Mandibuzz, F|\n|poke|p1|Gliscor, F|\n|poke|p1|Ceruledge, M|\n|poke|p1|Cinderace, M|\n|poke|p1|Greninja-*, F|\n|poke|p1|Zoroark-Hisui, M|\n|poke|p2|Dondozo, F|\n|poke|p2|Blissey, F|\n|poke|p2|Cinderace, M|\n|poke|p2|Primeape, F|\n|poke|p2|Zoroark-Hisui, F|\n|poke|p2|Gholdengo|\n|teampreview\n|\n|t:|1698218107\n|start\n|switch|p1a: Cinderace|Cinderace, M|100\/100\n|switch|p2a: Dondozo|Dondozo, F|100\/100\n|turn|1\n|\n|t:|1698218125\n|move|p2a: Dondozo|Hyper Voice|p1a: Cinderace\n|-damage|p1a: Cinderace|8\/100\n|move|p1a: Cinderace|High Jump Kick|p2a: Dondozo\n|-start|p1a: Cinderace|typechange|Fighting|[from] ability: Libero\n|-immune|p2a: Dondozo\n|-damage|p1a: Cinderace|0 fnt|[from] highjumpkick\n|faint|p1a: Cinderace\n|\n|upkeep\n|c|\u2606Hockaj|wut\n|c|\u2606Hockaj|!dt water veil\n|raw|<ul class=\"utilichart\"><li class=\"result\"><span class=\"col namecol\"><a href=\"https:\/\/dex.pokemonshowdown.com\/abilities\/waterveil\">Water Veil<\/a><\/span> <span class=\"col abilitydesccol\">This Pokemon cannot be burned. Gaining this Ability while burned cures it.<\/span> <\/li><li style=\"clear:both\"><\/li><\/ul>\n|raw|<font size=\"1\"><font color=\"#686868\">Gen:<\/font> 3&nbsp;|&ThickSpace;&#10003; Ignored by Mold Breaker<\/font>\n\n|c|\u2606Hockaj|!dt oblivious\n|raw|<ul class=\"utilichart\"><li class=\"result\"><span class=\"col namecol\"><a href=\"https:\/\/dex.pokemonshowdown.com\/abilities\/oblivious\">Oblivious<\/a><\/span> <span class=\"col abilitydesccol\">This Pokemon cannot be infatuated or taunted. Immune to Intimidate.<\/span> <\/li><li style=\"clear:both\"><\/li><\/ul>\n|raw|<font size=\"1\"><font color=\"#686868\">Gen:<\/font> 3&nbsp;|&ThickSpace;&#10003; Ignored by Mold Breaker<\/font>\n\n|c|\u2606thewinnerofwinning|!dt zoroark-hisui\n|raw|<div class=\"message\"><ul class=\"utilichart\"><li class=\"result\"><span class=\"col numcol\">UU<\/span> <span class=\"col iconcol\"><psicon pokemon=\"zoroarkhisui\"\/><\/span> <span class=\"col pokemonnamecol\" style=\"white-space:nowrap\"><a href=\"https:\/\/dex.pokemonshowdown.com\/pokemon\/zoroarkhisui\" target=\"_blank\">Zoroark-Hisui<\/a><\/span> <span class=\"col typecol\"><img src=\"https:\/\/play.pokemonshowdown.com\/sprites\/types\/Normal.png\" alt=\"Normal\" height=\"14\" width=\"32\"><img src=\"https:\/\/play.pokemonshowdown.com\/sprites\/types\/Ghost.png\" alt=\"Ghost\" height=\"14\" width=\"32\"><\/span> <span style=\"float:left;min-height:26px\"><span class=\"col abilitycol\">Illusion<\/span><span class=\"col abilitycol\"><\/span><\/span><span style=\"float:left;min-height:26px\"><span class=\"col statcol\"><em>HP<\/em><br \/>55<\/span> <span class=\"col statcol\"><em>Atk<\/em><br \/>100<\/span> <span class=\"col statcol\"><em>Def<\/em><br \/>60<\/span> <span class=\"col statcol\"><em>SpA<\/em><br \/>125<\/span> <span class=\"col statcol\"><em>SpD<\/em><br \/>60<\/span> <span class=\"col statcol\"><em>Spe<\/em><br \/>110<\/span> <span class=\"col bstcol\"><em>BST<br \/>510<\/em><\/span> <\/span><\/li><li style=\"clear:both\"><\/li><\/ul><\/div>\n|raw|<font size=\"1\"><font color=\"#686868\">Dex#:<\/font> 571&nbsp;|&ThickSpace;<font color=\"#686868\">Gen:<\/font> 8&nbsp;|&ThickSpace;<font color=\"#686868\">Height:<\/font> 1.6 m&nbsp;|&ThickSpace;<font color=\"#686868\">Weight:<\/font> 73 kg <em>(80 BP)<\/em>&nbsp;|&ThickSpace;<font color=\"#686868\">Dex Colour:<\/font> Gray&nbsp;|&ThickSpace;<font color=\"#686868\">Egg Group(s):<\/font> Field&nbsp;|&ThickSpace;<font color=\"#686868\">Pre-Evolution:<\/font> Zorua-Hisui&nbsp;|&ThickSpace;<font color=\"#686868\">Does Not Evolve<\/font><\/font>\n\n|c|\u2606Hockaj|!dt unaware\n|raw|<ul class=\"utilichart\"><li class=\"result\"><span class=\"col namecol\"><a href=\"https:\/\/dex.pokemonshowdown.com\/abilities\/unaware\">Unaware<\/a><\/span> <span class=\"col abilitydesccol\">This Pokemon ignores other Pokemon's stat stages when taking or doing damage.<\/span> <\/li><li style=\"clear:both\"><\/li><\/ul>\n|raw|<font size=\"1\"><font color=\"#686868\">Gen:<\/font> 4&nbsp;|&ThickSpace;&#10003; Ignored by Mold Breaker<\/font>\n\n|\n|t:|1698218183\n|switch|p1a: Ceruledge|Ceruledge, M|100\/100\n|turn|2\n|\n|t:|1698218192\n|switch|p2a: Dondozo|Dondozo, F|100\/100\n|switch|p1a: Mandibuzz|Mandibuzz, F|100\/100\n|\n|upkeep\n|turn|3\n|c|\u2606Hockaj|ohh\n|c|\u2606Hockaj|my days\n|c|\u2606Hockaj|didnt see you had zoroark\n|c|\u2606Hockaj|ffs\n|\n|t:|1698218221\n|move|p1a: Mandibuzz|Toxic|p2a: Dondozo\n|-status|p2a: Dondozo|tox\n|move|p2a: Dondozo|Yawn|p1a: Mandibuzz\n|-start|p1a: Mandibuzz|move: Yawn|[of] p2a: Dondozo\n|\n|-damage|p2a: Dondozo|94\/100 tox|[from] psn\n|upkeep\n|turn|4\n|\n|t:|1698218235\n|move|p1a: Mandibuzz|Knock Off|p2a: Dondozo\n|-damage|p2a: Dondozo|79\/100 tox\n|-enditem|p2a: Dondozo|Leftovers|[from] move: Knock Off|[of] p1a: Mandibuzz\n|move|p2a: Dondozo|Liquidation|p1a: Mandibuzz\n|-damage|p1a: Mandibuzz|79\/100\n|-unboost|p1a: Mandibuzz|def|1\n|\n|-heal|p1a: Mandibuzz|85\/100|[from] item: Leftovers\n|-damage|p2a: Dondozo|67\/100 tox|[from] psn\n|-end|p1a: Mandibuzz|move: Yawn|[silent]\n|-status|p1a: Mandibuzz|slp\n|upkeep\n|turn|5\n|\n|t:|1698218250\n|switch|p2a: Cinderace|Cinderace, M|100\/100\n|cant|p1a: Mandibuzz|slp\n|\n|-heal|p1a: Mandibuzz|91\/100 slp|[from] item: Leftovers\n|upkeep\n|turn|6\n|\n|t:|1698218259\n|move|p2a: Cinderace|Pyro Ball|p1a: Mandibuzz\n|-damage|p1a: Mandibuzz|20\/100 slp\n|cant|p1a: Mandibuzz|slp\n|\n|-heal|p1a: Mandibuzz|26\/100 slp|[from] item: Leftovers\n|upkeep\n|turn|7\n|\n|t:|1698218273\n|switch|p1a: Gliscor|Gliscor, F|100\/100\n|move|p2a: Cinderace|High Jump Kick|p1a: Gliscor\n|-start|p2a: Cinderace|typechange|Fighting|[from] ability: Libero\n|-resisted|p1a: Gliscor\n|-damage|p1a: Gliscor|69\/100\n|\n|-status|p1a: Gliscor|tox|[from] item: Toxic Orb\n|upkeep\n|turn|8\n|\n|t:|1698218283\n|switch|p2a: Dondozo|Dondozo, F|67\/100 tox\n|move|p1a: Gliscor|Protect||[still]\n|-fail|p1a: Gliscor\n|\n|-heal|p1a: Gliscor|81\/100 tox|[from] ability: Poison Heal\n|-damage|p2a: Dondozo|61\/100 tox|[from] psn\n|upkeep\n|turn|9\n|\n|t:|1698218290\n|move|p1a: Gliscor|Protect|p1a: Gliscor\n|-singleturn|p1a: Gliscor|Protect\n|move|p2a: Dondozo|Rest|p2a: Dondozo\n|-status|p2a: Dondozo|slp|[from] move: Rest\n|-heal|p2a: Dondozo|100\/100 slp|[silent]\n|\n|-heal|p1a: Gliscor|93\/100 tox|[from] ability: Poison Heal\n|upkeep\n|turn|10\n|\n|t:|1698218301\n|move|p1a: Gliscor|Earthquake|p2a: Dondozo\n|-damage|p2a: Dondozo|73\/100 slp\n|cant|p2a: Dondozo|slp\n|\n|-heal|p1a: Gliscor|100\/100 tox|[from] ability: Poison Heal\n|upkeep\n|turn|11\n|\n|t:|1698218308\n|move|p1a: Gliscor|Earthquake|p2a: Dondozo\n|-crit|p2a: Dondozo\n|-damage|p2a: Dondozo|35\/100 slp\n|cant|p2a: Dondozo|slp\n|\n|upkeep\n|turn|12\n|\n|t:|1698218313\n|move|p1a: Gliscor|Earthquake|p2a: Dondozo\n|-damage|p2a: Dondozo|5\/100 slp\n|-curestatus|p2a: Dondozo|slp|[msg]\n|move|p2a: Dondozo|Rest|p2a: Dondozo\n|-status|p2a: Dondozo|slp|[from] move: Rest\n|-heal|p2a: Dondozo|100\/100 slp|[silent]\n|\n|upkeep\n|turn|13\n|\n|t:|1698218321\n|move|p1a: Gliscor|Earthquake|p2a: Dondozo\n|-damage|p2a: Dondozo|73\/100 slp\n|cant|p2a: Dondozo|slp\n|\n|upkeep\n|turn|14\n|\n|t:|1698218328\n|move|p1a: Gliscor|Earthquake|p2a: Dondozo\n|-damage|p2a: Dondozo|45\/100 slp\n|cant|p2a: Dondozo|slp\n|\n|upkeep\n|turn|15\n|\n|t:|1698218358\n|switch|p1a: Ceruledge|Ceruledge, M|100\/100\n|-curestatus|p2a: Dondozo|slp|[msg]\n|move|p2a: Dondozo|Curse|p2a: Dondozo\n|-unboost|p2a: Dondozo|spe|1\n|-boost|p2a: Dondozo|atk|1\n|-boost|p2a: Dondozo|def|1\n|\n|upkeep\n|turn|16\n|\n|t:|1698218374\n|move|p1a: Ceruledge|Psycho Cut|p2a: Dondozo\n|-damage|p2a: Dondozo|35\/100\n|move|p2a: Dondozo|Rest|p2a: Dondozo\n|-status|p2a: Dondozo|slp|[from] move: Rest\n|-heal|p2a: Dondozo|100\/100 slp|[silent]\n|\n|upkeep\n|turn|17\n|\n|t:|1698218384\n|switch|p1a: Greninja|Greninja, F|100\/100\n|switch|p2a: Gholdengo|Gholdengo|100\/100\n|\n|upkeep\n|turn|18\n|\n|t:|1698218390\n|move|p2a: Gholdengo|Focus Blast|p1a: Greninja|[miss]\n|-miss|p2a: Gholdengo|p1a: Greninja\n|move|p1a: Greninja|Dark Pulse|p2a: Gholdengo\n|-start|p1a: Greninja|typechange|Dark|[from] ability: Protean\n|-supereffective|p2a: Gholdengo\n|-damage|p2a: Gholdengo|15\/100\n|\n|upkeep\n|turn|19\n|\n|t:|1698218401\n|move|p2a: Gholdengo|Focus Blast|p1a: Greninja\n|-supereffective|p1a: Greninja\n|-enditem|p1a: Greninja|Focus Sash\n|-damage|p1a: Greninja|1\/100\n|move|p1a: Greninja|Dark Pulse|p2a: Gholdengo\n|-supereffective|p2a: Gholdengo\n|-crit|p2a: Gholdengo\n|-damage|p2a: Gholdengo|0 fnt\n|faint|p2a: Gholdengo\n|\n|upkeep\n|\n|t:|1698218404\n|switch|p2a: Cinderace|Cinderace, M|100\/100\n|turn|20\n|\n|t:|1698218420\n|move|p2a: Cinderace|Sucker Punch|p1a: Greninja\n|-start|p2a: Cinderace|typechange|Dark|[from] ability: Libero\n|-resisted|p1a: Greninja\n|-damage|p1a: Greninja|0 fnt\n|faint|p1a: Greninja\n|\n|upkeep\n|\n|t:|1698218441\n|switch|p1a: Ceruledge|Ceruledge, M|100\/100\n|turn|21\n|\n|t:|1698218445\n|move|p2a: Cinderace|Sucker Punch||[still]\n|-fail|p2a: Cinderace\n|move|p1a: Ceruledge|Swords Dance|p1a: Ceruledge\n|-boost|p1a: Ceruledge|atk|2\n|\n|upkeep\n|turn|22\n|\n|t:|1698218461\n|switch|p2a: Dondozo|Dondozo, F|100\/100 slp\n|move|p1a: Ceruledge|Swords Dance|p1a: Ceruledge\n|-boost|p1a: Ceruledge|atk|2\n|\n|upkeep\n|turn|23\n|\n|t:|1698218473\n|move|p1a: Ceruledge|Facade|p2a: Dondozo\n|-damage|p2a: Dondozo|83\/100 slp\n|cant|p2a: Dondozo|slp\n|\n|upkeep\n|turn|24\n|\n|t:|1698218482\n|move|p1a: Ceruledge|Facade|p2a: Dondozo\n|-damage|p2a: Dondozo|65\/100 slp\n|cant|p2a: Dondozo|slp\n|\n|upkeep\n|turn|25\n|\n|t:|1698218487\n|move|p1a: Ceruledge|Facade|p2a: Dondozo\n|-damage|p2a: Dondozo|45\/100 slp\n|-curestatus|p2a: Dondozo|slp|[msg]\n|move|p2a: Dondozo|Curse|p2a: Dondozo\n|-unboost|p2a: Dondozo|spe|1\n|-boost|p2a: Dondozo|atk|1\n|-boost|p2a: Dondozo|def|1\n|\n|upkeep\n|turn|26\n|\n|t:|1698218497\n|move|p1a: Ceruledge|Facade|p2a: Dondozo\n|-damage|p2a: Dondozo|32\/100\n|move|p2a: Dondozo|Liquidation|p1a: Ceruledge\n|-damage|p1a: Ceruledge|9\/100\n|replace|p1a: Zoroark|Zoroark-Hisui, M\n|-end|p1a: Zoroark|Illusion\n|\n|upkeep\n|turn|27\n|\n|t:|1698218504\n|move|p1a: Zoroark|Facade|p2a: Dondozo\n|-damage|p2a: Dondozo|21\/100\n|move|p2a: Dondozo|Liquidation|p1a: Zoroark\n|-damage|p1a: Zoroark|0 fnt\n|faint|p1a: Zoroark\n|\n|upkeep\n|c|\u2606thewinnerofwinning|Physical hisui???\n|c|\u2606Hockaj|ye\n|c|\u2606Hockaj|dondozo such a twat\n|c|\u2606thewinnerofwinning|Hisui has higher spa ;-;\n|c|\u2606Hockaj|fat bastard\n|\n|t:|1698218533\n|switch|p1a: Gliscor|Gliscor, F|100\/100 tox\n|turn|28\n|c|\u2606thewinnerofwinning|Don\u2019t say that\n|c|\u2606thewinnerofwinning|he\u2019s my fat bastard\n|\n|t:|1698218544\n|move|p1a: Gliscor|Earthquake|p2a: Dondozo\n|-damage|p2a: Dondozo|0 fnt\n|faint|p2a: Dondozo\n|\n|upkeep\n|\n|t:|1698218553\n|switch|p2a: Cinderace|Cinderace, M|100\/100\n|turn|29\n|\n|t:|1698218560\n|-terastallize|p2a: Cinderace|Fire\n|move|p1a: Gliscor|Protect|p1a: Gliscor\n|-singleturn|p1a: Gliscor|Protect\n|move|p2a: Cinderace|Pyro Ball|p1a: Gliscor\n|-activate|p1a: Gliscor|move: Protect\n|\n|upkeep\n|turn|30\n|\n|t:|1698218572\n|move|p2a: Cinderace|Pyro Ball|p1a: Gliscor|[miss]\n|-miss|p2a: Cinderace|p1a: Gliscor\n|move|p1a: Gliscor|Earthquake|p2a: Cinderace\n|-supereffective|p2a: Cinderace\n|-damage|p2a: Cinderace|0 fnt\n|faint|p2a: Cinderace\n|\n|upkeep\n|\n|t:|1698218576\n|switch|p2a: Primeape|Primeape, F|100\/100\n|turn|31\n|\n|t:|1698218585\n|move|p1a: Gliscor|Protect|p1a: Gliscor\n|-singleturn|p1a: Gliscor|Protect\n|move|p2a: Primeape|Rage Fist|p1a: Gliscor\n|-activate|p1a: Gliscor|move: Protect\n|\n|upkeep\n|turn|32\n|c|\u2606Hockaj|!dt rage fist\n|raw|<ul class=\"utilichart\"><li class=\"result\"><span class=\"col movenamecol\"><a href=\"https:\/\/dex.pokemonshowdown.com\/moves\/ragefist\">Rage Fist<\/a><\/span> <span class=\"col typecol\"><img src=\"\/\/play.pokemonshowdown.com\/sprites\/types\/Ghost.png\" alt=\"Ghost\" width=\"32\" height=\"14\"><img src=\"\/\/play.pokemonshowdown.com\/sprites\/categories\/Physical.png\" alt=\"Physical\" width=\"32\" height=\"14\"><\/span> <span class=\"col labelcol\"><em>Power<\/em><br>50<\/span> <span class=\"col widelabelcol\"><em>Accuracy<\/em><br>100%<\/span> <span class=\"col pplabelcol\"><em>PP<\/em><br>16<\/span> <span class=\"col movedesccol\">+50 power for each time user was hit. Max 6 hits.<\/span> <\/li><li style=\"clear:both\"><\/li><\/ul>\n|raw|<font size=\"1\"><font color=\"#686868\">Priority:<\/font> 0&nbsp;|&ThickSpace;<font color=\"#686868\">Gen:<\/font> 9&nbsp;|&ThickSpace;&#10003; Contact&nbsp;|&ThickSpace;&#10003; Punch&nbsp;|&ThickSpace;<font color=\"#686868\">Z-Power:<\/font> 100&nbsp;|&ThickSpace;<font color=\"#686868\">Dynamax Power:<\/font> 100&nbsp;|&ThickSpace;<font color=\"#686868\">Target:<\/font> One Adjacent Pok\u00e9mon<\/font>\n\n|\n|t:|1698218601\n|switch|p2a: Blissey|Blissey, F|100\/100\n|move|p1a: Gliscor|Knock Off|p2a: Blissey\n|-damage|p2a: Blissey|38\/100\n|-enditem|p2a: Blissey|Leftovers|[from] move: Knock Off|[of] p1a: Gliscor\n|\n|upkeep\n|turn|33\n|\n|t:|1698218610\n|move|p1a: Gliscor|Earthquake|p2a: Blissey\n|-damage|p2a: Blissey|0 fnt\n|faint|p2a: Blissey\n|\n|upkeep\n|\n|t:|1698218612\n|switch|p2a: Primeape|Primeape, F|100\/100\n|turn|34\n|\n|t:|1698218617\n|move|p2a: Primeape|Bulk Up|p2a: Primeape\n|-boost|p2a: Primeape|atk|1\n|-boost|p2a: Primeape|def|1\n|move|p1a: Gliscor|Knock Off|p2a: Primeape\n|-resisted|p2a: Primeape\n|-damage|p2a: Primeape|87\/100\n|-enditem|p2a: Primeape|Eviolite|[from] move: Knock Off|[of] p1a: Gliscor\n|\n|upkeep\n|turn|35\n|c|\u2606Hockaj|wut\n|c|\u2606Hockaj|eviolite?\n|c|\u2606Hockaj|oh dang never knew it evolved into annihilape\n|c|\u2606thewinnerofwinning|!dt annihilape\n|raw|<div class=\"message\"><ul class=\"utilichart\"><li class=\"result\"><span class=\"col numcol\">Uber<\/span> <span class=\"col iconcol\"><psicon pokemon=\"annihilape\"\/><\/span> <span class=\"col pokemonnamecol\" style=\"white-space:nowrap\"><a href=\"https:\/\/dex.pokemonshowdown.com\/pokemon\/annihilape\" target=\"_blank\">Annihilape<\/a><\/span> <span class=\"col typecol\"><img src=\"https:\/\/play.pokemonshowdown.com\/sprites\/types\/Fighting.png\" alt=\"Fighting\" height=\"14\" width=\"32\"><img src=\"https:\/\/play.pokemonshowdown.com\/sprites\/types\/Ghost.png\" alt=\"Ghost\" height=\"14\" width=\"32\"><\/span> <span style=\"float:left;min-height:26px\"><span class=\"col twoabilitycol\">Vital Spirit<br \/>Inner Focus<\/span><span class=\"col abilitycol\"><em>Defiant<\/em><\/span><\/span><span style=\"float:left;min-height:26px\"><span class=\"col statcol\"><em>HP<\/em><br \/>110<\/span> <span class=\"col statcol\"><em>Atk<\/em><br \/>115<\/span> <span class=\"col statcol\"><em>Def<\/em><br \/>80<\/span> <span class=\"col statcol\"><em>SpA<\/em><br \/>50<\/span> <span class=\"col statcol\"><em>SpD<\/em><br \/>90<\/span> <span class=\"col statcol\"><em>Spe<\/em><br \/>90<\/span> <span class=\"col bstcol\"><em>BST<br \/>535<\/em><\/span> <\/span><\/li><li style=\"clear:both\"><\/li><\/ul><\/div>\n|raw|<font size=\"1\"><font color=\"#686868\">Dex#:<\/font> 979&nbsp;|&ThickSpace;<font color=\"#686868\">Gen:<\/font> 9&nbsp;|&ThickSpace;<font color=\"#686868\">Height:<\/font> 1.2 m&nbsp;|&ThickSpace;<font color=\"#686868\">Weight:<\/font> 56 kg <em>(80 BP)<\/em>&nbsp;|&ThickSpace;<font color=\"#686868\">Dex Colour:<\/font> Gray&nbsp;|&ThickSpace;<font color=\"#686868\">Egg Group(s):<\/font> Field&nbsp;|&ThickSpace;<font color=\"#686868\">Pre-Evolution:<\/font> Primeape&nbsp;|&ThickSpace;<font color=\"#686868\">Does Not Evolve<\/font><\/font>\n\n|\n|t:|1698218665\n|move|p2a: Primeape|Bulk Up|p2a: Primeape\n|-boost|p2a: Primeape|atk|1\n|-boost|p2a: Primeape|def|1\n|move|p1a: Gliscor|Earthquake|p2a: Primeape\n|-damage|p2a: Primeape|45\/100\n|\n|upkeep\n|turn|36\n|\n|t:|1698218680\n|move|p2a: Primeape|Rage Fist|p1a: Gliscor\n|-damage|p1a: Gliscor|20\/100 tox\n|move|p1a: Gliscor|Earthquake|p2a: Primeape\n|-damage|p2a: Primeape|0 fnt\n|faint|p2a: Primeape\n|\n|-heal|p1a: Gliscor|32\/100 tox|[from] ability: Poison Heal\n|upkeep\n|\n|t:|1698218683\n|switch|p2a: Zoroark|Zoroark-Hisui, F|100\/100\n|turn|37\n|\n|t:|1698218692\n|move|p1a: Gliscor|Protect|p1a: Gliscor\n|-singleturn|p1a: Gliscor|Protect\n|move|p2a: Zoroark|Shadow Ball|p1a: Gliscor\n|-activate|p1a: Gliscor|move: Protect\n|\n|-heal|p1a: Gliscor|45\/100 tox|[from] ability: Poison Heal\n|upkeep\n|turn|38\n|c|\u2606Hockaj|btw i use physical on zoroark cuz shadow sneak lmao\n|c|\u2606Hockaj|counters dem calyrex shadows\n|\n|t:|1698218724\n|move|p2a: Zoroark|Shadow Ball|p1a: Gliscor\n|-damage|p1a: Gliscor|0 fnt\n|faint|p1a: Gliscor\n|\n|upkeep\n|c|\u2606thewinnerofwinning|Yea that\u2019s a good idea\n|\n|t:|1698218741\n|switch|p1a: Ceruledge|Ceruledge, M|100\/100\n|turn|39\n|c|\u2606thewinnerofwinning|Clayrex shadow suuuucks\n|\n|t:|1698218757\n|move|p2a: Zoroark|Shadow Ball|p1a: Ceruledge\n|-supereffective|p1a: Ceruledge\n|-enditem|p1a: Ceruledge|Focus Sash\n|-damage|p1a: Ceruledge|1\/100\n|move|p1a: Ceruledge|Bitter Blade|p2a: Zoroark\n|-damage|p2a: Zoroark|6\/100\n|-heal|p1a: Ceruledge|35\/100|[from] drain|[of] p2a: Zoroark\n|\n|upkeep\n|turn|40\n|\n|t:|1698218771\n|move|p2a: Zoroark|Shadow Ball|p1a: Ceruledge\n|-supereffective|p1a: Ceruledge\n|-damage|p1a: Ceruledge|0 fnt\n|faint|p1a: Ceruledge\n|\n|upkeep\n|\n|t:|1698218776\n|switch|p1a: Mandibuzz|Mandibuzz, F|26\/100 slp\n|turn|41\n|c|\u2606Hockaj|damn\n|c|\u2606Hockaj|snoozy ape\n|\n|t:|1698218790\n|move|p2a: Zoroark|Shadow Ball|p1a: Mandibuzz\n|-resisted|p1a: Mandibuzz\n|-damage|p1a: Mandibuzz|8\/100 slp\n|-unboost|p1a: Mandibuzz|spd|1\n|-curestatus|p1a: Mandibuzz|slp|[msg]\n|move|p1a: Mandibuzz|Knock Off|p2a: Zoroark\n|-supereffective|p2a: Zoroark\n|-damage|p2a: Zoroark|0 fnt\n|-enditem|p2a: Zoroark|Choice Specs|[from] move: Knock Off|[of] p1a: Mandibuzz\n|faint|p2a: Zoroark\n|\n|win|Hockaj\n|raw|Hockaj's rating: 1368 &rarr; <strong>1389<\/strong><br \/>(+21 for winning)\n|raw|thewinnerofwinning's rating: 1392 &rarr; <strong>1371<\/strong><br \/>(-21 for losing)\n","uploadtime":1698218529,"views":7,"p1id":"hockaj","p2id":"thewinnerofwinning","formatid":"gen9anythinggoes","rating":1371,"private":0,"password":""}