{"id":"gen9anythinggoes-1977595919","p1":"UA87","p2":"MaxxEccentric","format":"[Gen 9] Anything Goes","log":"|j|\u2606UA87\n|j|\u2606MaxxEccentric\n|t:|1698430382\n|gametype|singles\n|player|p1|UA87|veteran-gen4|1257\n|player|p2|MaxxEccentric|mars|1202\n|teamsize|p1|6\n|teamsize|p2|6\n|gen|9\n|tier|[Gen 9] Anything Goes\n|rated|\n|rule|HP Percentage Mod: HP is shown in percentages\n|rule|Endless Battle Clause: Forcing endless battles is banned\n|clearpoke\n|poke|p1|Corviknight, F|\n|poke|p1|Rayquaza|\n|poke|p1|Ceruledge, M|\n|poke|p1|Kingambit, M|\n|poke|p1|Samurott-Hisui, F|\n|poke|p1|Corviknight, F|\n|poke|p2|Miraidon|\n|poke|p2|Typhlosion-Hisui, M|\n|poke|p2|Slowking-Galar, F|\n|poke|p2|Cacturne, M|\n|poke|p2|Ursaluna, F|\n|poke|p2|Annihilape, F|\n|teampreview\n|\n|t:|1698430388\n|start\n|switch|p1a: Heimdall|Ceruledge, M|100\/100\n|switch|p2a: Desert Man|Cacturne, M, shiny|100\/100\n|turn|1\n|\n|t:|1698430394\n|move|p1a: Heimdall|Bulk Up|p1a: Heimdall\n|-boost|p1a: Heimdall|atk|1\n|-boost|p1a: Heimdall|def|1\n|move|p2a: Desert Man|Knock Off|p1a: Heimdall\n|-supereffective|p1a: Heimdall\n|-damage|p1a: Heimdall|12\/100\n|-ability|p1a: Heimdall|Weak Armor|boost\n|-unboost|p1a: Heimdall|def|1\n|-boost|p1a: Heimdall|spe|2\n|-enditem|p1a: Heimdall|Focus Sash|[from] move: Knock Off|[of] p2a: Desert Man\n|-damage|p2a: Desert Man|91\/100|[from] item: Life Orb\n|\n|upkeep\n|turn|2\n|\n|t:|1698430401\n|move|p2a: Desert Man|Sucker Punch|p1a: Heimdall\n|-supereffective|p1a: Heimdall\n|-damage|p1a: Heimdall|0 fnt\n|faint|p1a: Heimdall\n|-damage|p2a: Desert Man|81\/100|[from] item: Life Orb\n|\n|upkeep\n|-message|UA87 forfeited.\n|\n|win|MaxxEccentric\n|raw|UA87's rating: 1257 &rarr; <strong>1228<\/strong><br \/>(-29 for losing)\n|raw|MaxxEccentric's rating: 1202 &rarr; <strong>1231<\/strong><br \/>(+29 for winning)\n|l|\u2606UA87\n|l|\u2606MaxxEccentric\n|j|\u2606MaxxEccentric\n|player|p2|MaxxEccentric|mars\n","uploadtime":1698430446,"views":7,"p1id":"ua87","p2id":"maxxeccentric","formatid":"gen9anythinggoes","rating":1228,"private":0,"password":""}