{"id":"gen9anythinggoes-1978070040","p1":"leftovers123456","p2":"wangdeguxiang","format":"[Gen 9] Anything Goes","log":"|j|\u2606leftovers123456\n|j|\u2606wangdeguxiang\n|t:|1698494768\n|gametype|singles\n|player|p1|leftovers123456|1|1491\n|player|p2|wangdeguxiang|ingo|1537\n|teamsize|p1|6\n|teamsize|p2|6\n|gen|9\n|tier|[Gen 9] Anything Goes\n|rated|\n|rule|HP Percentage Mod: HP is shown in percentages\n|rule|Endless Battle Clause: Forcing endless battles is banned\n|clearpoke\n|poke|p1|Annihilape, M|\n|poke|p1|Kyogre|\n|poke|p1|Zacian-*|\n|poke|p1|Arceus|\n|poke|p1|Miraidon|\n|poke|p1|Shaymin-Sky|\n|poke|p2|Calyrex-Shadow|\n|poke|p2|Arceus-Ground|\n|poke|p2|Miraidon|\n|poke|p2|Ditto|\n|poke|p2|Groudon|\n|poke|p2|Kyogre|\n|teampreview\n|inactive|Battle timer is ON: inactive players will automatically lose when time's up. (requested by wangdeguxiang)\n|inactive|leftovers123456 also wants the timer to be on.\n|\n|t:|1698494796\n|start\n|switch|p1a: Shaymin|Shaymin-Sky|100\/100\n|switch|p2a: Miraidon|Miraidon|100\/100\n|-fieldstart|move: Electric Terrain|[from] ability: Hadron Engine|[of] p2a: Miraidon\n|turn|1\n|\n|t:|1698494810\n|move|p1a: Shaymin|Earth Power|p2a: Miraidon\n|-supereffective|p2a: Miraidon\n|-damage|p2a: Miraidon|51\/100\n|move|p2a: Miraidon|Volt Switch|p1a: Shaymin\n|-damage|p1a: Shaymin|0 fnt\n|faint|p1a: Shaymin\n|-message|leftovers123456 forfeited.\n|\n|win|wangdeguxiang\n|raw|leftovers123456's rating: 1491 &rarr; <strong>1474<\/strong><br \/>(-17 for losing)\n|raw|wangdeguxiang's rating: 1537 &rarr; <strong>1554<\/strong><br \/>(+17 for winning)\n|l|\u2606leftovers123456\n","uploadtime":1698494825,"views":14,"p1id":"leftovers123456","p2id":"wangdeguxiang","formatid":"gen9anythinggoes","rating":1474,"private":0,"password":""}