{"id":"gen9anythinggoes-1995631900","p1":"ivorthewizzard","p2":"iPad Kiddo","format":"[Gen 9] Anything Goes","log":"|j|\u2606ivorthewizzard\n|j|\u2606iPad Kiddo\n|t:|1700589172\n|gametype|singles\n|player|p1|ivorthewizzard|juggler|1061\n|player|p2|iPad Kiddo|pokekid|1130\n|teamsize|p1|6\n|teamsize|p2|6\n|gen|9\n|tier|[Gen 9] Anything Goes\n|rated|\n|rule|HP Percentage Mod: HP is shown in percentages\n|rule|Endless Battle Clause: Forcing endless battles is banned\n|clearpoke\n|poke|p1|Floatzel, M|\n|poke|p1|Clefable, M|\n|poke|p1|Drifblim, M|\n|poke|p1|Dudunsparce-*, M|\n|poke|p1|Abomasnow, M|\n|poke|p1|Oricorio-Pom-Pom, M|\n|poke|p2|Gallade, M|\n|poke|p2|Veluza, M|\n|poke|p2|Kleavor, M|\n|poke|p2|Polteageist-Antique|\n|poke|p2|Sylveon, M|\n|poke|p2|Koraidon|\n|teampreview\n|inactive|Battle timer is ON: inactive players will automatically lose when time's up. (requested by iPad Kiddo)\n|\n|t:|1700589178\n|start\n|switch|p1a: Drifblim|Drifblim, M|100\/100\n|switch|p2a: Koraidon|Koraidon|100\/100\n|-weather|SunnyDay|[from] ability: Orichalcum Pulse|[of] p2a: Koraidon\n|-activate|p2a: Koraidon|Orichalcum Pulse|[source]\n|turn|1\n|\n|t:|1700589185\n|move|p2a: Koraidon|Bulk Up|p2a: Koraidon\n|-boost|p2a: Koraidon|atk|1\n|-boost|p2a: Koraidon|def|1\n|move|p1a: Drifblim|Minimize|p1a: Drifblim\n|-boost|p1a: Drifblim|evasion|2\n|\n|-weather|SunnyDay|[upkeep]\n|-status|p1a: Drifblim|brn|[from] item: Flame Orb\n|upkeep\n|turn|2\n|\n|t:|1700589194\n|-terastallize|p2a: Koraidon|Fire\n|move|p2a: Koraidon|Heat Crash|p1a: Drifblim\n|-damage|p1a: Drifblim|0 fnt\n|faint|p1a: Drifblim\n|\n|-weather|SunnyDay|[upkeep]\n|upkeep\n|-message|ivorthewizzard forfeited.\n|\n|win|iPad Kiddo\n|raw|ivorthewizzard's rating: 1061 &rarr; <strong>1046<\/strong><br \/>(-15 for losing)\n|raw|iPad Kiddo's rating: 1130 &rarr; <strong>1150<\/strong><br \/>(+20 for winning)\n|l|\u2606ivorthewizzard\n|c|\u2606iPad Kiddo|LOL\n","uploadtime":1700589208,"views":6,"p1id":"ivorthewizzard","p2id":"ipadkiddo","formatid":"gen9anythinggoes","rating":1046,"private":0,"password":""}