{"id":"gen9anythinggoes-1982122917","p1":"YoungsterJoey_LOL","p2":"PR0G4MER3838283","format":"[Gen 9] Anything Goes","log":"|j|\u2606YoungsterJoey_LOL\n|j|\u2606PR0G4MER3838283\n|t:|1698970189\n|gametype|singles\n|player|p1|YoungsterJoey_LOL|brycen|1294\n|player|p2|PR0G4MER3838283|chili|1235\n|teamsize|p1|6\n|teamsize|p2|6\n|gen|9\n|tier|[Gen 9] Anything Goes\n|rated|\n|rule|HP Percentage Mod: HP is shown in percentages\n|rule|Endless Battle Clause: Forcing endless battles is banned\n|clearpoke\n|poke|p1|Cloyster, M|\n|poke|p1|Miraidon|\n|poke|p1|Koraidon|\n|poke|p1|Roaring Moon|\n|poke|p1|Zacian-*|\n|poke|p1|Great Tusk|\n|poke|p2|Regieleki|\n|poke|p2|Gliscor, M|\n|poke|p2|Ninetales, F|\n|poke|p2|Walking Wake|\n|poke|p2|Ceruledge, M|\n|poke|p2|Ogerpon-Wellspring, F|\n|teampreview\n|inactive|Battle timer is ON: inactive players will automatically lose when time's up. (requested by YoungsterJoey_LOL)\n|\n|t:|1698970196\n|start\n|switch|p1a: Cloyster|Cloyster, M, shiny|100\/100\n|switch|p2a: Ninetales|Ninetales, F|100\/100\n|-weather|SunnyDay|[from] ability: Drought|[of] p2a: Ninetales\n|turn|1\n|\n|t:|1698970207\n|switch|p2a: Walking Wake|Walking Wake|100\/100\n|-activate|p2a: Walking Wake|ability: Protosynthesis\n|-start|p2a: Walking Wake|protosynthesisspa\n|move|p1a: Cloyster|Shell Smash|p1a: Cloyster\n|-unboost|p1a: Cloyster|def|1\n|-unboost|p1a: Cloyster|spd|1\n|-boost|p1a: Cloyster|atk|2\n|-boost|p1a: Cloyster|spa|2\n|-boost|p1a: Cloyster|spe|2\n|-enditem|p1a: Cloyster|White Herb\n|-clearnegativeboost|p1a: Cloyster|[silent]\n|\n|-weather|SunnyDay|[upkeep]\n|upkeep\n|turn|2\n|inactive|YoungsterJoey_LOL has 120 seconds left.\n|\n|t:|1698970239\n|move|p1a: Cloyster|Icicle Spear|p2a: Walking Wake\n|-damage|p2a: Walking Wake|74\/100\n|-damage|p2a: Walking Wake|48\/100\n|-damage|p2a: Walking Wake|23\/100\n|-damage|p2a: Walking Wake|0 fnt\n|faint|p2a: Walking Wake\n|-end|p2a: Walking Wake|Protosynthesis|[silent]\n|-hitcount|p2: Walking Wake|4\n|\n|-weather|SunnyDay|[upkeep]\n|upkeep\n|inactive|PR0G4MER3838283 has 120 seconds left.\n|\n|t:|1698970263\n|switch|p2a: Ceruledge|Ceruledge, M, shiny|100\/100\n|turn|3\n|\n|t:|1698970271\n|-terastallize|p2a: Ceruledge|Normal\n|move|p1a: Cloyster|Rock Blast|p2a: Ceruledge\n|-damage|p2a: Ceruledge|80\/100\n|-ability|p2a: Ceruledge|Weak Armor|boost\n|-unboost|p2a: Ceruledge|def|1\n|-boost|p2a: Ceruledge|spe|2\n|-damage|p2a: Ceruledge|48\/100\n|-ability|p2a: Ceruledge|Weak Armor|boost\n|-unboost|p2a: Ceruledge|def|1\n|-boost|p2a: Ceruledge|spe|2\n|-damage|p2a: Ceruledge|6\/100\n|-ability|p2a: Ceruledge|Weak Armor|boost\n|-unboost|p2a: Ceruledge|def|1\n|-boost|p2a: Ceruledge|spe|2\n|-damage|p2a: Ceruledge|0 fnt\n|faint|p2a: Ceruledge\n|-hitcount|p2: Ceruledge|4\n|\n|-weather|SunnyDay|[upkeep]\n|upkeep\n|inactive|PR0G4MER3838283 has 120 seconds left.\n|\n|t:|1698970290\n|switch|p2a: Ogerpon|Ogerpon-Wellspring, F|100\/100\n|turn|4\n|\n|t:|1698970296\n|move|p1a: Cloyster|Icicle Spear|p2a: Ogerpon\n|-crit|p2a: Ogerpon\n|-damage|p2a: Ogerpon|51\/100\n|-damage|p2a: Ogerpon|21\/100\n|-damage|p2a: Ogerpon|0 fnt\n|faint|p2a: Ogerpon\n|-hitcount|p2: Ogerpon|3\n|\n|-weather|SunnyDay|[upkeep]\n|upkeep\n|inactive|PR0G4MER3838283 has 120 seconds left.\n|inactive|PR0G4MER3838283 has 90 seconds left.\n|inactive|PR0G4MER3838283 has 60 seconds left.\n|inactive|PR0G4MER3838283 has 30 seconds left.\n|inactive|PR0G4MER3838283 has 20 seconds left.\n|inactive|PR0G4MER3838283 has 15 seconds left.\n|inactive|PR0G4MER3838283 has 10 seconds left.\n|inactive|PR0G4MER3838283 has 5 seconds left.\n|-message|PR0G4MER3838283 lost due to inactivity.\n|\n|win|YoungsterJoey_LOL\n|raw|YoungsterJoey_LOL's rating: 1294 &rarr; <strong>1315<\/strong><br \/>(+21 for winning)\n|raw|PR0G4MER3838283's rating: 1235 &rarr; <strong>1214<\/strong><br \/>(-21 for losing)\n","uploadtime":1698970429,"views":7,"p1id":"youngsterjoeylol","p2id":"pr0g4mer3838283","formatid":"gen9anythinggoes","rating":1214,"private":0,"password":""}