{"id":"gen9anythinggoes-1981385200","p1":"veryverycoolperson","p2":"inki296","format":"[Gen 9] Anything Goes","log":"|j|\u2606veryverycoolperson\n|j|\u2606inki296\n|t:|1698890008\n|gametype|singles\n|player|p1|veryverycoolperson|scientist|\n|player|p2|inki296|169|\n|teamsize|p1|1\n|teamsize|p2|1\n|gen|9\n|tier|[Gen 9] Anything Goes\n|rule|HP Percentage Mod: HP is shown in percentages\n|rule|Endless Battle Clause: Forcing endless battles is banned\n|clearpoke\n|poke|p1|Weezing-Galar, F|\n|poke|p2|Decidueye-Hisui, F|\n|teampreview\n|\n|t:|1698890020\n|start\n|switch|p1a: rocks with tophats|Weezing-Galar, F, shiny|100\/100\n|switch|p2a: Decidueye|Decidueye-Hisui, F, shiny|100\/100\n|-fieldstart|move: Misty Terrain|[from] ability: Misty Surge|[of] p1a: rocks with tophats\n|turn|1\n|\n|t:|1698890043\n|move|p1a: rocks with tophats|Gunk Shot|p2a: Decidueye\n|-supereffective|p2a: Decidueye\n|-damage|p2a: Decidueye|0 fnt\n|faint|p2a: Decidueye\n|\n|win|veryverycoolperson\n|l|\u2606inki296\n","uploadtime":1698890053,"views":5,"p1id":"veryverycoolperson","p2id":"inki296","formatid":"gen9anythinggoes","rating":0,"private":0,"password":""}