{"id":"radicalred-gen9anythinggoes-539010","p1":"Rhava","p2":"ThePipoShow","format":"[Gen 9] Anything Goes","log":"|j|\u2606Rhava\n|j|\u2606ThePipoShow\n|t:|1698525819\n|gametype|singles\n|player|p1|Rhava|rr-infernape|\n|player|p2|ThePipoShow|rr-gengar|\n|teamsize|p1|6\n|teamsize|p2|6\n|gen|9\n|tier|[Gen 9] Anything Goes\n|rule|HP Percentage Mod: HP is shown in percentages\n|rule|Endless Battle Clause: Forcing endless battles is banned\n|rule|Sleep Clause Mod: Limit one foe put to sleep\n|clearpoke\n|poke|p1|Galvantula, M|\n|poke|p1|Ferrothorn, F|\n|poke|p1|Cofagrigus, F|\n|poke|p1|Maractus, M|\n|poke|p1|Landorus, M|\n|poke|p1|Conkeldurr, M|\n|poke|p2|Unfezant, M|\n|poke|p2|Krookodile, F|\n|poke|p2|Golurk|\n|poke|p2|Chandelure, M|\n|poke|p2|Klinklang|\n|poke|p2|Keldeo-Resolute|\n|teampreview\n|j| zSlowKiller\n|j| PatoPatito08\n|j| ElBau1129\n|\n|t:|1698525859\n|start\n|switch|p1a: Galvantula|Galvantula, M|100\/100\n|switch|p2a: Rupertino|Keldeo-Resolute|100\/100\n|turn|1\n|c|\u2606ThePipoShow|ohno\n|c|\u2606ThePipoShow|y rhava\n|c|\u2606ThePipoShow|como va tu dia?\n|c|\u2606Rhava|bien gracias\n|c| PatoPatito08|pipo prime\n|\n|t:|1698525901\n|switch|p2a: Humo Obsequio|Golurk|100\/100\n|move|p1a: Galvantula|Sticky Web|p2a: Humo Obsequio\n|-sidestart|p2: ThePipoShow|move: Sticky Web\n|\n|upkeep\n|turn|2\n|c| PatoPatito08|si perdes sos fan de legend\n|c|\u2606ThePipoShow|ando comiendo unas galletitas aca\n|c|\u2606ThePipoShow|callate pato\n|\n|t:|1698525916\n|switch|p1a: Cofagrigus|Cofagrigus, F|100\/100\n|move|p2a: Humo Obsequio|Shadow Punch|p1a: Cofagrigus\n|-supereffective|p1a: Cofagrigus\n|-damage|p1a: Cofagrigus|50\/100\n|-damage|p2a: Humo Obsequio|84\/100|[from] item: Rocky Helmet|[of] p1a: Cofagrigus\n|\n|upkeep\n|turn|3\n|\n|t:|1698525930\n|move|p2a: Humo Obsequio|Shadow Punch|p1a: Cofagrigus\n|-supereffective|p1a: Cofagrigus\n|-damage|p1a: Cofagrigus|0 fnt\n|-damage|p2a: Humo Obsequio|67\/100|[from] item: Rocky Helmet|[of] p1a: Cofagrigus\n|faint|p1a: Cofagrigus\n|\n|upkeep\n|c|\u2606ThePipoShow|respeta a tus mayores\n|\n|t:|1698525956\n|switch|p1a: Ferrothorn|Ferrothorn, F|100\/100\n|turn|4\n|c|\u2606ThePipoShow|sabes la importancia del numero 33 en el universo?\n|\n|t:|1698525977\n|switch|p2a: Embudo Vociferar|Chandelure, M|100\/100\n|-activate|p2a: Embudo Vociferar|move: Sticky Web\n|-unboost|p2a: Embudo Vociferar|spe|1\n|move|p1a: Ferrothorn|Leech Seed|p2a: Embudo Vociferar\n|-start|p2a: Embudo Vociferar|move: Leech Seed\n|\n|-damage|p2a: Embudo Vociferar|88\/100|[from] Leech Seed|[of] p1a: Ferrothorn\n|upkeep\n|turn|5\n|c| zSlowKiller|soy el fruto del hustle del oeste\n|c|\u2606ThePipoShow|no\n|c| PatoPatito08|y no niego extra\u00f1ar un poco el antes\n|c| zSlowKiller|debo buscar la paz en quien no reste\n|c|\u2606ThePipoShow|COACHER DETECTADO \ud83d\udde3\ud83d\udde3\ud83d\udd25\ud83d\udd25\n|c|\u2606Rhava|el chandelure tiene shadow tag \n|c| PatoPatito08|no\n|c| PatoPatito08|no tiene\n|c| zSlowKiller|es ilusion\n|c| zSlowKiller|si podes cambiar\n|c|\u2606Rhava|no me deja cambiar \n|c| PatoPatito08|aparece cuando lo puede tener\n|c|\u2606Rhava|a \n|c| PatoPatito08|pero no lo tiene\n|c| zSlowKiller|si podes\n|c|\u2606Rhava|no sabia \n|c|\u2606Rhava|gracias \n|c| PatoPatito08|dice que podr\u00edas estar trappeado, pero no que lo estas\n|c|\u2606ThePipoShow|COACHER DETECTADO \ud83d\udde3\ud83d\udde3\ud83d\udd25\ud83d\udd25 COACHER DETECTADO \ud83d\udde3\ud83d\udde3\ud83d\udd25\ud83d\udd25 COACHER DETECTADO \ud83d\udde3\ud83d\udde3\ud83d\udd25\ud83d\udd25 COACHER DETECTADO \ud83d\udde3\ud83d\udde3\ud83d\udd25\ud83d\udd25 COACHER DETECTADO \ud83d\udde3\ud83d\udde3\ud83d\udd25\ud83d\udd25 COACHER DETECTADO \ud83d\udde3\ud83d\udde3\ud83d\udd25\ud83d\udd25 \n|c| zSlowKiller|JASDJASDJASDJ\n|c| PatoPatito08|me descubrieron\n|c| zSlowKiller|pato por que coacheas a rhava\n|c| zSlowKiller|eso esta mal\n|c|\u2606ThePipoShow|COACHER DETECTADO \ud83d\udde3\ud83d\udde3\ud83d\udd25\ud83d\udd25 \n|c| zSlowKiller|no coachs\n|c| PatoPatito08|perdon amigo me emocione\n|\n|t:|1698526086\n|switch|p1a: Landorus|Landorus, M|100\/100\n|move|p2a: Embudo Vociferar|Overheat|p1a: Landorus\n|-damage|p1a: Landorus|3\/100\n|-unboost|p2a: Embudo Vociferar|spa|2\n|\n|-damage|p2a: Embudo Vociferar|76\/100|[from] Leech Seed|[of] p1a: Landorus\n|-heal|p1a: Landorus|13\/100|[silent]\n|upkeep\n|turn|6\n|j| Bananablunt\n|l| Bananablunt\n|\n|t:|1698526121\n|switch|p2a: Estallar Lavanda|Unfezant, M|100\/100\n|move|p1a: Landorus|Sludge Wave|p2a: Estallar Lavanda\n|-damage|p2a: Estallar Lavanda|11\/100\n|\n|upkeep\n|turn|7\n|c|\u2606ThePipoShow|cual es tu juego favorito\n|c|\u2606ThePipoShow|el mio es angry birds\n|c| zSlowKiller|y ahora toy en el mic\n|c| zSlowKiller|paco y cocaine ese no es el huss\n|c| PatoPatito08|pero estuve al lado siempre\n|\n|t:|1698526150\n|switch|p1a: Ferrothorn|Ferrothorn, F|100\/100\n|move|p2a: Estallar Lavanda|Drill Peck|p1a: Ferrothorn\n|-crit|p1a: Ferrothorn\n|-damage|p1a: Ferrothorn|55\/100\n|-damage|p2a: Estallar Lavanda|0 fnt|[from] ability: Iron Barbs|[of] p1a: Ferrothorn\n|faint|p2a: Estallar Lavanda\n|\n|-heal|p1a: Ferrothorn|61\/100|[from] item: Leftovers\n|upkeep\n|c|\u2606ThePipoShow|porfa no me dejes hablando solo\n|c| PatoPatito08|vida mala en los dientes\n|c|\u2606ThePipoShow|me pongo a llorar\n|c|\u2606ThePipoShow|mifin\n|\n|t:|1698526159\n|switch|p2a: Rupertino|Keldeo-Resolute|100\/100\n|-activate|p2a: Rupertino|move: Sticky Web\n|-unboost|p2a: Rupertino|spe|1\n|turn|8\n|c| zSlowKiller|amigoo\n|c| zSlowKiller|q paja no tener spotify premium\n|c| zSlowKiller|quiero llorar\n|c|\u2606ThePipoShow|rhava amigo\n|c|\u2606ThePipoShow|que preferis\n|c|\u2606ThePipoShow|traba feo o chica linda\n|c| PatoPatito08|killer\n|c| PatoPatito08|pedile a wolf\n|c| zSlowKiller|q\n|c| PatoPatito08|no se\n|c| PatoPatito08|pero\n|c| PatoPatito08|pedile\n|c| zSlowKiller|pero tuve otro plan\n|c| PatoPatito08|y te compra spoti premium\n|c|\u2606Rhava|por que hay que elegir?\n|c| zSlowKiller|y ahora toy en el mic\n|c| PatoPatito08|no se we\n|c| zSlowKiller|paco y cocaine ese no es el huss\n|c| zSlowKiller|pero tu ya lo sientes\n|c| zSlowKiller|vida mala en los dientes\n|c|\u2606Rhava|elegir es de debiles\n|c|\u2606ThePipoShow|va\n|c|\u2606ThePipoShow|que prefieres\n|c|\u2606ThePipoShow|no es elegir\n|c|\u2606ThePipoShow|es preferir\n|c| zSlowKiller|rhava quiere los 2\n|c| PatoPatito08|pipo\n|c| zSlowKiller|por eso\n|c|\u2606ThePipoShow|pero\n|c|\u2606ThePipoShow|el que te llevas vos\n|c|\u2606ThePipoShow|me queda a mi\n|c| PatoPatito08|si estuvieras en una habitacion con 100 vergas bien jugosas, con cuantas te atragantas?\n|c|\u2606ThePipoShow|con las 100\n|c| PatoPatito08|GG\n|c| ElBau1129|uqe\n|c| zSlowKiller|eu amigo\n|c| zSlowKiller|quiero ver la partida\n|c| PatoPatito08|COACHER DETECTADO \ud83d\udde3\ud83d\udde3\ud83d\udd25\ud83d\udd25\n|c| PatoPatito08|COACHER DETECTADO \ud83d\udde3\ud83d\udde3\ud83d\udd25\ud83d\udd25\n|c| PatoPatito08|COACHER DETECTADO \ud83d\udde3\ud83d\udde3\ud83d\udd25\ud83d\udd25\n|c| PatoPatito08|COACHER DETECTADO \ud83d\udde3\ud83d\udde3\ud83d\udd25\ud83d\udd25\n|\n|t:|1698526272\n|move|p2a: Rupertino|Secret Sword|p1a: Ferrothorn\n|-supereffective|p1a: Ferrothorn\n|-damage|p1a: Ferrothorn|0 fnt\n|faint|p1a: Ferrothorn\n|-damage|p2a: Rupertino|91\/100|[from] item: Life Orb\n|\n|upkeep\n|c|\u2606ThePipoShow|eu rhava, hay un boton que es o para atacar o para cambiar pokemon\n|c|\u2606ThePipoShow|es opcional igual\n|c| zSlowKiller|COACHER DETECTADO \ud83d\udde3\ud83d\udde3\ud83d\udd25\ud83d\udd25\n|c| zSlowKiller|COACHER DETECTADO \ud83d\udde3\ud83d\udde3\ud83d\udd25\ud83d\udd25\n|c| zSlowKiller|COACHER DETECTADO \ud83d\udde3\ud83d\udde3\ud83d\udd25\ud83d\udd25\n|c| zSlowKiller|COACHER DETECTADO \ud83d\udde3\ud83d\udde3\ud83d\udd25\ud83d\udd25COACHER DETECTADO \ud83d\udde3\ud83d\udde3\ud83d\udd25\ud83d\udd25\n|c| PatoPatito08|COACHER DETECTADO \ud83d\udde3\ud83d\udde3\ud83d\udd25\ud83d\udd25\n|c| PatoPatito08|COACHER DETECTADO \ud83d\udde3\ud83d\udde3\ud83d\udd25\ud83d\udd25COACHER DETECTADO \ud83d\udde3\ud83d\udde3\ud83d\udd25\ud83d\udd25COACHER DETECTADO \ud83d\udde3\ud83d\udde3\ud83d\udd25\ud83d\udd25COACHER DETECTADO \ud83d\udde3\ud83d\udde3\ud83d\udd25\ud83d\udd25COACHER DETECTADO \ud83d\udde3\ud83d\udde3\ud83d\udd25\ud83d\udd25COACHER DETECTADO \ud83d\udde3\ud83d\udde3\ud83d\udd25\ud83d\udd25COACHER DETECTADO \ud83d\udde3\ud83d\udde3\ud83d\udd25\ud83d\udd25COACHER DETECTADO \ud83d\udde3\ud83d\udde3\ud83d\udd25\ud83d\udd25\n|\n|t:|1698526291\n|switch|p1a: Galvantula|Galvantula, M|100\/100\n|turn|9\n|\n|t:|1698526314\n|switch|p2a: Africano Probar|Klinklang|100\/100\n|-activate|p2a: Africano Probar|move: Sticky Web\n|-unboost|p2a: Africano Probar|spe|1\n|move|p1a: Galvantula|Signal Beam|p2a: Africano Probar\n|-resisted|p2a: Africano Probar\n|-damage|p2a: Africano Probar|76\/100\n|\n|-heal|p2a: Africano Probar|82\/100|[from] item: Leftovers\n|upkeep\n|turn|10\n|\n|t:|1698526336\n|move|p1a: Galvantula|Volt Switch|p2a: Africano Probar\n|-damage|p2a: Africano Probar|37\/100\n|\n|t:|1698526340\n|switch|p1a: Conkeldurr|Conkeldurr, M|100\/100|[from] Volt Switch\n|move|p2a: Africano Probar|Shift Gear|p2a: Africano Probar\n|-boost|p2a: Africano Probar|spe|2\n|-boost|p2a: Africano Probar|atk|1\n|\n|-heal|p2a: Africano Probar|43\/100|[from] item: Leftovers\n|-status|p1a: Conkeldurr|brn|[from] item: Flame Orb\n|upkeep\n|turn|11\n|\n|t:|1698526357\n|move|p1a: Conkeldurr|Mach Punch|p2a: Africano Probar\n|-supereffective|p2a: Africano Probar\n|-damage|p2a: Africano Probar|0 fnt\n|faint|p2a: Africano Probar\n|\n|-damage|p1a: Conkeldurr|94\/100 brn|[from] brn\n|upkeep\n|c| zSlowKiller|mementistebeibi\n|c|\u2606ThePipoShow|ese pokemon no vale\n|c|\u2606ThePipoShow|ban\n|c|\u2606ThePipoShow|a ver\n|c|\u2606ThePipoShow|si tomamos todos los calculos\n|c|\u2606ThePipoShow|de la teoria de la relatividad\n|j| Toxic Ariados\n|l| Toxic Ariados\n|\n|t:|1698526419\n|switch|p2a: Humo Obsequio|Golurk|67\/100\n|-activate|p2a: Humo Obsequio|move: Sticky Web\n|-unboost|p2a: Humo Obsequio|spe|1\n|turn|12\n|\n|t:|1698526459\n|move|p1a: Conkeldurr|Knock Off|p2a: Humo Obsequio\n|-supereffective|p2a: Humo Obsequio\n|-damage|p2a: Humo Obsequio|0 fnt\n|-enditem|p2a: Humo Obsequio|Choice Band|[from] move: Knock Off|[of] p1a: Conkeldurr\n|faint|p2a: Humo Obsequio\n|\n|-damage|p1a: Conkeldurr|88\/100 brn|[from] brn\n|upkeep\n|\n|t:|1698526469\n|switch|p2a: Embudo Vociferar|Chandelure, M|76\/100\n|-activate|p2a: Embudo Vociferar|move: Sticky Web\n|-unboost|p2a: Embudo Vociferar|spe|1\n|turn|13\n|\n|t:|1698526491\n|switch|p1a: Maractus|Maractus, M|100\/100\n|-fieldstart|move: Grassy Terrain|[from] ability: Grassy Surge|[of] p1a: Maractus\n|-enditem|p1a: Maractus|Grassy Seed\n|-boost|p1a: Maractus|def|1|[from] item: Grassy Seed\n|move|p2a: Embudo Vociferar|Overheat|p1a: Maractus\n|-supereffective|p1a: Maractus\n|-damage|p1a: Maractus|0 fnt\n|-unboost|p2a: Embudo Vociferar|spa|2\n|faint|p1a: Maractus\n|\n|-heal|p2a: Embudo Vociferar|82\/100|[from] Grassy Terrain\n|upkeep\n|c| zSlowKiller|me canse\n|\n|t:|1698526503\n|switch|p1a: Landorus|Landorus, M|13\/100\n|turn|14\n|c| zSlowKiller|odio tantas preguntas\n|c| zSlowKiller|cambie pero no me lolea\n|\n|t:|1698526517\n|switch|p2a: Cocido Privado|Krookodile, F|100\/100\n|-activate|p2a: Cocido Privado|move: Sticky Web\n|-unboost|p2a: Cocido Privado|spe|1\n|move|p1a: Landorus|Earth Power|p2a: Cocido Privado\n|-damage|p2a: Cocido Privado|7\/100\n|\n|-heal|p2a: Cocido Privado|13\/100|[from] Grassy Terrain\n|upkeep\n|turn|15\n|\n|t:|1698526541\n|move|p1a: Landorus|Earth Power|p2a: Cocido Privado\n|-damage|p2a: Cocido Privado|0 fnt\n|faint|p2a: Cocido Privado\n|\n|upkeep\n|\n|t:|1698526546\n|switch|p2a: Rupertino|Keldeo-Resolute|91\/100\n|-activate|p2a: Rupertino|move: Sticky Web\n|-unboost|p2a: Rupertino|spe|1\n|turn|16\n|\n|t:|1698526554\n|move|p1a: Landorus|Earth Power|p2a: Rupertino\n|-damage|p2a: Rupertino|12\/100\n|move|p2a: Rupertino|Secret Sword|p1a: Landorus\n|-resisted|p1a: Landorus\n|-damage|p1a: Landorus|0 fnt\n|faint|p1a: Landorus\n|-damage|p2a: Rupertino|2\/100|[from] item: Life Orb\n|\n|-heal|p2a: Rupertino|8\/100|[from] Grassy Terrain\n|upkeep\n|\n|t:|1698526571\n|switch|p1a: Conkeldurr|Conkeldurr, M|88\/100 brn\n|turn|17\n|\n|t:|1698526580\n|move|p1a: Conkeldurr|Mach Punch|p2a: Rupertino\n|-damage|p2a: Rupertino|0 fnt\n|faint|p2a: Rupertino\n|\n|-heal|p1a: Conkeldurr|94\/100 brn|[from] Grassy Terrain\n|-damage|p1a: Conkeldurr|88\/100 brn|[from] brn\n|-fieldend|move: Grassy Terrain\n|upkeep\n|\n|t:|1698526586\n|switch|p2a: Embudo Vociferar|Chandelure, M|82\/100\n|-activate|p2a: Embudo Vociferar|move: Sticky Web\n|-unboost|p2a: Embudo Vociferar|spe|1\n|turn|18\n|\n|t:|1698526613\n|move|p2a: Embudo Vociferar|Flamethrower|p1a: Conkeldurr\n|-damage|p1a: Conkeldurr|27\/100 brn\n|move|p1a: Conkeldurr|Knock Off|p2a: Embudo Vociferar\n|-supereffective|p2a: Embudo Vociferar\n|-enditem|p2a: Embudo Vociferar|Colbur Berry|[eat]\n|-enditem|p2a: Embudo Vociferar|Colbur Berry|[weaken]\n|-damage|p2a: Embudo Vociferar|5\/100\n|\n|-damage|p1a: Conkeldurr|21\/100 brn|[from] brn\n|upkeep\n|turn|19\n|\n|t:|1698526627\n|move|p2a: Embudo Vociferar|Flamethrower|p1a: Conkeldurr\n|-damage|p1a: Conkeldurr|0 fnt\n|faint|p1a: Conkeldurr\n|\n|upkeep\n|\n|t:|1698526630\n|switch|p1a: Galvantula|Galvantula, M|100\/100\n|turn|20\n|\n|t:|1698526635\n|move|p1a: Galvantula|Volt Switch|p2a: Embudo Vociferar\n|-damage|p2a: Embudo Vociferar|0 fnt\n|faint|p2a: Embudo Vociferar\n|\n|win|Rhava\n|c|\u2606ThePipoShow|GG\n|c|\u2606Rhava|gg\n","uploadtime":1698526642,"views":11,"p1id":"rhava","p2id":"thepiposhow","formatid":"gen9anythinggoes","rating":0,"private":0,"password":""}