{"id":"radicalred-gen9anythinggoes-540104","p1":"drakig","p2":"ElBau1129","format":"[Gen 9] Anything Goes","log":"|j|\u2606drakig\n|j|\u2606ElBau1129\n|t:|1698705499\n|gametype|singles\n|player|p1|drakig|rr-tornadustherian|\n|player|p2|ElBau1129|rr-houndoommega|\n|teamsize|p1|6\n|teamsize|p2|6\n|gen|9\n|tier|[Gen 9] Anything Goes\n|rule|HP Percentage Mod: HP is shown in percentages\n|rule|Endless Battle Clause: Forcing endless battles is banned\n|rule|Sleep Clause Mod: Limit one foe put to sleep\n|clearpoke\n|poke|p1|Darmanitan, M|\n|poke|p1|Conkeldurr, F|\n|poke|p1|Krookodile, F|\n|poke|p1|Tornadus-Therian, M|\n|poke|p1|Haxorus, M|\n|poke|p1|Galvantula, M|\n|poke|p2|Volcarona, F|\n|poke|p2|Eelektross, F|\n|poke|p2|Conkeldurr, M|\n|poke|p2|Tornadus-Therian, M|\n|poke|p2|Jellicent, F|\n|poke|p2|Ferrothorn, M|\n|teampreview\n|c|\u2606drakig|Suerte\n|c|\u2606drakig|Elbau\n|j| zSlowKiller\n|c|\u2606ElBau1129|Buena suerte pibe\n|c| zSlowKiller|drakigames\n|inactive|Battle timer is ON: inactive players will automatically lose when time's up. (requested by ElBau1129)\n|\n|t:|1698705542\n|start\n|switch|p1a: Argentina|Darmanitan, M|100\/100\n|switch|p2a: DarkWinds|Tornadus-Therian, M, shiny|100\/100\n|turn|1\n|c| zSlowKiller|tienes que dar el primer paso\n|j| owless\n|c| zSlowKiller|luego sigo yo\n|j| Gerecht\n|inactive|drakig has 270 seconds left.\n|c| Gerecht|pierde draki\n|c| Gerecht|pls\n|c| zSlowKiller|owless\n|\n|t:|1698705601\n|switch|p2a: TermoTanque|Jellicent, F, shiny|100\/100\n|move|p1a: Argentina|U-turn|p2a: TermoTanque\n|-resisted|p2a: TermoTanque\n|-damage|p2a: TermoTanque|91\/100\n|c| zSlowKiller|cuando sale \u00f1oquis 2\n|c| zSlowKiller|la secuela\n|inactive|drakig has 240 seconds left.\n|c| owless|Cuando acabe el 1\n|\n|t:|1698705625\n|switch|p1a: Papeado|Galvantula, M|100\/100|[from] U-turn\n|\n|-heal|p2a: TermoTanque|97\/100|[from] item: Leftovers\n|upkeep\n|turn|2\n|c| Gerecht|owless cuando sale peru 2\n|\n|t:|1698705650\n|switch|p2a: ChupaPitos|Eelektross, F|100\/100\n|move|p1a: Papeado|Thunder|p2a: ChupaPitos\n|-resisted|p2a: ChupaPitos\n|-damage|p2a: ChupaPitos|65\/100\n|-damage|p1a: Papeado|91\/100|[from] item: Life Orb\n|\n|upkeep\n|turn|3\n|c| owless|Nunca, no hay presupuesto\n|c| zSlowKiller|pero\n|c| zSlowKiller|si peru 2 es una leyenda\n|c| zSlowKiller|nunca va a salir\n|inactive|drakig has 210 seconds left.\n|inactive|ElBau1129 has 270 seconds left.\n|\n|t:|1698705691\n|switch|p1a: Buencha|Haxorus, M|100\/100\n|-ability|p1a: Buencha|Mold Breaker\n|move|p2a: ChupaPitos|Fire Blast|p1a: Buencha\n|-resisted|p1a: Buencha\n|-damage|p1a: Buencha|72\/100\n|\n|upkeep\n|turn|4\n|c| zSlowKiller|oye\n|c| zSlowKiller|que opinan\n|c| zSlowKiller|de que\n|inactive|drakig has 210 seconds left.\n|c| zSlowKiller|lionel\n|c| zSlowKiller|andres\n|c| zSlowKiller|messi\n|c| zSlowKiller|gano\n|inactive|ElBau1129 has 270 seconds left.\n|c| zSlowKiller|el\n|c| zSlowKiller|balon\n|c| zSlowKiller|de\n|c| zSlowKiller|hierro\n|c| Gerecht|no digo nada\n|c| owless|Mal\n|c| Gerecht|me llevan preso\n|c| owless|lo tenia que ganar Jellycent\n|inactive|ElBau1129 has 240 seconds left.\n|\n|t:|1698705758\n|switch|p2a: IronBallBarb|Ferrothorn, M|100\/100\n|move|p1a: Buencha|Scale Shot|p2a: IronBallBarb\n|-resisted|p2a: IronBallBarb\n|-damage|p2a: IronBallBarb|96\/100\n|-resisted|p2a: IronBallBarb\n|-damage|p2a: IronBallBarb|92\/100\n|-resisted|p2a: IronBallBarb\n|-damage|p2a: IronBallBarb|88\/100\n|-resisted|p2a: IronBallBarb\n|-damage|p2a: IronBallBarb|83\/100\n|-hitcount|p2a: IronBallBarb|4\n|-unboost|p1a: Buencha|def|1\n|-boost|p1a: Buencha|spe|1\n|\n|upkeep\n|turn|5\n|inactive|ElBau1129 has 210 seconds left.\n|c| zSlowKiller|bau se te acaba el tiempo\n|inactive|drakig has 180 seconds left.\n|c| zSlowKiller|tictac\n|\n|t:|1698705806\n|switch|p1a: Ottawa|Tornadus-Therian, M|100\/100\n|move|p2a: IronBallBarb|Gyro Ball|p1a: Ottawa\n|-damage|p1a: Ottawa|29\/100\n|\n|upkeep\n|turn|6\n|inactive|ElBau1129 has 180 seconds left.\n|\n|t:|1698705826\n|switch|p1a: Argentina|Darmanitan, M|100\/100\n|switch|p2a: TermoTanque|Jellicent, F, shiny|97\/100\n|\n|-heal|p2a: TermoTanque|100\/100|[from] item: Leftovers\n|upkeep\n|turn|7\n|c| zSlowKiller|el maldito predict\n|c| owless|:Full gato:\n|c| owless|:Full gato:\n|c| owless|:Full gato:\n|inactive|drakig has 150 seconds left.\n|c| zSlowKiller|:gatoporro:\n|\n|t:|1698705867\n|move|p1a: Argentina|U-turn|p2a: TermoTanque\n|-resisted|p2a: TermoTanque\n|-damage|p2a: TermoTanque|91\/100\n|\n|t:|1698705874\n|switch|p1a: Dripped papa|Krookodile, F|100\/100|[from] U-turn\n|-ability|p1a: Dripped papa|Intimidate|boost\n|-unboost|p2a: TermoTanque|atk|1\n|move|p2a: TermoTanque|Scald|p1a: Dripped papa\n|-supereffective|p1a: Dripped papa\n|-damage|p1a: Dripped papa|40\/100\n|\n|-heal|p2a: TermoTanque|97\/100|[from] item: Leftovers\n|upkeep\n|turn|8\n|inactive|ElBau1129 has 180 seconds left.\n|inactive|drakig has 120 seconds left.\n|\n|t:|1698705913\n|switch|p2a: Alba\u00f1il|Conkeldurr, M|100\/100\n|move|p1a: Dripped papa|Wicked Blow|p2a: Alba\u00f1il\n|-resisted|p2a: Alba\u00f1il\n|-crit|p2a: Alba\u00f1il\n|-damage|p2a: Alba\u00f1il|78\/100\n|\n|upkeep\n|turn|9\n|inactive|drakig has 120 seconds left.\n|c| owless|Ese tio es de mi ueblo, el hijo de la mari\n|inactive|drakig has 90 seconds left.\n|inactive|ElBau1129 has 150 seconds left.\n|c| Gerecht|Marselo Escobar Jr. (conocido tambi\u00e9n como El Hombre Bola Blanca) es un personaje ficticio que aparece en los mangas japoneses publicados por Mamarre Comics. El personaje fue creado por Hiroshi Takahashi, Kino 5 y cocreado por el escritor y editor Masashi Kishimoto, desarrollado por el guionista Naoki Urasawa y dise\u00f1ado por Akira Toriyama y Takahashi Okazaki.. Hizo su primera aparici\u00f3n en Killer Bean of Suspense #32 (Marzo de 1969), y recibi\u00f3 su propio t\u00edtulo en \"Marselo: My Kino Hero #1\" en 1970, y lo que lo llev\u00f3 al \u00e9xito, Marselo Adventures en 1980.\n|\n|t:|1698705980\n|switch|p1a: Panza|Conkeldurr, F|100\/100\n|move|p2a: Alba\u00f1il|Drain Punch|p1a: Panza\n|-damage|p1a: Panza|50\/100\n|-heal|p2a: Alba\u00f1il|100\/100|[from] drain|[of] p1a: Panza\n|\n|upkeep\n|turn|10\n|c| zSlowKiller|oye\n|c| zSlowKiller|ya salio marselo 4\n|c| owless|Hace ya\n|j| 00Coosm0\n|inactive|drakig has 60 seconds left.\n|c| 00Coosm0|cuanto van\n|c| 00Coosm0|o es 1er comabte?\n|c| owless|0-0\n|inactive|ElBau1129 has 120 seconds left.\n|c| 00Coosm0|carajo\n|c| zSlowKiller|hola 00Coosm0\n|c| 00Coosm0|bau\n|c| 00Coosm0|si me lo permites\n|c| Gerecht|owless y hay marselo 20?\n|c| 00Coosm0|voy hacer ahora la modificacion del team\n|\n|t:|1698706033\n|move|p1a: Panza|Knock Off|p2a: Alba\u00f1il\n|-resisted|p2a: Alba\u00f1il\n|-crit|p2a: Alba\u00f1il\n|-damage|p2a: Alba\u00f1il|62\/100\n|-enditem|p2a: Alba\u00f1il|Assault Vest|[from] move: Knock Off|[of] p1a: Panza\n|move|p2a: Alba\u00f1il|Drain Punch|p1a: Panza\n|-damage|p1a: Panza|4\/100\n|-heal|p2a: Alba\u00f1il|87\/100|[from] drain|[of] p1a: Panza\n|\n|upkeep\n|turn|11\n|c| zSlowKiller|a mi no me dejaron\n|c| 00Coosm0|porque ayer como lo subi rapido\n|c| 00Coosm0|se me fue\n|inactive|drakig has 60 seconds left.\n|c| owless|Ese saldra tras la saga del sexo final 4\n|c|\u2606drakig|gg\n|inactive|ElBau1129 has 90 seconds left.\n|c| zSlowKiller|me queda 4%\n|\n|t:|1698706059\n|move|p1a: Panza|Knock Off|p2a: Alba\u00f1il\n|-resisted|p2a: Alba\u00f1il\n|-damage|p2a: Alba\u00f1il|69\/100\n|move|p2a: Alba\u00f1il|Rock Slide|p1a: Panza\n|-resisted|p1a: Panza\n|-damage|p1a: Panza|0 fnt\n|faint|p1a: Panza\n|\n|upkeep\n|inactive|drakig has 30 seconds left.\n|inactive|drakig has 20 seconds left.\n|\n|t:|1698706092\n|switch|p1a: Ottawa|Tornadus-Therian, M|62\/100\n|turn|12\n|inactive|drakig has 30 seconds left this turn.\n|c|\u2606ElBau1129|no cosmo\n|c|\u2606ElBau1129|no killer\n|c|\u2606ElBau1129|no more teams\n|c| 00Coosm0|bau\n|inactive|ElBau1129 has 90 seconds left.\n|c| 00Coosm0|porfavor\n|c| zSlowKiller|bau me dormi\n|c| zSlowKiller|no es mi culpa\n|c| 00Coosm0|son solo\n|\n|t:|1698706115\n|switch|p2a: TermoTanque|Jellicent, F, shiny|97\/100\n|move|p1a: Ottawa|U-turn|p2a: TermoTanque\n|-resisted|p2a: TermoTanque\n|-damage|p2a: TermoTanque|91\/100\n|inactive|drakig has 30 seconds left this turn.\n|c| zSlowKiller|es mi cerebro\n|c| 00Coosm0|100 puntos de stats\n|c| 00Coosm0|no cambia nada\n|c| 00Coosm0|me perjudica creo\n|\n|t:|1698706123\n|switch|p1a: Papeado|Galvantula, M|91\/100|[from] U-turn\n|\n|-heal|p2a: TermoTanque|98\/100|[from] item: Leftovers\n|upkeep\n|turn|13\n|inactive|ElBau1129 has 90 seconds left.\n|\n|t:|1698706143\n|switch|p2a: ChupaPitos|Eelektross, F|65\/100\n|move|p1a: Papeado|Thunder|p2a: ChupaPitos\n|-resisted|p2a: ChupaPitos\n|-damage|p2a: ChupaPitos|33\/100\n|-damage|p1a: Papeado|81\/100|[from] item: Life Orb\n|\n|upkeep\n|turn|14\n|inactive|drakig has 30 seconds left.\n|\n|t:|1698706161\n|move|p1a: Papeado|Bug Buzz|p2a: ChupaPitos\n|-damage|p2a: ChupaPitos|0 fnt\n|faint|p2a: ChupaPitos\n|-damage|p1a: Papeado|71\/100|[from] item: Life Orb\n|\n|upkeep\n|\n|t:|1698706165\n|switch|p2a: DarkWinds|Tornadus-Therian, M, shiny|100\/100\n|turn|15\n|c| zSlowKiller|draki\n|c| zSlowKiller|el tiempo\n|c| zSlowKiller|hace\n|c| zSlowKiller|tictac\n|c| 00Coosm0|shhh\n|inactive|drakig has 30 seconds left.\n|inactive|drakig has 20 seconds left.\n|c| Gerecht|monkaS\n|inactive|drakig has 15 seconds left.\n|\n|t:|1698706200\n|switch|p1a: Dripped papa|Krookodile, F|40\/100\n|-ability|p1a: Dripped papa|Intimidate|boost\n|-unboost|p2a: DarkWinds|atk|1\n|move|p2a: DarkWinds|Bleakwind Storm|p1a: Dripped papa\n|-damage|p1a: Dripped papa|0 fnt\n|faint|p1a: Dripped papa\n|-damage|p2a: DarkWinds|90\/100|[from] item: Life Orb\n|\n|upkeep\n|inactive|drakig has 20 seconds left this turn.\n|j| ThePipoShow\n|inactive|drakig has 15 seconds left.\n|\n|t:|1698706206\n|switch|p1a: Argentina|Darmanitan, M|100\/100\n|turn|16\n|inactive|drakig has 25 seconds left this turn.\n|c| ThePipoShow|hola amigos\n|c| zSlowKiller|hola pipo\n|inactive|drakig has 20 seconds left.\n|inactive|drakig has 15 seconds left.\n|c| ThePipoShow|cuidado draki!!\n|c| 00Coosm0|callense cabrones\n|\n|t:|1698706232\n|switch|p2a: IronBallBarb|Ferrothorn, M|83\/100\n|move|p1a: Argentina|Flare Blitz|p2a: IronBallBarb\n|-supereffective|p2a: IronBallBarb\n|-crit|p2a: IronBallBarb\n|-damage|p2a: IronBallBarb|0 fnt\n|-damage|p1a: Argentina|88\/100|[from] ability: Iron Barbs|[of] p2a: IronBallBarb\n|-damage|p1a: Argentina|72\/100|[from] item: Rocky Helmet|[of] p2a: IronBallBarb\n|faint|p2a: IronBallBarb\n|-damage|p1a: Argentina|45\/100|[from] Recoil\n|\n|upkeep\n|inactive|drakig has 20 seconds left this turn.\n|c| Gerecht|hazlo por los top chatters\n|c| 00Coosm0|esta thinking\n|\n|t:|1698706241\n|switch|p2a: TermoTanque|Jellicent, F, shiny|98\/100\n|turn|17\n|inactive|drakig has 30 seconds left this turn.\n|c| zSlowKiller|va recuperando tiempo\n|\n|t:|1698706248\n|switch|p1a: Ottawa|Tornadus-Therian, M|95\/100\n|move|p2a: TermoTanque|Scald|p1a: Ottawa\n|-damage|p1a: Ottawa|41\/100\n|\n|-heal|p2a: TermoTanque|100\/100|[from] item: Leftovers\n|upkeep\n|turn|18\n|inactive|drakig has 30 seconds left.\n|c| zSlowKiller|quellegaronloaparato\n|\n|t:|1698706257\n|move|p1a: Ottawa|Air Slash|p2a: TermoTanque\n|-damage|p2a: TermoTanque|73\/100\n|cant|p2a: TermoTanque|flinch\n|\n|-heal|p2a: TermoTanque|79\/100|[from] item: Leftovers\n|upkeep\n|turn|19\n|c| Gerecht|la capital :o\n|c| zSlowKiller|a puro flinch\n|\n|t:|1698706265\n|move|p1a: Ottawa|Air Slash|p2a: TermoTanque\n|-crit|p2a: TermoTanque\n|-damage|p2a: TermoTanque|38\/100\n|move|p2a: TermoTanque|Scald|p1a: Ottawa\n|-damage|p1a: Ottawa|0 fnt\n|faint|p1a: Ottawa\n|\n|-heal|p2a: TermoTanque|44\/100|[from] item: Leftovers\n|upkeep\n|\n|t:|1698706276\n|switch|p1a: Papeado|Galvantula, M|71\/100\n|turn|20\n|inactive|ElBau1129 has 120 seconds left.\n|\n|t:|1698706301\n|switch|p2a: FireBeauty|Volcarona, F, shiny|100\/100\n|move|p1a: Papeado|Thunder|p2a: FireBeauty\n|-damage|p2a: FireBeauty|34\/100\n|-status|p2a: FireBeauty|par\n|-damage|p1a: Papeado|61\/100|[from] item: Life Orb\n|\n|upkeep\n|turn|21\n|c| Gerecht|no way\n|c| zSlowKiller|el maldito\n|inactive|drakig has 30 seconds left.\n|\n|t:|1698706323\n|move|p1a: Papeado|Volt Switch|p2a: FireBeauty\n|-damage|p2a: FireBeauty|0 fnt\n|faint|p2a: FireBeauty\n|-damage|p1a: Papeado|51\/100|[from] item: Life Orb\n|c| zSlowKiller|rayos caen del cielo\n|inactive|drakig has 30 seconds left.\n|inactive|drakig has 20 seconds left.\n|c| Gerecht|barbarico\n|inactive|drakig has 15 seconds left.\n|\n|t:|1698706343\n|switch|p1a: Buencha|Haxorus, M|72\/100|[from] Volt Switch\n|-ability|p1a: Buencha|Mold Breaker\n|\n|upkeep\n|inactive|drakig has 20 seconds left this turn.\n|c| zSlowKiller|buencha\n|inactive|ElBau1129 has 90 seconds left.\n|\n|t:|1698706394\n|switch|p2a: Alba\u00f1il|Conkeldurr, M|69\/100\n|turn|22\n|inactive|drakig has 30 seconds left this turn.\n|inactive|drakig has 20 seconds left.\n|inactive|drakig has 15 seconds left.\n|\n|t:|1698706413\n|move|p1a: Buencha|Scale Shot|p2a: Alba\u00f1il\n|-damage|p2a: Alba\u00f1il|56\/100\n|-damage|p2a: Alba\u00f1il|44\/100\n|-damage|p2a: Alba\u00f1il|31\/100\n|-damage|p2a: Alba\u00f1il|19\/100\n|-hitcount|p2a: Alba\u00f1il|4\n|-unboost|p1a: Buencha|def|1\n|-boost|p1a: Buencha|spe|1\n|move|p2a: Alba\u00f1il|Drain Punch|p1a: Buencha\n|-damage|p1a: Buencha|0 fnt\n|-heal|p2a: Alba\u00f1il|46\/100|[from] drain|[of] p1a: Buencha\n|faint|p1a: Buencha\n|\n|upkeep\n|inactive|drakig has 20 seconds left this turn.\n|inactive|drakig has 15 seconds left.\n|inactive|drakig has 10 seconds left.\n|\n|t:|1698706425\n|switch|p1a: Papeado|Galvantula, M|51\/100\n|turn|23\n|inactive|drakig has 20 seconds left this turn.\n|c|\u2606drakig|elbau\n|c|\u2606drakig|jugar con tiempo es una mierda\n|inactive|ElBau1129 has 60 seconds left.\n|c|\u2606drakig|xd\n|c| zSlowKiller|hagan como thiago\n|c| Gerecht|xd\n|c|\u2606ElBau1129|lo se\n|\n|t:|1698706464\n|move|p2a: Alba\u00f1il|Mach Punch|p1a: Papeado\n|-resisted|p1a: Papeado\n|-damage|p1a: Papeado|25\/100\n|move|p1a: Papeado|Thunder|p2a: Alba\u00f1il\n|-damage|p2a: Alba\u00f1il|0 fnt\n|faint|p2a: Alba\u00f1il\n|-damage|p1a: Papeado|15\/100|[from] item: Life Orb\n|\n|upkeep\n|inactive|drakig has 25 seconds left this turn.\n|c| zSlowKiller|desactivandole el timer a chadou\n|\n|t:|1698706468\n|switch|p2a: DarkWinds|Tornadus-Therian, M, shiny|100\/100\n|turn|24\n|c| ThePipoShow|draki\n|inactive|drakig has 30 seconds left.\n|inactive|ElBau1129 has 60 seconds left.\n|c| ThePipoShow|te amo\n|c| Gerecht|?\n|\n|t:|1698706487\n|switch|p1a: Argentina|Darmanitan, M|45\/100\n|move|p2a: DarkWinds|U-turn|p1a: Argentina\n|-resisted|p1a: Argentina\n|-damage|p1a: Argentina|31\/100\n|-damage|p2a: DarkWinds|90\/100|[from] item: Life Orb\n|c| zSlowKiller|?\n|c| Gerecht|yo te odio\n|c| ThePipoShow|OMG\n|\n|t:|1698706496\n|switch|p2a: TermoTanque|Jellicent, F, shiny|44\/100|[from] U-turn\n|\n|-heal|p2a: TermoTanque|50\/100|[from] item: Leftovers\n|upkeep\n|turn|25\n|c| ThePipoShow|COACHER DETECTADO \ud83d\udde3\ud83d\udde3\ud83d\udd25\ud83d\udd25\n|c| ThePipoShow|COACHER DETECTADO \ud83d\udde3\ud83d\udde3\ud83d\udd25\ud83d\udd25 COACHER DETECTADO \ud83d\udde3\ud83d\udde3\ud83d\udd25\ud83d\udd25 COACHER DETECTADO \ud83d\udde3\ud83d\udde3\ud83d\udd25\ud83d\udd25 COACHER DETECTADO \ud83d\udde3\ud83d\udde3\ud83d\udd25\ud83d\udd25 \n|\n|t:|1698706512\n|move|p1a: Argentina|Earthquake|p2a: TermoTanque\n|-damage|p2a: TermoTanque|23\/100\n|move|p2a: TermoTanque|Scald|p1a: Argentina\n|-supereffective|p1a: Argentina\n|-damage|p1a: Argentina|0 fnt\n|faint|p1a: Argentina\n|\n|-heal|p2a: TermoTanque|29\/100|[from] item: Leftovers\n|upkeep\n|\n|t:|1698706517\n|switch|p1a: Papeado|Galvantula, M|15\/100\n|turn|26\n|c|\u2606drakig|geges\n|\n|t:|1698706521\n|move|p1a: Papeado|Thunder|p2a: TermoTanque\n|-supereffective|p2a: TermoTanque\n|-damage|p2a: TermoTanque|0 fnt\n|faint|p2a: TermoTanque\n|-damage|p1a: Papeado|5\/100|[from] item: Life Orb\n|\n|upkeep\n|c| zSlowKiller|BAU ESTA COACHEANDO A BAU\n|\n|t:|1698706523\n|switch|p2a: DarkWinds|Tornadus-Therian, M, shiny|100\/100\n|turn|27\n|c| zSlowKiller|NO ME LO CREO\n|\n|t:|1698706529\n|move|p2a: DarkWinds|U-turn|p1a: Papeado\n|-damage|p1a: Papeado|0 fnt\n|faint|p1a: Papeado\n|-damage|p2a: DarkWinds|90\/100|[from] item: Life Orb\n|\n|win|ElBau1129\n|c| owless|CINE\n|c|\u2606drakig|lo tengo que aceptar\n|c|\u2606ElBau1129|GG\n|c|\u2606drakig|mi coach\n|c| owless|GGS\n|c|\u2606drakig|era\n|c|\u2606drakig|ElBau\n|c| Gerecht|gg\n|c|\u2606ElBau1129|plot twist\n|c| zSlowKiller|bau estaba coacheando a draki\n|c| zSlowKiller|y draki coacheaba a bau\n|c| zSlowKiller|hongo alucinogeno\n","uploadtime":1698706547,"views":27,"p1id":"drakig","p2id":"elbau1129","formatid":"gen9anythinggoes","rating":0,"private":0,"password":""}