{"id":"gen9ou-1988796879","p1":"exonskeleton","p2":"punkmag","format":"[Gen 9] OU","log":"|j|\u2606exonskeleton\n|j|\u2606punkmag\n|t:|1699764478\n|gametype|singles\n|player|p1|exonskeleton|n|1216\n|player|p2|punkmag|waitress-gen4|1183\n|teamsize|p1|6\n|teamsize|p2|6\n|gen|9\n|tier|[Gen 9] OU\n|rated|\n|rule|Sleep Clause Mod: Limit one foe put to sleep\n|rule|Species Clause: Limit one of each Pok\u00e9mon\n|rule|OHKO Clause: OHKO moves are banned\n|rule|Evasion Items Clause: Evasion items are banned\n|rule|Evasion Moves Clause: Evasion moves are banned\n|rule|Endless Battle Clause: Forcing endless battles is banned\n|rule|HP Percentage Mod: HP is shown in percentages\n|clearpoke\n|poke|p1|Torkoal, M|\n|poke|p1|Hatterene, F|\n|poke|p1|Brute Bonnet|\n|poke|p1|Ceruledge, F|\n|poke|p1|Great Tusk|\n|poke|p1|Walking Wake|\n|poke|p2|Hatterene, F|\n|poke|p2|Samurott-Hisui, M|\n|poke|p2|Zapdos|\n|poke|p2|Great Tusk|\n|poke|p2|Maushold|\n|poke|p2|Tinkaton, F|\n|teampreview\n|inactive|Battle timer is ON: inactive players will automatically lose when time's up. (requested by punkmag)\n|inactive|exonskeleton has 120 seconds left.\n|inactive|exonskeleton has 90 seconds left.\n|inactive|exonskeleton has 60 seconds left.\n|\n|t:|1699764583\n|start\n|switch|p1a: on dat good good|Torkoal, M|100\/100\n|switch|p2a: Great Tusk|Great Tusk|100\/100\n|-weather|SunnyDay|[from] ability: Drought|[of] p1a: on dat good good\n|-activate|p2a: Great Tusk|ability: Protosynthesis\n|-start|p2a: Great Tusk|protosynthesisspe\n|turn|1\n|\n|t:|1699764600\n|move|p2a: Great Tusk|Earthquake|p1a: on dat good good\n|-supereffective|p1a: on dat good good\n|-damage|p1a: on dat good good|48\/100\n|move|p1a: on dat good good|Will-O-Wisp|p2a: Great Tusk|[miss]\n|-miss|p1a: on dat good good|p2a: Great Tusk\n|\n|-weather|SunnyDay|[upkeep]\n|upkeep\n|turn|2\n|inactive|exonskeleton has 120 seconds left.\n|\n|t:|1699764638\n|-terastallize|p1a: on dat good good|Flying\n|move|p2a: Great Tusk|Earthquake|p1a: on dat good good\n|-immune|p1a: on dat good good\n|move|p1a: on dat good good|Will-O-Wisp|p2a: Great Tusk\n|-status|p2a: Great Tusk|brn\n|\n|-weather|SunnyDay|[upkeep]\n|-damage|p2a: Great Tusk|94\/100 brn|[from] brn\n|upkeep\n|turn|3\n|\n|t:|1699764657\n|switch|p1a: ate 2 many lemons|Hatterene, F|100\/100\n|move|p2a: Great Tusk|Bulk Up|p2a: Great Tusk\n|-boost|p2a: Great Tusk|atk|1\n|-boost|p2a: Great Tusk|def|1\n|\n|-weather|SunnyDay|[upkeep]\n|-heal|p2a: Great Tusk|100\/100 brn|[from] item: Leftovers\n|-damage|p2a: Great Tusk|94\/100 brn|[from] brn\n|upkeep\n|turn|4\n|inactive|exonskeleton has 90 seconds left.\n|inactive|exonskeleton has 60 seconds left.\n|inactive|exonskeleton has 30 seconds left.\n|inactive|exonskeleton has 20 seconds left.\n|inactive|exonskeleton has 15 seconds left.\n|inactive|exonskeleton has 10 seconds left.\n|inactive|exonskeleton has 5 seconds left.\n|-message|exonskeleton lost due to inactivity.\n|\n|win|punkmag\n|raw|exonskeleton's rating: 1216 &rarr; <strong>1189<\/strong><br \/>(-27 for losing)\n|raw|punkmag's rating: 1183 &rarr; <strong>1210<\/strong><br \/>(+27 for winning)\n","uploadtime":1699764780,"views":9,"p1id":"exonskeleton","p2id":"punkmag","formatid":"gen9ou","rating":1189,"private":0,"password":""}