{"id":"gen9ou-1992014118","p1":"mondonalds","p2":"Aviated_Froakie","format":"[Gen 9] OU","log":"|j|\u2606mondonalds\n|j|\u2606Aviated_Froakie\n|t:|1700147799\n|gametype|singles\n|player|p1|mondonalds|169|1045\n|player|p2|Aviated_Froakie|hoopster|1048\n|teamsize|p1|6\n|teamsize|p2|6\n|gen|9\n|tier|[Gen 9] OU\n|rated|\n|rule|Sleep Clause Mod: Limit one foe put to sleep\n|rule|Species Clause: Limit one of each Pok\u00e9mon\n|rule|OHKO Clause: OHKO moves are banned\n|rule|Evasion Items Clause: Evasion items are banned\n|rule|Evasion Moves Clause: Evasion moves are banned\n|rule|Endless Battle Clause: Forcing endless battles is banned\n|rule|HP Percentage Mod: HP is shown in percentages\n|clearpoke\n|poke|p1|Dragapult, M|\n|poke|p1|Sneasler, M|\n|poke|p1|Enamorus, F|\n|poke|p1|Samurott-Hisui, M|\n|poke|p1|Great Tusk|\n|poke|p1|Gholdengo|\n|poke|p2|Samurott-Hisui, M|\n|poke|p2|Cinderace, M|\n|poke|p2|Ogerpon, F|\n|poke|p2|Arcanine-Hisui, M|\n|poke|p2|Quaquaval, F|\n|poke|p2|Tornadus-Therian, M|\n|teampreview\n|\n|t:|1700147824\n|start\n|switch|p1a: Enamorus|Enamorus, F|100\/100\n|switch|p2a: Goober|Ogerpon, F|100\/100\n|turn|1\n|\n|t:|1700147835\n|move|p2a: Goober|Swords Dance|p2a: Goober\n|-boost|p2a: Goober|atk|2\n|move|p1a: Enamorus|Mystical Fire|p2a: Goober\n|-supereffective|p2a: Goober\n|-damage|p2a: Goober|9\/100\n|-unboost|p2a: Goober|spa|1\n|-ability|p2a: Goober|Defiant|boost\n|-boost|p2a: Goober|atk|2\n|\n|upkeep\n|turn|2\n|\n|t:|1700147854\n|-terastallize|p2a: Goober|Grass\n|detailschange|p2a: Goober|Ogerpon-Teal-Tera, F, tera:Grass\n|-ability|p2a: Goober|Embody Aspect (Teal)|boost\n|-boost|p2a: Goober|spe|1\n|move|p2a: Goober|Ivy Cudgel|p1a: Enamorus\n|-resisted|p1a: Enamorus\n|-crit|p1a: Enamorus\n|-damage|p1a: Enamorus|0 fnt\n|faint|p1a: Enamorus\n|\n|upkeep\n|\n|t:|1700147869\n|switch|p1a: Dragapult|Dragapult, M|100\/100\n|turn|3\n|\n|t:|1700147878\n|move|p2a: Goober|Ivy Cudgel|p1a: Dragapult\n|-resisted|p1a: Dragapult\n|-damage|p1a: Dragapult|0 fnt\n|faint|p1a: Dragapult\n|\n|upkeep\n|-message|mondonalds forfeited.\n|\n|win|Aviated_Froakie\n|raw|mondonalds's rating: 1045 &rarr; <strong>1028<\/strong><br \/>(-17 for losing)\n|raw|Aviated_Froakie's rating: 1048 &rarr; <strong>1081<\/strong><br \/>(+33 for winning)\n|l|\u2606mondonalds\n","uploadtime":1700147887,"views":22,"p1id":"mondonalds","p2id":"aviatedfroakie","formatid":"gen9ou","rating":1028,"private":0,"password":""}