{"id":"gen9ou-1999352482","p1":"Woodowl","p2":"SaucySlinky8010","format":"[Gen 9] OU","log":"|j|\u2606Woodowl\n|j|\u2606SaucySlinky8010\n|t:|1701065161\n|gametype|singles\n|player|p1|Woodowl|drayden|1506\n|player|p2|SaucySlinky8010|101|1625\n|teamsize|p1|6\n|teamsize|p2|6\n|gen|9\n|tier|[Gen 9] OU\n|rated|\n|rule|Sleep Clause Mod: Limit one foe put to sleep\n|rule|Species Clause: Limit one of each Pok\u00e9mon\n|rule|OHKO Clause: OHKO moves are banned\n|rule|Evasion Items Clause: Evasion items are banned\n|rule|Evasion Moves Clause: Evasion moves are banned\n|rule|Endless Battle Clause: Forcing endless battles is banned\n|rule|HP Percentage Mod: HP is shown in percentages\n|clearpoke\n|poke|p1|Pelipper, M|\n|poke|p1|Greninja-*, M|\n|poke|p1|Basculegion, M|\n|poke|p1|Zapdos|\n|poke|p1|Sandy Shocks|\n|poke|p1|Scizor, M|\n|poke|p2|Kingambit, M|\n|poke|p2|Glimmora, M|\n|poke|p2|Zamazenta-*|\n|poke|p2|Iron Valiant|\n|poke|p2|Iron Moth|\n|poke|p2|Ogerpon-Wellspring, F|\n|teampreview\n|inactive|Battle timer is ON: inactive players will automatically lose when time's up. (requested by SaucySlinky8010)\n|inactive|SaucySlinky8010 has 120 seconds left.\n|inactive|Woodowl has 120 seconds left.\n|\n|t:|1701065207\n|start\n|switch|p1a: Greninja|Greninja, M|100\/100\n|switch|p2a: Glimmora|Glimmora, M|100\/100\n|turn|1\n|inactive|SaucySlinky8010 has 120 seconds left.\n|inactive|SaucySlinky8010 has 90 seconds left.\n|\n|t:|1701065267\n|switch|p2a: Ogerpon|Ogerpon-Wellspring, F|100\/100\n|move|p1a: Greninja|Water Shuriken|p2a: Ogerpon\n|-immune|p2a: Ogerpon|[from] ability: Water Absorb\n|\n|upkeep\n|turn|2\n|\n|t:|1701065272\n|move|p1a: Greninja|Dark Pulse|p2a: Ogerpon\n|-damage|p2a: Ogerpon|49\/100\n|-damage|p1a: Greninja|91\/100|[from] item: Life Orb\n|move|p2a: Ogerpon|Swords Dance|p2a: Ogerpon\n|-boost|p2a: Ogerpon|atk|2\n|\n|upkeep\n|turn|3\n|\n|t:|1701065279\n|move|p1a: Greninja|Dark Pulse|p2a: Ogerpon\n|-damage|p2a: Ogerpon|0 fnt\n|faint|p2a: Ogerpon\n|-ability|p1a: Greninja|Battle Bond|boost\n|-boost|p1a: Greninja|atk|1\n|-boost|p1a: Greninja|spa|1\n|-boost|p1a: Greninja|spe|1\n|-activate|p1a: Greninja|ability: Battle Bond\n|-damage|p1a: Greninja|81\/100|[from] item: Life Orb\n|\n|upkeep\n|\n|t:|1701065294\n|switch|p2a: Iron Moth|Iron Moth|100\/100\n|-enditem|p2a: Iron Moth|Booster Energy\n|-activate|p2a: Iron Moth|ability: Quark Drive|[fromitem]\n|-start|p2a: Iron Moth|quarkdrivespe\n|turn|4\n|\n|t:|1701065300\n|-terastallize|p2a: Iron Moth|Grass\n|move|p1a: Greninja|Ice Beam|p2a: Iron Moth\n|-supereffective|p2a: Iron Moth\n|-damage|p2a: Iron Moth|0 fnt\n|faint|p2a: Iron Moth\n|-end|p2a: Iron Moth|Quark Drive|[silent]\n|-damage|p1a: Greninja|71\/100|[from] item: Life Orb\n|\n|upkeep\n|-message|SaucySlinky8010 forfeited.\n|\n|win|Woodowl\n|raw|Woodowl's rating: 1506 &rarr; <strong>1533<\/strong><br \/>(+27 for winning)\n|raw|SaucySlinky8010's rating: 1625 &rarr; <strong>1598<\/strong><br \/>(-27 for losing)\n|l|\u2606SaucySlinky8010\n","uploadtime":1701065309,"views":6,"p1id":"woodowl","p2id":"saucyslinky8010","formatid":"gen9ou","rating":1533,"private":0,"password":""}