{"id":"gen9ou-1992981973","p1":"Loudclouds103","p2":"Willish6634","format":"[Gen 9] OU","log":"|j|\u2606Loudclouds103\n|j|\u2606Willish6634\n|t:|1700252496\n|gametype|singles\n|player|p1|Loudclouds103|266|1192\n|player|p2|Willish6634|leon-masters|1241\n|teamsize|p1|6\n|teamsize|p2|6\n|gen|9\n|tier|[Gen 9] OU\n|rated|\n|rule|Sleep Clause Mod: Limit one foe put to sleep\n|rule|Species Clause: Limit one of each Pok\u00e9mon\n|rule|OHKO Clause: OHKO moves are banned\n|rule|Evasion Items Clause: Evasion items are banned\n|rule|Evasion Moves Clause: Evasion moves are banned\n|rule|Endless Battle Clause: Forcing endless battles is banned\n|rule|HP Percentage Mod: HP is shown in percentages\n|clearpoke\n|poke|p1|Barraskewda, M|\n|poke|p1|Chesnaught, M|\n|poke|p1|Grafaiai, M|\n|poke|p1|Armarouge, F|\n|poke|p1|Golem-Alola, M|\n|poke|p1|Clefable, M|\n|poke|p2|Kommo-o, M|\n|poke|p2|Weavile, M|\n|poke|p2|Tauros-Paldea-Aqua, M|\n|poke|p2|Corviknight, F|\n|poke|p2|Hatterene, F|\n|poke|p2|Sandy Shocks|\n|teampreview\n|\n|t:|1700252504\n|start\n|switch|p1a: Barraskewda|Barraskewda, M|100\/100\n|switch|p2a: Sandy Shocks|Sandy Shocks|100\/100\n|turn|1\n|\n|t:|1700252507\n|-end|p2a: Sandy Shocks|Protosynthesis|[silent]\n|switch|p2a: Tauros|Tauros-Paldea-Aqua, M|100\/100\n|-ability|p2a: Tauros|Intimidate|boost\n|-unboost|p1a: Barraskewda|atk|1\n|move|p1a: Barraskewda|Flip Turn|p2a: Tauros\n|-resisted|p2a: Tauros\n|-damage|p2a: Tauros|80\/100\n|\n|t:|1700252520\n|switch|p1a: Golem|Golem-Alola, M|100\/100|[from] Flip Turn\n|\n|-heal|p2a: Tauros|86\/100|[from] item: Leftovers\n|upkeep\n|turn|2\n|\n|t:|1700252529\n|move|p2a: Tauros|Trailblaze|p1a: Golem\n|-supereffective|p1a: Golem\n|-damage|p1a: Golem|73\/100\n|-boost|p2a: Tauros|spe|1\n|-enditem|p1a: Golem|Weakness Policy\n|-boost|p1a: Golem|atk|2|[from] item: Weakness Policy\n|-boost|p1a: Golem|spa|2|[from] item: Weakness Policy\n|move|p1a: Golem|Rock Polish|p1a: Golem\n|-boost|p1a: Golem|spe|2\n|\n|-heal|p2a: Tauros|93\/100|[from] item: Leftovers\n|upkeep\n|turn|3\n|c|\u2606Willish6634|heat\n|\n|t:|1700252546\n|move|p2a: Tauros|Close Combat|p1a: Golem\n|-supereffective|p1a: Golem\n|-damage|p1a: Golem|0 fnt\n|-unboost|p2a: Tauros|def|1\n|-unboost|p2a: Tauros|spd|1\n|faint|p1a: Golem\n|\n|-heal|p2a: Tauros|99\/100|[from] item: Leftovers\n|upkeep\n|c|\u2606Loudclouds103|Good counter\n|\n|t:|1700252555\n|switch|p1a: Armarouge|Armarouge, F|100\/100\n|turn|4\n|c|\u2606Willish6634|I didnt expect that ngl\n|\n|t:|1700252562\n|-terastallize|p1a: Armarouge|Steel\n|move|p2a: Tauros|Raging Bull|p1a: Armarouge\n|-damage|p1a: Armarouge|57\/100\n|move|p1a: Armarouge|Psychic|p2a: Tauros\n|-supereffective|p2a: Tauros\n|-damage|p2a: Tauros|0 fnt\n|faint|p2a: Tauros\n|\n|upkeep\n|\n|t:|1700252569\n|switch|p2a: Sandy Shocks|Sandy Shocks|100\/100\n|turn|5\n|-message|Loudclouds103 forfeited.\n|\n|win|Willish6634\n|raw|Loudclouds103's rating: 1192 &rarr; <strong>1171<\/strong><br \/>(-21 for losing)\n|raw|Willish6634's rating: 1241 &rarr; <strong>1262<\/strong><br \/>(+21 for winning)\n|l|\u2606Loudclouds103\n","uploadtime":1700252578,"views":10,"p1id":"loudclouds103","p2id":"willish6634","formatid":"gen9ou","rating":1171,"private":0,"password":""}