{"id":"gen9ou-1994071060","p1":"Aiestea","p2":"yamiyami17","format":"[Gen 9] OU","log":"|j|\u2606Aiestea\n|j|\u2606yamiyami17\n|t:|1700403047\n|gametype|singles\n|player|p1|Aiestea|pokemaniac|1237\n|player|p2|yamiyami17|170|1214\n|teamsize|p1|6\n|teamsize|p2|6\n|gen|9\n|tier|[Gen 9] OU\n|rated|\n|rule|Sleep Clause Mod: Limit one foe put to sleep\n|rule|Species Clause: Limit one of each Pok\u00e9mon\n|rule|OHKO Clause: OHKO moves are banned\n|rule|Evasion Items Clause: Evasion items are banned\n|rule|Evasion Moves Clause: Evasion moves are banned\n|rule|Endless Battle Clause: Forcing endless battles is banned\n|rule|HP Percentage Mod: HP is shown in percentages\n|clearpoke\n|poke|p1|Kingambit, M|\n|poke|p1|Great Tusk|\n|poke|p1|Dragapult, M|\n|poke|p1|Ogerpon-Wellspring, F|\n|poke|p1|Blissey, F|\n|poke|p1|Zapdos|\n|poke|p2|Sinistcha-Masterpiece|\n|poke|p2|Snorlax, M|\n|poke|p2|Cloyster, F|\n|poke|p2|Glimmora, F|\n|poke|p2|Ceruledge, M|\n|poke|p2|Kommo-o, M|\n|teampreview\n|\n|t:|1700403055\n|start\n|switch|p1a: Dragapult|Dragapult, M|100\/100\n|switch|p2a: Sinistcha|Sinistcha-Masterpiece|100\/100\n|turn|1\n|\n|t:|1700403067\n|move|p1a: Dragapult|Shadow Ball|p2a: Sinistcha\n|-supereffective|p2a: Sinistcha\n|-damage|p2a: Sinistcha|0 fnt\n|faint|p2a: Sinistcha\n|\n|upkeep\n|\n|t:|1700403072\n|switch|p2a: Kommo-o|Kommo-o, M|100\/100\n|turn|2\n|\n|t:|1700403082\n|move|p1a: Dragapult|Shadow Ball|p2a: Kommo-o\n|-immune|p2a: Kommo-o|[from] ability: Bulletproof\n|move|p2a: Kommo-o|Clangorous Soul|p2a: Kommo-o\n|-boost|p2a: Kommo-o|atk|1\n|-boost|p2a: Kommo-o|def|1\n|-boost|p2a: Kommo-o|spa|1\n|-boost|p2a: Kommo-o|spd|1\n|-boost|p2a: Kommo-o|spe|1\n|-damage|p2a: Kommo-o|68\/100\n|\n|-heal|p2a: Kommo-o|74\/100|[from] item: Leftovers\n|upkeep\n|turn|3\n|\n|t:|1700403099\n|switch|p1a: Blissey|Blissey, F|100\/100\n|move|p2a: Kommo-o|Iron Head|p1a: Blissey\n|-damage|p1a: Blissey|66\/100\n|\n|-heal|p2a: Kommo-o|80\/100|[from] item: Leftovers\n|upkeep\n|turn|4\n|\n|t:|1700403112\n|move|p2a: Kommo-o|Drain Punch|p1a: Blissey\n|-supereffective|p1a: Blissey\n|-damage|p1a: Blissey|0 fnt\n|-heal|p2a: Kommo-o|100\/100|[from] drain|[of] p1a: Blissey\n|faint|p1a: Blissey\n|\n|upkeep\n|\n|t:|1700403124\n|switch|p1a: Dragapult|Dragapult, M|100\/100\n|turn|5\n|\n|t:|1700403131\n|move|p2a: Kommo-o|Outrage|p1a: Dragapult\n|-supereffective|p1a: Dragapult\n|-damage|p1a: Dragapult|0 fnt\n|faint|p1a: Dragapult\n|\n|upkeep\n|-message|Aiestea forfeited.\n|\n|win|yamiyami17\n|raw|Aiestea's rating: 1237 &rarr; <strong>1210<\/strong><br \/>(-27 for losing)\n|raw|yamiyami17's rating: 1214 &rarr; <strong>1241<\/strong><br \/>(+27 for winning)\n|l|\u2606Aiestea\n","uploadtime":1700403138,"views":7,"p1id":"aiestea","p2id":"yamiyami17","formatid":"gen9ou","rating":1210,"private":0,"password":""}