{"id":"gen9ou-1998204917","p1":"Bustabonejones","p2":"XPokePlayzX","format":"[Gen 9] OU","log":"|j|\u2606Bustabonejones\n|j|\u2606XPokePlayzX\n|t:|1700912268\n|gametype|singles\n|player|p1|Bustabonejones|blaine|1092\n|player|p2|XPokePlayzX|colress|1134\n|teamsize|p1|6\n|teamsize|p2|6\n|gen|9\n|tier|[Gen 9] OU\n|rated|\n|rule|Sleep Clause Mod: Limit one foe put to sleep\n|rule|Species Clause: Limit one of each Pok\u00e9mon\n|rule|OHKO Clause: OHKO moves are banned\n|rule|Evasion Items Clause: Evasion items are banned\n|rule|Evasion Moves Clause: Evasion moves are banned\n|rule|Endless Battle Clause: Forcing endless battles is banned\n|rule|HP Percentage Mod: HP is shown in percentages\n|clearpoke\n|poke|p1|Dragapult, M|\n|poke|p1|Great Tusk|\n|poke|p1|Zapdos|\n|poke|p1|Kingambit, M|\n|poke|p1|Fezandipiti, M|\n|poke|p1|Samurott-Hisui, M|\n|poke|p2|Magnezone|\n|poke|p2|Iron Valiant|\n|poke|p2|Kingambit, M|\n|poke|p2|Iron Moth|\n|poke|p2|Ogerpon-Wellspring, F|\n|poke|p2|Garganacl, F|\n|teampreview\n|inactive|Battle timer is ON: inactive players will automatically lose when time's up. (requested by XPokePlayzX)\n|\n|t:|1700912277\n|start\n|switch|p1a: Samurott|Samurott-Hisui, M|100\/100\n|switch|p2a: Iron Moth|Iron Moth|100\/100\n|turn|1\n|\n|t:|1700912292\n|move|p1a: Samurott|Razor Shell|p2a: Iron Moth\n|-supereffective|p2a: Iron Moth\n|-damage|p2a: Iron Moth|0 fnt\n|faint|p2a: Iron Moth\n|-end|p2a: Iron Moth|Quark Drive|[silent]\n|\n|upkeep\n|\n|t:|1700912296\n|switch|p2a: Ogerpon|Ogerpon-Wellspring, F|100\/100\n|turn|2\n|inactive|Bustabonejones has 120 seconds left.\n|\n|t:|1700912330\n|switch|p1a: Fezandipiti|Fezandipiti, M|100\/100\n|move|p2a: Ogerpon|Swords Dance|p2a: Ogerpon\n|-boost|p2a: Ogerpon|atk|2\n|\n|upkeep\n|turn|3\n|\n|t:|1700912338\n|move|p2a: Ogerpon|Ivy Cudgel|p1a: Fezandipiti|[anim] Ivy Cudgel Water\n|-damage|p1a: Fezandipiti|0 fnt\n|faint|p1a: Fezandipiti\n|\n|upkeep\n|inactive|Bustabonejones has 120 seconds left.\n|\n|t:|1700912348\n|switch|p1a: Dragapult|Dragapult, M|100\/100\n|turn|4\n|\n|t:|1700912357\n|move|p1a: Dragapult|Substitute|p1a: Dragapult\n|-start|p1a: Dragapult|Substitute\n|-damage|p1a: Dragapult|76\/100\n|move|p2a: Ogerpon|Ivy Cudgel|p1a: Dragapult|[anim] Ivy Cudgel Water\n|-resisted|p1a: Dragapult\n|-end|p1a: Dragapult|Substitute\n|\n|-heal|p1a: Dragapult|82\/100|[from] item: Leftovers\n|upkeep\n|turn|5\n|\n|t:|1700912368\n|move|p1a: Dragapult|Will-O-Wisp|p2a: Ogerpon|[miss]\n|-miss|p1a: Dragapult|p2a: Ogerpon\n|move|p2a: Ogerpon|Ivy Cudgel|p1a: Dragapult|[anim] Ivy Cudgel Water\n|-resisted|p1a: Dragapult\n|-damage|p1a: Dragapult|0 fnt\n|faint|p1a: Dragapult\n|\n|upkeep\n|-message|Bustabonejones forfeited.\n|\n|win|XPokePlayzX\n|raw|Bustabonejones's rating: 1092 &rarr; <strong>1071<\/strong><br \/>(-21 for losing)\n|raw|XPokePlayzX's rating: 1134 &rarr; <strong>1156<\/strong><br \/>(+22 for winning)\n|l|\u2606Bustabonejones\n","uploadtime":1700912377,"views":2,"p1id":"bustabonejones","p2id":"xpokeplayzx","formatid":"gen9ou","rating":1071,"private":0,"password":""}