{"id":"gen9ou-1996161610","p1":"Ikari.mp3","p2":"k1dsgrama","format":"[Gen 9] OU","log":"|j|\u2606Ikari.mp3\n|j|\u2606k1dsgrama\n|t:|1700653290\n|gametype|singles\n|player|p1|Ikari.mp3|n|1079\n|player|p2|k1dsgrama|pokemonrangerf|1170\n|teamsize|p1|6\n|teamsize|p2|6\n|gen|9\n|tier|[Gen 9] OU\n|rated|\n|rule|Sleep Clause Mod: Limit one foe put to sleep\n|rule|Species Clause: Limit one of each Pok\u00e9mon\n|rule|OHKO Clause: OHKO moves are banned\n|rule|Evasion Items Clause: Evasion items are banned\n|rule|Evasion Moves Clause: Evasion moves are banned\n|rule|Endless Battle Clause: Forcing endless battles is banned\n|rule|HP Percentage Mod: HP is shown in percentages\n|clearpoke\n|poke|p1|Kommo-o, F|\n|poke|p1|Iron Valiant|\n|poke|p1|Dondozo, M|\n|poke|p1|Kingambit, M|\n|poke|p1|Zapdos|\n|poke|p1|Ogerpon-Cornerstone, F|\n|poke|p2|Garganacl, F|\n|poke|p2|Great Tusk|\n|poke|p2|Gholdengo|\n|poke|p2|Iron Valiant|\n|poke|p2|Dragonite, M|\n|poke|p2|Zapdos|\n|teampreview\n|inactive|Battle timer is ON: inactive players will automatically lose when time's up. (requested by k1dsgrama)\n|\n|t:|1700653309\n|start\n|switch|p1a: Ogerpon|Ogerpon-Cornerstone, F|100\/100\n|switch|p2a: Zapdos|Zapdos|100\/100\n|turn|1\n|-message|k1dsgrama forfeited.\n|\n|win|Ikari.mp3\n|raw|Ikari.mp3's rating: 1079 &rarr; <strong>1114<\/strong><br \/>(+35 for winning)\n|raw|k1dsgrama's rating: 1170 &rarr; <strong>1139<\/strong><br \/>(-31 for losing)\n|l|\u2606k1dsgrama\n","uploadtime":1700653347,"views":1,"p1id":"ikarimp3","p2id":"k1dsgrama","formatid":"gen9ou","rating":1114,"private":0,"password":""}