{"id":"gen9ou-1996630196","p1":"HEAVY-DUTY B0OTY","p2":"Lenoxum","format":"[Gen 9] OU","log":"|j|\u2606HEAVY-DUTY B0OTY\n|j|\u2606Lenoxum\n|inactive|Battle timer is ON: inactive players will automatically lose when time's up.\n|t:|1700702706\n|gametype|singles\n|player|p1|HEAVY-DUTY B0OTY|swimmerf-gen6|\n|player|p2|Lenoxum|turo-ai|\n|teamsize|p1|3\n|teamsize|p2|3\n|gen|9\n|tier|[Gen 9] OU\n|rated|Tournament battle\n|rule|Sleep Clause Mod: Limit one foe put to sleep\n|rule|Species Clause: Limit one of each Pok\u00e9mon\n|rule|OHKO Clause: OHKO moves are banned\n|rule|Evasion Items Clause: Evasion items are banned\n|rule|Evasion Moves Clause: Evasion moves are banned\n|rule|Endless Battle Clause: Forcing endless battles is banned\n|rule|HP Percentage Mod: HP is shown in percentages\n|clearpoke\n|poke|p1|Bisharp, M|\n|poke|p1|Polteageist|\n|poke|p1|Azumarill, M|\n|poke|p2|Braviary-Hisui, M|\n|poke|p2|Slowking, M|\n|poke|p2|Salamence, M|\n|teampreview\n|j|*Lady Monita \u2746\n|c|\u2606Lenoxum|glhf\n|c|\u2606HEAVY-DUTY B0OTY|hf\n|j| poketough\n|c|\u2606Lenoxum|no gl? ;_;\n|inactive|Lenoxum has 120 seconds left.\n|c|\u2606HEAVY-DUTY B0OTY|I never wish for gl\n|j| WrenTheBurb\n|\n|t:|1700702744\n|start\n|switch|p1a: Bisharp|Bisharp, M|100\/100\n|switch|p2a: Braviary|Braviary-Hisui, M, shiny|100\/100\n|turn|1\n|c|\u2606HEAVY-DUTY B0OTY|I did once and got frozen three times\n|c|\u2606HEAVY-DUTY B0OTY|Never again\n|j| TheKriticalKid\n|c|\u2606Lenoxum|lel\n|\n|t:|1700702774\n|switch|p1a: Azumarill|Azumarill, M|100\/100\n|-terastallize|p2a: Braviary|Fire\n|move|p2a: Braviary|Heat Wave|p1a: Azumarill\n|-resisted|p1a: Azumarill\n|-damage|p1a: Azumarill|53\/100\n|-status|p1a: Azumarill|brn\n|\n|-damage|p1a: Azumarill|47\/100 brn|[from] brn\n|upkeep\n|turn|2\n|c|\u2606HEAVY-DUTY B0OTY|Oh wow\n|c|\u2606Lenoxum|thats what ya get\n|c|\u2606HEAVY-DUTY B0OTY|gl then\n|c|\u2606HEAVY-DUTY B0OTY|cough\n|\n|t:|1700702799\n|switch|p2a: Slowking|Slowking, M, shiny|100\/100\n|move|p1a: Azumarill|Aqua Jet|p2a: Slowking\n|-resisted|p2a: Slowking\n|-damage|p2a: Slowking|91\/100\n|\n|-damage|p1a: Azumarill|40\/100 brn|[from] brn\n|upkeep\n|turn|3\n|\n|t:|1700702804\n|move|p1a: Azumarill|Aqua Jet|p2a: Slowking\n|-resisted|p2a: Slowking\n|-damage|p2a: Slowking|81\/100\n|move|p2a: Slowking|Psychic|p1a: Azumarill\n|-damage|p1a: Azumarill|0 fnt\n|faint|p1a: Azumarill\n|\n|upkeep\n|\n|t:|1700702809\n|switch|p1a: Polteageist|Polteageist|100\/100\n|turn|4\n|l| TheKriticalKid\n|c|\u2606Lenoxum|oh no\n|c|\u2606HEAVY-DUTY B0OTY|in\n|\n|t:|1700702822\n|move|p1a: Polteageist|Shell Smash|p1a: Polteageist\n|-unboost|p1a: Polteageist|def|1\n|-unboost|p1a: Polteageist|spd|1\n|-boost|p1a: Polteageist|atk|2\n|-boost|p1a: Polteageist|spa|2\n|-boost|p1a: Polteageist|spe|2\n|move|p2a: Slowking|Scald|p1a: Polteageist\n|-damage|p1a: Polteageist|29\/100\n|\n|upkeep\n|turn|5\n|c|\u2606Lenoxum|help\n|\n|t:|1700702831\n|move|p1a: Polteageist|Shadow Ball|p2a: Slowking\n|-supereffective|p2a: Slowking\n|-damage|p2a: Slowking|0 fnt\n|faint|p2a: Slowking\n|\n|upkeep\n|c|\u2606Lenoxum|gideon ofnir voice: I NEED HELP\n|c|\u2606HEAVY-DUTY B0OTY|tea time\n|\n|t:|1700702852\n|switch|p2a: Braviary|Braviary-Hisui, M, shiny, tera:Fire|100\/100\n|turn|6\n|j| vehvjehbviuehwiv\n|\n|t:|1700702857\n|-terastallize|p1a: Polteageist|Psychic\n|move|p1a: Polteageist|Stored Power|p2a: Braviary\n|-damage|p2a: Braviary|0 fnt\n|faint|p2a: Braviary\n|\n|upkeep\n|c|\u2606Lenoxum|oof\n|c|\u2606Lenoxum|gg\n|\n|t:|1700702865\n|switch|p2a: Salamence|Salamence, M, shiny|100\/100\n|-ability|p2a: Salamence|Intimidate|boost\n|-unboost|p1a: Polteageist|atk|1\n|turn|7\n|\n|t:|1700702873\n|move|p1a: Polteageist|Stored Power|p2a: Salamence\n|-damage|p2a: Salamence|0 fnt\n|faint|p2a: Salamence\n|\n|win|HEAVY-DUTY B0OTY\n|n|\u2606HEAVY-DUTY B0OTY|heavydutyb0oty\n|n|\u2606Lenoxum|lenoxum\n|n|*Lady Monita \u2746|ladymonita\n|n| poketough|poketough\n|n| WrenTheBurb|wrentheburb\n|n| vehvjehbviuehwiv|vehvjehbviuehwiv\n","uploadtime":1700702874,"views":3,"p1id":"heavydutyb0oty","p2id":"lenoxum","formatid":"gen9ou","rating":0,"private":0,"password":""}