{"id":"gen9ou-1995254851","p1":"mackinleyy","p2":"BossgodoraIII","format":"[Gen 9] OU","log":"|j|\u2606mackinleyy\n|j|\u2606BossgodoraIII\n|t:|1700541743\n|gametype|singles\n|player|p1|mackinleyy|red|1042\n|player|p2|BossgodoraIII|169|1000\n|teamsize|p1|6\n|teamsize|p2|1\n|gen|9\n|tier|[Gen 9] OU\n|rated|\n|rule|Sleep Clause Mod: Limit one foe put to sleep\n|rule|Species Clause: Limit one of each Pok\u00e9mon\n|rule|OHKO Clause: OHKO moves are banned\n|rule|Evasion Items Clause: Evasion items are banned\n|rule|Evasion Moves Clause: Evasion moves are banned\n|rule|Endless Battle Clause: Forcing endless battles is banned\n|rule|HP Percentage Mod: HP is shown in percentages\n|clearpoke\n|poke|p1|Staraptor, M|\n|poke|p1|Gengar, M|\n|poke|p1|Garchomp, M|\n|poke|p1|Meowscarada, F|\n|poke|p1|Empoleon, M|\n|poke|p1|Cinderace, M|\n|poke|p2|Dondozo, F|\n|teampreview\n|inactive|Battle timer is ON: inactive players will automatically lose when time's up. (requested by BossgodoraIII)\n|\n|t:|1700541750\n|start\n|switch|p1a: Gengar|Gengar, M|100\/100\n|switch|p2a: Dondozo|Dondozo, F|100\/100\n|turn|1\n|\n|t:|1700541755\n|move|p2a: Dondozo|Protect|p2a: Dondozo\n|-singleturn|p2a: Dondozo|Protect\n|move|p1a: Gengar|Sludge Bomb|p2a: Dondozo\n|-activate|p2a: Dondozo|move: Protect\n|\n|upkeep\n|turn|2\n|\n|t:|1700541761\n|move|p2a: Dondozo|Protect||[still]\n|-fail|p2a: Dondozo\n|move|p1a: Gengar|Encore|p2a: Dondozo\n|-start|p2a: Dondozo|Encore\n|\n|upkeep\n|turn|3\n|\n|t:|1700541766\n|move|p2a: Dondozo|Protect|p2a: Dondozo\n|-singleturn|p2a: Dondozo|Protect\n|move|p1a: Gengar|Sludge Bomb|p2a: Dondozo\n|-activate|p2a: Dondozo|move: Protect\n|\n|upkeep\n|turn|4\n|\n|t:|1700541771\n|move|p2a: Dondozo|Protect||[still]\n|-fail|p2a: Dondozo\n|move|p1a: Gengar|Sludge Bomb|p2a: Dondozo\n|-damage|p2a: Dondozo|54\/100\n|-status|p2a: Dondozo|psn\n|\n|-damage|p2a: Dondozo|42\/100 psn|[from] psn\n|upkeep\n|turn|5\n|\n|t:|1700541779\n|move|p2a: Dondozo|Protect|p2a: Dondozo\n|-singleturn|p2a: Dondozo|Protect\n|move|p1a: Gengar|Sludge Bomb|p2a: Dondozo\n|-activate|p2a: Dondozo|move: Protect\n|\n|-damage|p2a: Dondozo|29\/100 psn|[from] psn\n|-end|p2a: Dondozo|Encore\n|upkeep\n|turn|6\n|\n|t:|1700541787\n|move|p2a: Dondozo|Protect||[still]\n|-fail|p2a: Dondozo\n|move|p1a: Gengar|Sludge Bomb|p2a: Dondozo\n|-damage|p2a: Dondozo|0 fnt\n|faint|p2a: Dondozo\n|\n|win|mackinleyy\n|raw|mackinleyy's rating: 1042 &rarr; <strong>1072<\/strong><br \/>(+30 for winning)\n|raw|BossgodoraIII's rating: 1000 &rarr; <strong>1000<\/strong><br \/>(+0 for losing)\n","uploadtime":1700541791,"views":20,"p1id":"mackinleyy","p2id":"bossgodoraiii","formatid":"gen9ou","rating":1000,"private":0,"password":""}