{"id":"gen9ou-2000022676","p1":"Moonlightchampion","p2":"NlCHOLAS","format":"[Gen 9] OU","log":"|j|\u2606Moonlightchampion\n|j|\u2606NlCHOLAS\n|inactive|Battle timer is ON: inactive players will automatically lose when time's up.\n|t:|1701142370\n|gametype|singles\n|player|p1|Moonlightchampion|dawn|\n|player|p2|NlCHOLAS|#1v1plviiibarraskewdas|\n|teamsize|p1|1\n|teamsize|p2|6\n|gen|9\n|tier|[Gen 9] OU\n|rated|Tournament battle\n|rule|Sleep Clause Mod: Limit one foe put to sleep\n|rule|Species Clause: Limit one of each Pok\u00e9mon\n|rule|OHKO Clause: OHKO moves are banned\n|rule|Evasion Items Clause: Evasion items are banned\n|rule|Evasion Moves Clause: Evasion moves are banned\n|rule|Endless Battle Clause: Forcing endless battles is banned\n|rule|HP Percentage Mod: HP is shown in percentages\n|clearpoke\n|poke|p1|Darkrai|\n|poke|p2|Cinderace, F|\n|poke|p2|Zapdos|\n|poke|p2|Ogerpon-Wellspring, F|\n|poke|p2|Slowking-Galar, M|\n|poke|p2|Ting-Lu|\n|poke|p2|Dondozo, M|\n|teampreview\n|inactive|NlCHOLAS also wants the timer to be on.\n|j| 5D penguin\n|c|\u2606Moonlightchampion|Sup\n|c|\u2606NlCHOLAS|yo\n|\n|t:|1701142380\n|start\n|switch|p1a: Just Me|Darkrai|100\/100\n|switch|p2a: Cinderace|Cinderace, F|100\/100\n|turn|1\n|\n|t:|1701142387\n|move|p1a: Just Me|Hypnosis|p2a: Cinderace\n|-status|p2a: Cinderace|slp|[from] move: Hypnosis\n|cant|p2a: Cinderace|slp\n|\n|-damage|p2a: Cinderace|88\/100 slp|[from] ability: Bad Dreams|[of] p1a: Just Me\n|upkeep\n|turn|2\n|\n|t:|1701142401\n|switch|p2a: Slowking|Slowking-Galar, M|100\/100\n|move|p1a: Just Me|Nasty Plot|p1a: Just Me\n|-boost|p1a: Just Me|spa|2\n|\n|upkeep\n|turn|3\n|\n|t:|1701142408\n|-terastallize|p2a: Slowking|Dragon\n|move|p1a: Just Me|Dark Pulse|p2a: Slowking\n|-damage|p2a: Slowking|33\/100\n|cant|p2a: Slowking|flinch\n|\n|upkeep\n|turn|4\n|\n|t:|1701142414\n|switch|p2a: Zapdos|Zapdos|100\/100\n|move|p1a: Just Me|Dark Pulse|p2a: Zapdos\n|-damage|p2a: Zapdos|22\/100\n|\n|upkeep\n|turn|5\n|\n|t:|1701142420\n|-terastallize|p1a: Just Me|Dark\n|move|p1a: Just Me|Dark Pulse|p2a: Zapdos\n|-damage|p2a: Zapdos|0 fnt\n|faint|p2a: Zapdos\n|\n|upkeep\n|j| Trishuladabestboi\n|\n|t:|1701142423\n|switch|p2a: Dondozo|Dondozo, M|100\/100\n|turn|6\n|\n|t:|1701142425\n|move|p1a: Just Me|Dark Pulse|p2a: Dondozo\n|-crit|p2a: Dondozo\n|-damage|p2a: Dondozo|24\/100\n|move|p2a: Dondozo|Body Press|p1a: Just Me\n|-supereffective|p1a: Just Me\n|-damage|p1a: Just Me|29\/100\n|\n|upkeep\n|turn|7\n|\n|t:|1701142437\n|move|p1a: Just Me|Dark Pulse|p2a: Dondozo\n|-damage|p2a: Dondozo|0 fnt\n|faint|p2a: Dondozo\n|\n|upkeep\n|\n|t:|1701142440\n|switch|p2a: Slowking|Slowking-Galar, M, tera:Dragon|66\/100\n|turn|8\n|\n|t:|1701142445\n|switch|p2a: Ogerpon|Ogerpon-Wellspring, F|100\/100\n|move|p1a: Just Me|Dark Pulse|p2a: Ogerpon\n|-damage|p2a: Ogerpon|0 fnt\n|faint|p2a: Ogerpon\n|\n|upkeep\n|\n|t:|1701142451\n|switch|p2a: Slowking|Slowking-Galar, M, tera:Dragon|99\/100\n|turn|9\n|\n|t:|1701142453\n|move|p1a: Just Me|Dark Pulse|p2a: Slowking\n|-damage|p2a: Slowking|11\/100\n|move|p2a: Slowking|Sludge Bomb|p1a: Just Me\n|-damage|p1a: Just Me|0 fnt\n|faint|p1a: Just Me\n|\n|win|NlCHOLAS\n|n|\u2606Moonlightchampion|moonlightchampion\n|n|\u2606NlCHOLAS|nlcholas\n|n| 5D penguin|5dpenguin\n|n| Trishuladabestboi|trishuladabestboi\n|l|\u2606NlCHOLAS\n|c|\u2606Moonlightchampion|Gg lol\n|l| 5D penguin\n|l| Trishuladabestboi\n|l|\u2606Moonlightchampion\n","uploadtime":1701142807,"views":2,"p1id":"moonlightchampion","p2id":"nlcholas","formatid":"gen9ou","rating":0,"private":0,"password":""}