{"id":"gen9ou-1997158391","p1":"sansbeatings","p2":"Guy Oh","format":"[Gen 9] OU","log":"|j|\u2606sansbeatings\n|j|\u2606Guy Oh\n|t:|1700770448\n|gametype|singles\n|player|p1|sansbeatings|wallace|\n|player|p2|Guy Oh|boarder|\n|teamsize|p1|6\n|teamsize|p2|6\n|gen|9\n|tier|[Gen 9] OU\n|rule|Sleep Clause Mod: Limit one foe put to sleep\n|rule|Species Clause: Limit one of each Pok\u00e9mon\n|rule|OHKO Clause: OHKO moves are banned\n|rule|Evasion Items Clause: Evasion items are banned\n|rule|Evasion Moves Clause: Evasion moves are banned\n|rule|Endless Battle Clause: Forcing endless battles is banned\n|rule|HP Percentage Mod: HP is shown in percentages\n|clearpoke\n|poke|p1|Ursaluna, M|\n|poke|p1|Cresselia, F|\n|poke|p1|Kingambit, M|\n|poke|p1|Volcanion|\n|poke|p1|Thundurus-Therian, M|\n|poke|p1|Mamoswine, F|\n|poke|p2|Amoonguss, M|\n|poke|p2|Corviknight, M|\n|poke|p2|Azumarill, M|\n|poke|p2|Crabominable, F|\n|poke|p2|Tyranitar, F|\n|poke|p2|Garchomp, M|\n|teampreview\n|\n|t:|1700770457\n|start\n|switch|p1a: Mamoswine|Mamoswine, F|100\/100\n|switch|p2a: Crabominable|Crabominable, F|100\/100\n|turn|1\n|c|\u2606sansbeatings|what the heck\n|c|\u2606sansbeatings|no gen 9 pokemon\n|c|\u2606Guy Oh|!weak mamoswine\n|c| Guy Oh|\/raw <div class=\"infobox\">Mamoswine (ignoring abilities):<br \/><span class=\"message-effect-weak\">Weaknesses<\/span>: Fighting, Fire, Grass, Steel, Water<br \/><span class=\"message-effect-resist\">Resistances<\/span>: Poison<br \/><span class=\"message-effect-immune\">Immunities<\/span>: Electric, Frozen, Hail damage, Sandstorm damage<\/div>\n|\n|t:|1700770490\n|move|p1a: Mamoswine|Stealth Rock|p2a: Crabominable\n|-sidestart|p2: Guy Oh|move: Stealth Rock\n|move|p2a: Crabominable|Superpower|p1a: Mamoswine\n|-supereffective|p1a: Mamoswine\n|-damage|p1a: Mamoswine|0 fnt\n|-unboost|p2a: Crabominable|atk|1\n|-unboost|p2a: Crabominable|def|1\n|faint|p1a: Mamoswine\n|-damage|p2a: Crabominable|91\/100|[from] item: Life Orb\n|\n|upkeep\n|c|\u2606sansbeatings|ouch\n|c|\u2606sansbeatings|!weak crabominable\n|c| sansbeatings|\/raw <div class=\"infobox\">Crabominable (ignoring abilities):<br \/><span class=\"message-effect-weak\">Weaknesses<\/span>: Fairy, Fighting, Fire, Flying, Psychic, Steel<br \/><span class=\"message-effect-resist\">Resistances<\/span>: Bug, Dark, Ice<br \/><span class=\"message-effect-immune\">Immunities<\/span>: Frozen, Hail damage<\/div>\n|\n|t:|1700770513\n|switch|p1a: Cresselia|Cresselia, F, shiny|100\/100\n|turn|2\n|c|\u2606Guy Oh|bring in cresselia\n|c|\u2606Guy Oh|get trick room\n|c|\u2606Guy Oh|try and uralunsa me\n|c|\u2606Guy Oh|try it i dare u\n|c|\u2606sansbeatings|the ursaluna is coming...\n|\n|t:|1700770540\n|switch|p1a: Volcanion|Volcanion|100\/100\n|switch|p2a: Tyranitar|Tyranitar, F|100\/100\n|-damage|p2a: Tyranitar|88\/100|[from] Stealth Rock\n|-weather|Sandstorm|[from] ability: Sand Stream|[of] p2a: Tyranitar\n|\n|-weather|Sandstorm|[upkeep]\n|-damage|p1a: Volcanion|94\/100|[from] Sandstorm\n|-heal|p1a: Volcanion|100\/100|[from] item: Leftovers\n|upkeep\n|turn|3\n|c|\u2606sansbeatings|!weak tyranitar\n|c| sansbeatings|\/raw <div class=\"infobox\">Tyranitar (ignoring abilities):<br \/><span class=\"message-effect-weak\">Weaknesses<\/span>: Bug, Fairy, <b>Fighting<\/b>, Grass, Ground, Steel, Water<br \/><span class=\"message-effect-resist\">Resistances<\/span>: Dark, Fire, Flying, Ghost, Normal, Poison<br \/><span class=\"message-effect-immune\">Immunities<\/span>: Psychic, Prankster, Sandstorm damage<\/div>\n|c|\u2606Guy Oh|!weak volcanion\n|c| Guy Oh|\/raw <div class=\"infobox\">Volcanion (ignoring abilities):<br \/><span class=\"message-effect-weak\">Weaknesses<\/span>: Electric, Ground, Rock<br \/><span class=\"message-effect-resist\">Resistances<\/span>: Bug, Fairy, <b>Fire<\/b>, <b>Ice<\/b>, <b>Steel<\/b><br \/><span class=\"message-effect-immune\">Immunities<\/span>: Burn<\/div>\n|\n|t:|1700770566\n|move|p2a: Tyranitar|Earthquake|p1a: Volcanion\n|-supereffective|p1a: Volcanion\n|-damage|p1a: Volcanion|37\/100\n|move|p1a: Volcanion|Steam Eruption|p2a: Tyranitar\n|-supereffective|p2a: Tyranitar\n|-damage|p2a: Tyranitar|3\/100\n|-enditem|p2a: Tyranitar|Iapapa Berry|[eat]\n|-heal|p2a: Tyranitar|36\/100|[from] item: Iapapa Berry\n|\n|-weather|Sandstorm|[upkeep]\n|-damage|p1a: Volcanion|31\/100|[from] Sandstorm\n|-heal|p1a: Volcanion|37\/100|[from] item: Leftovers\n|upkeep\n|turn|4\n|c|\u2606sansbeatings|iapapa is mad\n|c|\u2606Guy Oh|!weak thundurs-therian\n|c| Guy Oh|\/raw <div class=\"infobox\">thundurs-therian isn't a recognized type or Pokemon.<\/div>\n|c|\u2606sansbeatings|i was thinking about that\n|c|\u2606Guy Oh|!weak thundurus-therian\n|c| Guy Oh|\/raw <div class=\"infobox\">Thundurus-Therian (ignoring abilities):<br \/><span class=\"message-effect-weak\">Weaknesses<\/span>: Ice, Rock<br \/><span class=\"message-effect-resist\">Resistances<\/span>: Bug, Fighting, Flying, Grass, Steel<br \/><span class=\"message-effect-immune\">Immunities<\/span>: Ground, Paralysis<\/div>\n|\n|t:|1700770618\n|move|p2a: Tyranitar|Earthquake|p1a: Volcanion\n|-supereffective|p1a: Volcanion\n|-damage|p1a: Volcanion|0 fnt\n|faint|p1a: Volcanion\n|\n|-weather|Sandstorm|[upkeep]\n|upkeep\n|\n|t:|1700770625\n|switch|p1a: Thundurus|Thundurus-Therian, M|100\/100\n|turn|5\n|\n|t:|1700770636\n|switch|p2a: Crabominable|Crabominable, F|91\/100\n|-damage|p2a: Crabominable|78\/100|[from] Stealth Rock\n|move|p1a: Thundurus|Grass Knot|p2a: Crabominable\n|-damage|p2a: Crabominable|31\/100\n|\n|-weather|Sandstorm|[upkeep]\n|-damage|p1a: Thundurus|94\/100|[from] Sandstorm\n|-damage|p2a: Crabominable|25\/100|[from] Sandstorm\n|upkeep\n|turn|6\n|\n|t:|1700770660\n|switch|p2a: Garchomp|Garchomp, M|100\/100\n|-damage|p2a: Garchomp|94\/100|[from] Stealth Rock\n|move|p1a: Thundurus|Volt Switch|p2a: Garchomp\n|-immune|p2a: Garchomp\n|\n|-weather|none\n|upkeep\n|turn|7\n|c|\u2606sansbeatings|hm....\n|\n|t:|1700770692\n|move|p2a: Garchomp|Stone Edge|p1a: Thundurus\n|-supereffective|p1a: Thundurus\n|-damage|p1a: Thundurus|0 fnt\n|faint|p1a: Thundurus\n|\n|upkeep\n|\n|t:|1700770697\n|switch|p1a: Kingambit|Kingambit, M, shiny|100\/100\n|-activate|p1a: Kingambit|ability: Supreme Overlord\n|-start|p1a: Kingambit|fallen3|[silent]\n|turn|8\n|c|\u2606sansbeatings|!weak garchomp\n|c| sansbeatings|\/raw <div class=\"infobox\">Garchomp (ignoring abilities):<br \/><span class=\"message-effect-weak\">Weaknesses<\/span>: Dragon, Fairy, <b>Ice<\/b><br \/><span class=\"message-effect-resist\">Resistances<\/span>: Fire, Poison, Rock<br \/><span class=\"message-effect-immune\">Immunities<\/span>: Electric, Sandstorm damage<\/div>\n|c|\u2606Guy Oh|ibtimidating ahh pokemon\n|c|\u2606Guy Oh|fallen 3\n|c|\u2606Guy Oh|!weak kingambit\n|c| Guy Oh|\/raw <div class=\"infobox\">Kingambit (ignoring abilities):<br \/><span class=\"message-effect-weak\">Weaknesses<\/span>: <b>Fighting<\/b>, Fire, Ground<br \/><span class=\"message-effect-resist\">Resistances<\/span>: Dark, Dragon, Flying, Ghost, Grass, Ice, Normal, Rock, Steel<br \/><span class=\"message-effect-immune\">Immunities<\/span>: Poison, Psychic, Prankster, Sandstorm damage, Toxic<\/div>\n|\n|t:|1700770748\n|switch|p2a: Crabominable|Crabominable, F|25\/100\n|-damage|p2a: Crabominable|13\/100|[from] Stealth Rock\n|-end|p1a: Kingambit|fallen3|[silent]\n|switch|p1a: Cresselia|Cresselia, F, shiny|100\/100\n|\n|upkeep\n|turn|9\n|\n|t:|1700770769\n|move|p2a: Crabominable|Thunder Punch|p1a: Cresselia\n|-damage|p1a: Cresselia|66\/100\n|-damage|p2a: Crabominable|3\/100|[from] item: Life Orb\n|move|p1a: Cresselia|Trick Room|p1a: Cresselia\n|-fieldstart|move: Trick Room|[of] p1a: Cresselia\n|\n|upkeep\n|turn|10\n|\n|t:|1700770777\n|-singleturn|p2a: Crabominable|move: Focus Punch\n|move|p1a: Cresselia|Psychic|p2a: Crabominable\n|-supereffective|p2a: Crabominable\n|-damage|p2a: Crabominable|0 fnt\n|faint|p2a: Crabominable\n|\n|upkeep\n|\n|t:|1700770798\n|switch|p2a: Amoonguss|Amoonguss, M|100\/100\n|-damage|p2a: Amoonguss|88\/100|[from] Stealth Rock\n|turn|11\n|\n|t:|1700770809\n|-terastallize|p2a: Amoonguss|Grass\n|move|p2a: Amoonguss|Energy Ball|p1a: Cresselia\n|-damage|p1a: Cresselia|40\/100\n|move|p1a: Cresselia|Psychic|p2a: Amoonguss\n|-damage|p2a: Amoonguss|66\/100\n|\n|-heal|p2a: Amoonguss|73\/100|[from] item: Leftovers\n|upkeep\n|turn|12\n|\n|t:|1700770818\n|move|p2a: Amoonguss|Energy Ball|p1a: Cresselia\n|-damage|p1a: Cresselia|17\/100\n|move|p1a: Cresselia|Moonlight|p1a: Cresselia\n|-heal|p1a: Cresselia|67\/100\n|\n|-heal|p2a: Amoonguss|79\/100|[from] item: Leftovers\n|upkeep\n|turn|13\n|c|\u2606Guy Oh|ur corny\n|\n|t:|1700770832\n|move|p2a: Amoonguss|Spore|p1a: Cresselia\n|-status|p1a: Cresselia|slp|[from] move: Spore\n|cant|p1a: Cresselia|slp\n|\n|-heal|p2a: Amoonguss|85\/100|[from] item: Leftovers\n|-fieldend|move: Trick Room\n|upkeep\n|turn|14\n|c|\u2606sansbeatings|big stall\n|\n|t:|1700770840\n|move|p2a: Amoonguss|Energy Ball|p1a: Cresselia\n|-crit|p1a: Cresselia\n|-damage|p1a: Cresselia|32\/100 slp\n|cant|p1a: Cresselia|slp\n|\n|-heal|p2a: Amoonguss|91\/100|[from] item: Leftovers\n|upkeep\n|turn|15\n|\n|t:|1700770853\n|cant|p1a: Cresselia|slp\n|move|p2a: Amoonguss|Energy Ball|p1a: Cresselia\n|-damage|p1a: Cresselia|9\/100 slp\n|\n|-heal|p2a: Amoonguss|98\/100|[from] item: Leftovers\n|upkeep\n|turn|16\n|c|\u2606sansbeatings|no way\n|\n|t:|1700770860\n|-curestatus|p1a: Cresselia|slp|[msg]\n|move|p1a: Cresselia|Lunar Dance|p1a: Cresselia\n|faint|p1a: Cresselia\n|move|p2a: Amoonguss|Energy Ball|p1: Cresselia|[notarget]\n|-fail|p2a: Amoonguss\n|\n|-heal|p2a: Amoonguss|100\/100|[from] item: Leftovers\n|upkeep\n|c|\u2606Guy Oh|y did bro kill himself\n|c|\u2606sansbeatings|!weak grovyle\n|c| sansbeatings|\/raw <div class=\"infobox\">Grovyle (ignoring abilities):<br \/><span class=\"message-effect-weak\">Weaknesses<\/span>: Bug, Fire, Flying, Ice, Poison<br \/><span class=\"message-effect-resist\">Resistances<\/span>: Electric, Grass, Ground, Water<br \/><span class=\"message-effect-immune\">Immunities<\/span>: Powder moves<\/div>\n|c|\u2606Guy Oh|who the hell\n|\n|t:|1700770893\n|switch|p1a: Kingambit|Kingambit, M, shiny|100\/100\n|-activate|p1a: Kingambit|ability: Supreme Overlord\n|-start|p1a: Kingambit|fallen4|[silent]\n|turn|17\n|c|\u2606Guy Oh|oh no fallen 4\n|\n|t:|1700770908\n|-terastallize|p1a: Kingambit|Dark\n|move|p1a: Kingambit|Kowtow Cleave|p2a: Amoonguss\n|-damage|p2a: Amoonguss|0 fnt\n|faint|p2a: Amoonguss\n|\n|upkeep\n|c|\u2606sansbeatings|goofy ahh move name\n|\n|t:|1700770924\n|switch|p2a: Corviknight|Corviknight, M|100\/100\n|-damage|p2a: Corviknight|88\/100|[from] Stealth Rock\n|turn|18\n|\n|t:|1700770931\n|move|p2a: Corviknight|Defog|p1a: Kingambit\n|-unboost|p1a: Kingambit|evasion|1\n|-sideend|p2: Guy Oh|Stealth Rock|[from] move: Defog|[of] p2a: Corviknight\n|move|p1a: Kingambit|Low Kick|p2a: Corviknight\n|-damage|p2a: Corviknight|62\/100\n|\n|upkeep\n|turn|19\n|\n|t:|1700770940\n|switch|p2a: Azumarill|Azumarill, M|100\/100\n|move|p1a: Kingambit|Sucker Punch||[still]\n|-fail|p1a: Kingambit\n|\n|upkeep\n|turn|20\n|c|\u2606sansbeatings|!weak azumarill\n|c| sansbeatings|\/raw <div class=\"infobox\">Azumarill (ignoring abilities):<br \/><span class=\"message-effect-weak\">Weaknesses<\/span>: Electric, Grass, Poison<br \/><span class=\"message-effect-resist\">Resistances<\/span>: Bug, Dark, Fighting, Fire, Ice, Water<br \/><span class=\"message-effect-immune\">Immunities<\/span>: Dragon<\/div>\n|c|\u2606sansbeatings|erm.. rude!\n|\n|t:|1700770960\n|move|p1a: Kingambit|Kowtow Cleave|p2a: Azumarill\n|-resisted|p2a: Azumarill\n|-damage|p2a: Azumarill|42\/100\n|move|p2a: Azumarill|Play Rough|p1a: Kingambit\n|-supereffective|p1a: Kingambit\n|-damage|p1a: Kingambit|21\/100\n|\n|upkeep\n|turn|21\n|\n|t:|1700770969\n|move|p2a: Azumarill|Aqua Jet|p1a: Kingambit\n|-damage|p1a: Kingambit|1\/100\n|move|p1a: Kingambit|Kowtow Cleave|p2a: Azumarill\n|-resisted|p2a: Azumarill\n|-damage|p2a: Azumarill|0 fnt\n|faint|p2a: Azumarill\n|\n|upkeep\n|c|\u2606sansbeatings|im still standing\n|c|\u2606Guy Oh|REEEEF\n|\n|t:|1700770983\n|switch|p2a: Garchomp|Garchomp, M|94\/100\n|turn|22\n|c|\u2606Guy Oh|!weak ursaluna\n|c| Guy Oh|\/raw <div class=\"infobox\">Ursaluna (ignoring abilities):<br \/><span class=\"message-effect-weak\">Weaknesses<\/span>: Fighting, Grass, Ice, Water<br \/><span class=\"message-effect-resist\">Resistances<\/span>: Poison, Rock<br \/><span class=\"message-effect-immune\">Immunities<\/span>: Electric, Ghost, Sandstorm damage<\/div>\n|\n|t:|1700771000\n|move|p1a: Kingambit|Sucker Punch|p2a: Garchomp\n|-damage|p2a: Garchomp|5\/100\n|-damage|p1a: Kingambit|0 fnt|[from] ability: Rough Skin|[of] p2a: Garchomp\n|faint|p1a: Kingambit\n|-end|p1a: Kingambit|fallen4|[silent]\n|move|p2a: Garchomp|Earthquake|p1: Kingambit|[notarget]\n|-fail|p2a: Garchomp\n|\n|upkeep\n|c|\u2606sansbeatings|dayum\n|c|\u2606sansbeatings|wrth\n|\n|t:|1700771007\n|switch|p1a: Ursaluna|Ursaluna, M|100\/100\n|turn|23\n|c|\u2606sansbeatings|89% from a sucker punch\n|\n|t:|1700771013\n|move|p2a: Garchomp|Earthquake|p1a: Ursaluna\n|-damage|p1a: Ursaluna|60\/100\n|move|p1a: Ursaluna|Facade|p2a: Garchomp\n|-damage|p2a: Garchomp|0 fnt\n|-damage|p1a: Ursaluna|48\/100|[from] ability: Rough Skin|[of] p2a: Garchomp\n|faint|p2a: Garchomp\n|\n|-status|p1a: Ursaluna|brn|[from] item: Flame Orb\n|upkeep\n|\n|t:|1700771024\n|switch|p2a: Corviknight|Corviknight, M|62\/100\n|turn|24\n|c|\u2606sansbeatings|!weak corviknight\n|c| sansbeatings|\/raw <div class=\"infobox\">Corviknight (ignoring abilities):<br \/><span class=\"message-effect-weak\">Weaknesses<\/span>: Electric, Fire<br \/><span class=\"message-effect-resist\">Resistances<\/span>: <b>Bug<\/b>, Dragon, Fairy, Flying, <b>Grass<\/b>, Normal, Psychic, Steel<br \/><span class=\"message-effect-immune\">Immunities<\/span>: Ground, Poison, Sandstorm damage, Toxic<\/div>\n|\n|t:|1700771039\n|move|p2a: Corviknight|Brave Bird|p1a: Ursaluna\n|-damage|p1a: Ursaluna|21\/100 brn\n|-damage|p2a: Corviknight|51\/100|[from] Recoil\n|move|p1a: Ursaluna|Close Combat|p2a: Corviknight\n|-damage|p2a: Corviknight|11\/100\n|-unboost|p1a: Ursaluna|def|1\n|-unboost|p1a: Ursaluna|spd|1\n|-enditem|p2a: Corviknight|Aguav Berry|[eat]\n|-heal|p2a: Corviknight|44\/100|[from] item: Aguav Berry\n|\n|-damage|p1a: Ursaluna|15\/100 brn|[from] brn\n|upkeep\n|turn|25\n|c|\u2606Guy Oh|yeeeees\n|\n|t:|1700771053\n|move|p2a: Corviknight|Brave Bird|p1a: Ursaluna\n|-damage|p1a: Ursaluna|0 fnt\n|faint|p1a: Ursaluna\n|-damage|p2a: Corviknight|38\/100|[from] Recoil\n|\n|win|Guy Oh\n|c|\u2606sansbeatings|meh\n","uploadtime":1700771062,"views":9,"p1id":"sansbeatings","p2id":"guyoh","formatid":"gen9ou","rating":0,"private":0,"password":""}