{"id":"gen9ou-1996562421","p1":"Charmilleon","p2":"8chWRc3mADMkoIsL","format":"[Gen 9] OU","log":"|j|\u2606Charmilleon\n|j|\u26068chWRc3mADMkoIsL\n|t:|1700694603\n|gametype|singles\n|player|p1|Charmilleon|2|1074\n|player|p2|8chWRc3mADMkoIsL|102|1000\n|teamsize|p1|6\n|teamsize|p2|6\n|gen|9\n|tier|[Gen 9] OU\n|rated|\n|rule|Sleep Clause Mod: Limit one foe put to sleep\n|rule|Species Clause: Limit one of each Pok\u00e9mon\n|rule|OHKO Clause: OHKO moves are banned\n|rule|Evasion Items Clause: Evasion items are banned\n|rule|Evasion Moves Clause: Evasion moves are banned\n|rule|Endless Battle Clause: Forcing endless battles is banned\n|rule|HP Percentage Mod: HP is shown in percentages\n|clearpoke\n|poke|p1|Glimmora, F|\n|poke|p1|Great Tusk|\n|poke|p1|Heatran, M|\n|poke|p1|Rillaboom, F|\n|poke|p1|Samurott-Hisui, F|\n|poke|p1|Zapdos|\n|poke|p2|Iron Jugulis|\n|poke|p2|Ogerpon-Wellspring, F|\n|poke|p2|Tinkaton, F|\n|poke|p2|Iron Moth|\n|poke|p2|Great Tusk|\n|poke|p2|Dragapult, M|\n|teampreview\n|inactive|Battle timer is ON: inactive players will automatically lose when time's up. (requested by 8chWRc3mADMkoIsL)\n|\n|t:|1700694609\n|start\n|switch|p1a: Samurott|Samurott-Hisui, F|100\/100\n|switch|p2a: Tinkaton|Tinkaton, F|100\/100\n|-item|p2a: Tinkaton|Air Balloon\n|turn|1\n|l|\u2606Charmilleon\n|inactive|Charmilleon disconnected and has a minute to reconnect!\n|player|p1|\n|inactive|Charmilleon has 30 seconds to reconnect!\n|inactive|Charmilleon has 20 seconds to reconnect!\n|inactive|Charmilleon has 15 seconds to reconnect!\n|inactive|Charmilleon has 10 seconds to reconnect!\n|inactive|Charmilleon has 5 seconds to reconnect!\n|-message|Charmilleon lost due to inactivity.\n|\n|win|8chWRc3mADMkoIsL\n|raw|Charmilleon's rating: 1074 &rarr; <strong>1048<\/strong><br \/>(-26 for losing)\n|raw|8chWRc3mADMkoIsL's rating: 1000 &rarr; <strong>1048<\/strong><br \/>(+48 for winning)\n|j|\u2606Charmilleon\n|player|p1|Charmilleon|2\n|l|\u2606Charmilleon\n|player|p1|\n","uploadtime":1700694935,"views":3,"p1id":"charmilleon","p2id":"8chwrc3madmkoisl","formatid":"gen9ou","rating":1048,"private":0,"password":""}