{"id":"gen9ou-1991399381","p1":"softbot","p2":"Brother Omen","format":"[Gen 9] OU","log":"|j|\u2606softbot\n|j|\u2606Brother Omen\n|t:|1700073851\n|gametype|singles\n|player|p1|softbot|lorelei-gen1rb|1175\n|player|p2|Brother Omen|veteran|1076\n|teamsize|p1|6\n|teamsize|p2|6\n|gen|9\n|tier|[Gen 9] OU\n|rated|\n|rule|Sleep Clause Mod: Limit one foe put to sleep\n|rule|Species Clause: Limit one of each Pok\u00e9mon\n|rule|OHKO Clause: OHKO moves are banned\n|rule|Evasion Items Clause: Evasion items are banned\n|rule|Evasion Moves Clause: Evasion moves are banned\n|rule|Endless Battle Clause: Forcing endless battles is banned\n|rule|HP Percentage Mod: HP is shown in percentages\n|clearpoke\n|poke|p1|Ceruledge, M|\n|poke|p1|Kingambit, M|\n|poke|p1|Great Tusk|\n|poke|p1|Iron Valiant|\n|poke|p1|Ogerpon-Wellspring, F|\n|poke|p1|Gholdengo|\n|poke|p2|Dragonite, M|\n|poke|p2|Scizor, M|\n|poke|p2|Walking Wake|\n|poke|p2|Moltres-Galar|\n|poke|p2|Grimmsnarl, M|\n|poke|p2|Arcanine-Hisui, M|\n|teampreview\n|\n|t:|1700073863\n|start\n|switch|p1a: Ogerpon|Ogerpon-Wellspring, F|100\/100\n|switch|p2a: Arcanine|Arcanine-Hisui, M|100\/100\n|turn|1\n|\n|t:|1700073871\n|switch|p2a: Moltres|Moltres-Galar|100\/100\n|move|p1a: Ogerpon|Ivy Cudgel|p2a: Moltres|[anim] Ivy Cudgel Water\n|-damage|p2a: Moltres|29\/100\n|-ability|p2a: Moltres|Berserk|boost\n|-boost|p2a: Moltres|spa|1\n|-enditem|p2a: Moltres|Sitrus Berry|[eat]\n|-heal|p2a: Moltres|54\/100|[from] item: Sitrus Berry\n|\n|upkeep\n|turn|2\n|\n|t:|1700073880\n|move|p1a: Ogerpon|Ivy Cudgel|p2a: Moltres|[anim] Ivy Cudgel Water\n|-damage|p2a: Moltres|0 fnt\n|faint|p2a: Moltres\n|\n|upkeep\n|n|!Brother Omen|brotheromen\n|inactive|Battle timer is ON: inactive players will automatically lose when time's up. (requested by softbot)\n|\n|t:|1700073895\n|switch|p2a: Dragonite|Dragonite, M|100\/100\n|turn|3\n|\n|t:|1700073898\n|move|p1a: Ogerpon|Taunt|p2a: Dragonite\n|-start|p2a: Dragonite|move: Taunt\n|move|p2a: Dragonite|Ice Spinner|p1a: Ogerpon\n|-damage|p1a: Ogerpon|45\/100\n|\n|upkeep\n|turn|4\n|\n|t:|1700073903\n|move|p1a: Ogerpon|U-turn|p2a: Dragonite\n|-resisted|p2a: Dragonite\n|-crit|p2a: Dragonite\n|-damage|p2a: Dragonite|79\/100\n|\n|t:|1700073908\n|switch|p1a: Iron Valiant|Iron Valiant|100\/100|[from] U-turn\n|move|p2a: Dragonite|Ice Spinner|p1a: Iron Valiant\n|-damage|p1a: Iron Valiant|50\/100\n|\n|upkeep\n|turn|5\n|-message|Brother Omen forfeited.\n|\n|win|softbot\n|raw|softbot's rating: 1175 &rarr; <strong>1193<\/strong><br \/>(+18 for winning)\n|raw|Brother Omen's rating: 1076 &rarr; <strong>1061<\/strong><br \/>(-15 for losing)\n","uploadtime":1700073938,"views":7,"p1id":"softbot","p2id":"brotheromen","formatid":"gen9ou","rating":1061,"private":0,"password":""}