{"id":"gen9ou-1990564914","p1":"Aviated_Froakie","p2":"ShadowNn","format":"[Gen 9] OU","log":"|j|\u2606Aviated_Froakie\n|j|\u2606ShadowNn\n|t:|1699981853\n|gametype|singles\n|player|p1|Aviated_Froakie|bugcatcher-gen4dp|1031\n|player|p2|ShadowNn|lucas|1086\n|teamsize|p1|6\n|teamsize|p2|6\n|gen|9\n|tier|[Gen 9] OU\n|rated|\n|rule|Sleep Clause Mod: Limit one foe put to sleep\n|rule|Species Clause: Limit one of each Pok\u00e9mon\n|rule|OHKO Clause: OHKO moves are banned\n|rule|Evasion Items Clause: Evasion items are banned\n|rule|Evasion Moves Clause: Evasion moves are banned\n|rule|Endless Battle Clause: Forcing endless battles is banned\n|rule|HP Percentage Mod: HP is shown in percentages\n|clearpoke\n|poke|p1|Sneasler, M|\n|poke|p1|Crawdaunt, F|\n|poke|p1|Gallade, M|\n|poke|p1|Ribombee, M|\n|poke|p1|Dragapult, F|\n|poke|p1|Great Tusk|\n|poke|p2|Swanna, F|\n|poke|p2|Dugtrio, M|\n|poke|p2|Volbeat, M|\n|poke|p2|Appletun, F|\n|poke|p2|Orthworm, M|\n|poke|p2|Dedenne, M|\n|teampreview\n|\n|t:|1699981869\n|start\n|switch|p1a: \ud83e\udd9f|Ribombee, M|100\/100\n|switch|p2a: Swanna|Swanna, F|100\/100\n|turn|1\n|c|\u2606Aviated_Froakie|Volbeat the prankster\n|\n|t:|1699981881\n|move|p1a: \ud83e\udd9f|Sticky Web|p2a: Swanna\n|-sidestart|p2: ShadowNn|move: Sticky Web\n|move|p2a: Swanna|Flip Turn|p1a: \ud83e\udd9f\n|-damage|p1a: \ud83e\udd9f|46\/100\n|-damage|p2a: Swanna|91\/100|[from] item: Life Orb\n|\n|t:|1699981890\n|switch|p2a: Dugtrio|Dugtrio, M|100\/100|[from] Flip Turn\n|-activate|p2a: Dugtrio|move: Sticky Web\n|-unboost|p2a: Dugtrio|spe|1\n|\n|upkeep\n|turn|2\n|\n|t:|1699981901\n|move|p1a: \ud83e\udd9f|Stun Spore|p2a: Dugtrio\n|-status|p2a: Dugtrio|par\n|move|p2a: Dugtrio|Earthquake|p1a: \ud83e\udd9f\n|-resisted|p1a: \ud83e\udd9f\n|-damage|p1a: \ud83e\udd9f|10\/100\n|\n|upkeep\n|turn|3\n|\n|t:|1699981912\n|move|p1a: \ud83e\udd9f|Moonblast|p2a: Dugtrio\n|-damage|p2a: Dugtrio|36\/100 par\n|cant|p2a: Dugtrio|par\n|\n|upkeep\n|turn|4\n|\n|t:|1699981920\n|move|p1a: \ud83e\udd9f|Moonblast|p2a: Dugtrio\n|-damage|p2a: Dugtrio|0 fnt\n|faint|p2a: Dugtrio\n|\n|upkeep\n|-message|ShadowNn forfeited.\n|\n|win|Aviated_Froakie\n|raw|Aviated_Froakie's rating: 1031 &rarr; <strong>1072<\/strong><br \/>(+41 for winning)\n|raw|ShadowNn's rating: 1086 &rarr; <strong>1060<\/strong><br \/>(-26 for losing)\n|l|\u2606ShadowNn\n","uploadtime":1699981928,"views":24,"p1id":"aviatedfroakie","p2id":"shadownn","formatid":"gen9ou","rating":1060,"private":0,"password":""}