{"id":"gen9ou-1988945819","p1":"wyverbal","p2":"theqalt","format":"[Gen 9] OU","log":"|j|\u2606wyverbal\n|j|\u2606theqalt\n|t:|1699792535\n|gametype|singles\n|player|p1|wyverbal|2|1067\n|player|p2|theqalt|lucas|1101\n|teamsize|p1|6\n|teamsize|p2|6\n|gen|9\n|tier|[Gen 9] OU\n|rated|\n|rule|Sleep Clause Mod: Limit one foe put to sleep\n|rule|Species Clause: Limit one of each Pok\u00e9mon\n|rule|OHKO Clause: OHKO moves are banned\n|rule|Evasion Items Clause: Evasion items are banned\n|rule|Evasion Moves Clause: Evasion moves are banned\n|rule|Endless Battle Clause: Forcing endless battles is banned\n|rule|HP Percentage Mod: HP is shown in percentages\n|clearpoke\n|poke|p1|Lumineon, M|\n|poke|p1|Lycanroc-Dusk, F|\n|poke|p1|Arcanine-Hisui, F|\n|poke|p1|Goodra-Hisui, M|\n|poke|p1|Ursaluna, F|\n|poke|p1|Thundurus, M|\n|poke|p2|Ceruledge, F|\n|poke|p2|Iron Valiant|\n|poke|p2|Greninja-*, F|\n|poke|p2|Zapdos|\n|poke|p2|Kingambit, M|\n|poke|p2|Glimmora, F|\n|teampreview\n|inactive|Battle timer is ON: inactive players will automatically lose when time's up. (requested by wyverbal)\n|inactive|theqalt also wants the timer to be on.\n|c|\u2606theqalt|!\/dt lycanroc\n|inactive|theqalt has 120 seconds left.\n|c|\u2606theqalt|!dt lcyanroc\nNo Pok\u00e9mon, item, move, ability or nature named 'lcyanroc' was found. Showing the data of 'Lycanroc' instead.\n|raw|<div class=\"message\"><ul class=\"utilichart\"><li class=\"result\"><span class=\"col numcol\">NU<\/span> <span class=\"col iconcol\"><psicon pokemon=\"lycanroc\"\/><\/span> <span class=\"col pokemonnamecol\" style=\"white-space:nowrap\"><a href=\"https:\/\/dex.pokemonshowdown.com\/pokemon\/lycanroc\" target=\"_blank\">Lycanroc<\/a><\/span> <span class=\"col typecol\"><img src=\"https:\/\/play.pokemonshowdown.com\/sprites\/types\/Rock.png\" alt=\"Rock\" height=\"14\" width=\"32\"><\/span> <span style=\"float:left;min-height:26px\"><span class=\"col twoabilitycol\">Keen Eye<br \/>Sand Rush<\/span><span class=\"col abilitycol\"><em>Steadfast<\/em><\/span><\/span><span style=\"float:left;min-height:26px\"><span class=\"col statcol\"><em>HP<\/em><br \/>75<\/span> <span class=\"col statcol\"><em>Atk<\/em><br \/>115<\/span> <span class=\"col statcol\"><em>Def<\/em><br \/>65<\/span> <span class=\"col statcol\"><em>SpA<\/em><br \/>55<\/span> <span class=\"col statcol\"><em>SpD<\/em><br \/>65<\/span> <span class=\"col statcol\"><em>Spe<\/em><br \/>112<\/span> <span class=\"col bstcol\"><em>BST<br \/>487<\/em><\/span> <\/span><\/li><li style=\"clear:both\"><\/li><\/ul><\/div>\n|raw|<font size=\"1\"><font color=\"#686868\">Dex#:<\/font> 745&nbsp;|&ThickSpace;<font color=\"#686868\">Gen:<\/font> 7&nbsp;|&ThickSpace;<font color=\"#686868\">Height:<\/font> 0.8 m&nbsp;|&ThickSpace;<font color=\"#686868\">Weight:<\/font> 25 kg <em>(60 BP)<\/em>&nbsp;|&ThickSpace;<font color=\"#686868\">Dex Colour:<\/font> Brown&nbsp;|&ThickSpace;<font color=\"#686868\">Egg Group(s):<\/font> Field&nbsp;|&ThickSpace;<font color=\"#686868\">Pre-Evolution:<\/font> Rockruff&nbsp;|&ThickSpace;<font color=\"#686868\">Does Not Evolve<\/font><\/font>\n\n|inactive|theqalt has 90 seconds left.\n|c|\u2606theqalt|!dt lycanroc-dusk\n|raw|<div class=\"message\"><ul class=\"utilichart\"><li class=\"result\"><span class=\"col numcol\">RU<\/span> <span class=\"col iconcol\"><psicon pokemon=\"lycanrocdusk\"\/><\/span> <span class=\"col pokemonnamecol\" style=\"white-space:nowrap\"><a href=\"https:\/\/dex.pokemonshowdown.com\/pokemon\/lycanrocdusk\" target=\"_blank\">Lycanroc-Dusk<\/a><\/span> <span class=\"col typecol\"><img src=\"https:\/\/play.pokemonshowdown.com\/sprites\/types\/Rock.png\" alt=\"Rock\" height=\"14\" width=\"32\"><\/span> <span style=\"float:left;min-height:26px\"><span class=\"col abilitycol\">Tough Claws<\/span><span class=\"col abilitycol\"><\/span><\/span><span style=\"float:left;min-height:26px\"><span class=\"col statcol\"><em>HP<\/em><br \/>75<\/span> <span class=\"col statcol\"><em>Atk<\/em><br \/>117<\/span> <span class=\"col statcol\"><em>Def<\/em><br \/>65<\/span> <span class=\"col statcol\"><em>SpA<\/em><br \/>55<\/span> <span class=\"col statcol\"><em>SpD<\/em><br \/>65<\/span> <span class=\"col statcol\"><em>Spe<\/em><br \/>110<\/span> <span class=\"col bstcol\"><em>BST<br \/>487<\/em><\/span> <\/span><\/li><li style=\"clear:both\"><\/li><\/ul><\/div>\n|raw|<font size=\"1\"><font color=\"#686868\">Dex#:<\/font> 745&nbsp;|&ThickSpace;<font color=\"#686868\">Gen:<\/font> 7&nbsp;|&ThickSpace;<font color=\"#686868\">Height:<\/font> 0.8 m&nbsp;|&ThickSpace;<font color=\"#686868\">Weight:<\/font> 25 kg <em>(60 BP)<\/em>&nbsp;|&ThickSpace;<font color=\"#686868\">Dex Colour:<\/font> Brown&nbsp;|&ThickSpace;<font color=\"#686868\">Egg Group(s):<\/font> Field&nbsp;|&ThickSpace;<font color=\"#686868\">Pre-Evolution:<\/font> Rockruff&nbsp;|&ThickSpace;<font color=\"#686868\">Does Not Evolve<\/font><\/font>\n\n|\n|t:|1699792606\n|start\n|switch|p1a: Lycanroc|Lycanroc-Dusk, F, shiny|100\/100\n|switch|p2a: Greninja|Greninja, F|100\/100\n|turn|1\n|\n|t:|1699792620\n|move|p2a: Greninja|Water Shuriken|p1a: Lycanroc\n|-start|p2a: Greninja|typechange|Water|[from] ability: Protean\n|-supereffective|p1a: Lycanroc\n|-damage|p1a: Lycanroc|78\/100\n|-supereffective|p1a: Lycanroc\n|-damage|p1a: Lycanroc|57\/100\n|-hitcount|p1a: Lycanroc|2\n|move|p1a: Lycanroc|Close Combat|p2a: Greninja\n|-damage|p2a: Greninja|6\/100\n|-unboost|p1a: Lycanroc|def|1\n|-unboost|p1a: Lycanroc|spd|1\n|\n|upkeep\n|turn|2\n|\n|t:|1699792636\n|switch|p1a: Lumineon|Lumineon, M|100\/100\n|move|p2a: Greninja|Water Shuriken|p1a: Lumineon\n|-ability|p1a: Lumineon|Storm Drain|boost\n|-boost|p1a: Lumineon|spa|1\n|\n|upkeep\n|turn|3\n|\n|t:|1699792650\n|switch|p2a: Glimmora|Glimmora, F|100\/100\n|move|p1a: Lumineon|Surf|p2a: Glimmora\n|-supereffective|p2a: Glimmora\n|-enditem|p2a: Glimmora|Focus Sash\n|-damage|p2a: Glimmora|1\/100\n|\n|upkeep\n|turn|4\n|\n|t:|1699792659\n|move|p1a: Lumineon|Surf|p2a: Glimmora\n|-supereffective|p2a: Glimmora\n|-damage|p2a: Glimmora|0 fnt\n|faint|p2a: Glimmora\n|\n|upkeep\n|-message|theqalt forfeited.\n|\n|win|wyverbal\n|raw|wyverbal's rating: 1067 &rarr; <strong>1100<\/strong><br \/>(+33 for winning)\n|raw|theqalt's rating: 1101 &rarr; <strong>1074<\/strong><br \/>(-27 for losing)\n","uploadtime":1699792666,"views":13,"p1id":"wyverbal","p2id":"theqalt","formatid":"gen9ou","rating":1074,"private":0,"password":""}