{"id":"gen9ou-1995327238","p1":"qwerty56yt","p2":"Rhyfinn1.1.1","format":"[Gen 9] OU","log":"|j|\u2606qwerty56yt\n|j|\u2606Rhyfinn1.1.1\n|t:|1700554298\n|gametype|singles\n|player|p1|qwerty56yt|2|1041\n|player|p2|Rhyfinn1.1.1|ninjaboy|1000\n|teamsize|p1|6\n|teamsize|p2|6\n|gen|9\n|tier|[Gen 9] OU\n|rated|\n|rule|Sleep Clause Mod: Limit one foe put to sleep\n|rule|Species Clause: Limit one of each Pok\u00e9mon\n|rule|OHKO Clause: OHKO moves are banned\n|rule|Evasion Items Clause: Evasion items are banned\n|rule|Evasion Moves Clause: Evasion moves are banned\n|rule|Endless Battle Clause: Forcing endless battles is banned\n|rule|HP Percentage Mod: HP is shown in percentages\n|clearpoke\n|poke|p1|Dragapult, M|\n|poke|p1|Meowscarada, M|\n|poke|p1|Ninetales-Alola, M|\n|poke|p1|Zapdos|\n|poke|p1|Kingambit, F|\n|poke|p1|Iron Moth|\n|poke|p2|Slowking-Galar, F|\n|poke|p2|Thundurus-Therian, M|\n|poke|p2|Alomomola, M|\n|poke|p2|Cinderace, F|\n|poke|p2|Iron Valiant|\n|poke|p2|Dragonite, F|\n|teampreview\n|inactive|Battle timer is ON: inactive players will automatically lose when time's up. (requested by Rhyfinn1.1.1)\n|\n|t:|1700554306\n|start\n|switch|p1a: ice|Ninetales-Alola, M|100\/100\n|switch|p2a: Cinderace|Cinderace, F|100\/100\n|-weather|Snow|[from] ability: Snow Warning|[of] p1a: ice\n|turn|1\n|\n|t:|1700554316\n|-terastallize|p1a: ice|Poison\n|move|p2a: Cinderace|Pyro Ball|p1a: ice\n|-damage|p1a: ice|31\/100\n|move|p1a: ice|Aurora Veil|p1a: ice\n|-sidestart|p1: qwerty56yt|move: Aurora Veil\n|\n|-weather|Snow|[upkeep]\n|upkeep\n|turn|2\n|\n|t:|1700554326\n|move|p2a: Cinderace|Court Change|p2a: Cinderace\n|-start|p2a: Cinderace|typechange|Normal|[from] ability: Libero\n|-swapsideconditions\n|-activate|p2a: Cinderace|move: Court Change\n|move|p1a: ice|Freeze-Dry|p2a: Cinderace\n|-damage|p2a: Cinderace|86\/100\n|\n|-weather|Snow|[upkeep]\n|upkeep\n|turn|3\n|-message|qwerty56yt forfeited.\n|\n|win|Rhyfinn1.1.1\n|raw|qwerty56yt's rating: 1041 &rarr; <strong>1023<\/strong><br \/>(-18 for losing)\n|raw|Rhyfinn1.1.1's rating: 1000 &rarr; <strong>1045<\/strong><br \/>(+45 for winning)\n|l|\u2606qwerty56yt\n","uploadtime":1700554342,"views":3,"p1id":"qwerty56yt","p2id":"rhyfinn111","formatid":"gen9ou","rating":1023,"private":0,"password":""}