{"id":"gen9ou-1989674451","p1":"DryerSheetz","p2":"pantalonescondidos","format":"[Gen 9] OU","log":"|j|\u2606DryerSheetz\n|j|\u2606pantalonescondidos\n|t:|1699885678\n|gametype|singles\n|player|p1|DryerSheetz|anabel|1359\n|player|p2|pantalonescondidos|1|1402\n|teamsize|p1|6\n|teamsize|p2|6\n|gen|9\n|tier|[Gen 9] OU\n|rated|\n|rule|Sleep Clause Mod: Limit one foe put to sleep\n|rule|Species Clause: Limit one of each Pok\u00e9mon\n|rule|OHKO Clause: OHKO moves are banned\n|rule|Evasion Items Clause: Evasion items are banned\n|rule|Evasion Moves Clause: Evasion moves are banned\n|rule|Endless Battle Clause: Forcing endless battles is banned\n|rule|HP Percentage Mod: HP is shown in percentages\n|clearpoke\n|poke|p1|Gholdengo|\n|poke|p1|Garganacl, F|\n|poke|p1|Ninetales-Alola, M|\n|poke|p1|Kingambit, F|\n|poke|p1|Dragapult, F|\n|poke|p1|Iron Moth|\n|poke|p2|Sylveon, F|\n|poke|p2|Slowking-Galar, M|\n|poke|p2|Toxapex, F|\n|poke|p2|Great Tusk|\n|poke|p2|Kingambit, M|\n|poke|p2|Rotom-Heat|\n|teampreview\n|inactive|Battle timer is ON: inactive players will automatically lose when time's up. (requested by pantalonescondidos)\n|\n|t:|1699885691\n|start\n|switch|p1a: Furry Prawn'ss|Ninetales-Alola, M|100\/100\n|switch|p2a: Slowking|Slowking-Galar, M, shiny|100\/100\n|-weather|Snow|[from] ability: Snow Warning|[of] p1a: Furry Prawn'ss\n|turn|1\n|j| IRLFloofy\n|\n|t:|1699885696\n|move|p1a: Furry Prawn'ss|Aurora Veil|p1a: Furry Prawn'ss\n|-sidestart|p1: DryerSheetz|move: Aurora Veil\n|move|p2a: Slowking|Sludge Bomb|p1a: Furry Prawn'ss\n|-supereffective|p1a: Furry Prawn'ss\n|-damage|p1a: Furry Prawn'ss|66\/100\n|\n|-weather|Snow|[upkeep]\n|upkeep\n|turn|2\n|\n|t:|1699885703\n|switch|p1a: lawmower|Kingambit, F|100\/100\n|move|p2a: Slowking|Future Sight|p1a: lawmower\n|-start|p2a: Slowking|move: Future Sight\n|\n|-weather|Snow|[upkeep]\n|upkeep\n|turn|3\n|\n|t:|1699885708\n|switch|p2a: Great Tusk|Great Tusk|100\/100\n|move|p1a: lawmower|Swords Dance|p1a: lawmower\n|-boost|p1a: lawmower|atk|2\n|\n|-weather|Snow|[upkeep]\n|upkeep\n|turn|4\n|\n|t:|1699885715\n|-terastallize|p1a: lawmower|Flying\n|move|p2a: Great Tusk|Earthquake|p1a: lawmower\n|-immune|p1a: lawmower\n|move|p1a: lawmower|Swords Dance|p1a: lawmower\n|-boost|p1a: lawmower|atk|2\n|\n|-weather|Snow|[upkeep]\n|-end|p1a: lawmower|move: Future Sight\n|-damage|p1a: lawmower|80\/100\n|-heal|p1a: lawmower|86\/100|[from] item: Leftovers\n|upkeep\n|turn|5\n|\n|t:|1699885723\n|move|p2a: Great Tusk|Knock Off|p1a: lawmower\n|-damage|p1a: lawmower|71\/100\n|-enditem|p1a: lawmower|Leftovers|[from] move: Knock Off|[of] p2a: Great Tusk\n|move|p1a: lawmower|Iron Head|p2a: Great Tusk\n|-damage|p2a: Great Tusk|0 fnt\n|faint|p2a: Great Tusk\n|-end|p2a: Great Tusk|Protosynthesis|[silent]\n|\n|-weather|none\n|upkeep\n|-message|pantalonescondidos forfeited.\n|\n|win|DryerSheetz\n|raw|DryerSheetz's rating: 1359 &rarr; <strong>1381<\/strong><br \/>(+22 for winning)\n|raw|pantalonescondidos's rating: 1402 &rarr; <strong>1380<\/strong><br \/>(-22 for losing)\n|l|\u2606pantalonescondidos\n","uploadtime":1699885738,"views":21,"p1id":"dryersheetz","p2id":"pantalonescondidos","formatid":"gen9ou","rating":1380,"private":0,"password":""}