{"id":"gen9ou-1991147820","p1":"MugiwaraGiambo","p2":"Reiniery","format":"[Gen 9] OU","log":"|j|\u2606MugiwaraGiambo\n|j|\u2606Reiniery\n|t:|1700050129\n|gametype|singles\n|player|p1|MugiwaraGiambo|102|1343\n|player|p2|Reiniery|steven|1344\n|teamsize|p1|6\n|teamsize|p2|6\n|gen|9\n|tier|[Gen 9] OU\n|rated|\n|rule|Sleep Clause Mod: Limit one foe put to sleep\n|rule|Species Clause: Limit one of each Pok\u00e9mon\n|rule|OHKO Clause: OHKO moves are banned\n|rule|Evasion Items Clause: Evasion items are banned\n|rule|Evasion Moves Clause: Evasion moves are banned\n|rule|Endless Battle Clause: Forcing endless battles is banned\n|rule|HP Percentage Mod: HP is shown in percentages\n|clearpoke\n|poke|p1|Ditto|\n|poke|p1|Manaphy|\n|poke|p1|Garganacl, F|\n|poke|p1|Cresselia, F|\n|poke|p1|Zapdos|\n|poke|p1|Cinderace, F|\n|poke|p2|Rillaboom, M|\n|poke|p2|Sneasler, M|\n|poke|p2|Heatran, M|\n|poke|p2|Iron Valiant|\n|poke|p2|Ogerpon-Wellspring, F|\n|poke|p2|Great Tusk|\n|teampreview\n|inactive|Battle timer is ON: inactive players will automatically lose when time's up. (requested by Reiniery)\n|\n|t:|1700050150\n|start\n|switch|p1a: Zapdos|Zapdos|100\/100\n|switch|p2a: Great Tusk|Great Tusk|100\/100\n|turn|1\n|\n|t:|1700050155\n|-end|p2a: Great Tusk|Protosynthesis|[silent]\n|switch|p2a: Heatran|Heatran, M|100\/100\n|move|p1a: Zapdos|Hurricane|p2a: Heatran\n|-resisted|p2a: Heatran\n|-damage|p2a: Heatran|87\/100\n|\n|-heal|p2a: Heatran|93\/100|[from] item: Leftovers\n|upkeep\n|turn|2\n|\n|t:|1700050164\n|switch|p1a: Ditto|Ditto|100\/100\n|-transform|p1a: Ditto|p2a: Heatran|[from] ability: Imposter\n|move|p2a: Heatran|Lava Plume|p1a: Ditto\n|-start|p1a: Ditto|ability: Flash Fire\n|\n|-heal|p2a: Heatran|99\/100|[from] item: Leftovers\n|upkeep\n|turn|3\n|\n|t:|1700050181\n|move|p2a: Heatran|Protect|p2a: Heatran\n|-singleturn|p2a: Heatran|Protect\n|move|p1a: Ditto|Lava Plume|p2a: Heatran\n|-activate|p2a: Heatran|move: Protect\n|\n|-heal|p2a: Heatran|100\/100|[from] item: Leftovers\n|upkeep\n|turn|4\n|\n|t:|1700050185\n|move|p1a: Ditto|Lava Plume|p2a: Heatran\n|-start|p2a: Heatran|ability: Flash Fire\n|move|p2a: Heatran|Earth Power|p1a: Ditto\n|-supereffective|p1a: Ditto\n|-damage|p1a: Ditto|22\/100\n|\n|upkeep\n|turn|5\n|-message|MugiwaraGiambo forfeited.\n|\n|win|Reiniery\n|raw|MugiwaraGiambo's rating: 1343 &rarr; <strong>1323<\/strong><br \/>(-20 for losing)\n|raw|Reiniery's rating: 1344 &rarr; <strong>1364<\/strong><br \/>(+20 for winning)\n|l|\u2606MugiwaraGiambo\n|j|\u2606MugiwaraGiambo\n|player|p1|MugiwaraGiambo|102\n","uploadtime":1700050199,"views":6,"p1id":"mugiwaragiambo","p2id":"reiniery","formatid":"gen9ou","rating":1323,"private":0,"password":""}