{"id":"gen9ou-1994304805","p1":"toxikiss","p2":"Tripledeluxer","format":"[Gen 9] OU","log":"|j|\u2606toxikiss\n|j|\u2606Tripledeluxer\n|t:|1700429102\n|gametype|singles\n|player|p1|toxikiss|102|1323\n|player|p2|Tripledeluxer|riley|1248\n|teamsize|p1|6\n|teamsize|p2|6\n|gen|9\n|tier|[Gen 9] OU\n|rated|\n|rule|Sleep Clause Mod: Limit one foe put to sleep\n|rule|Species Clause: Limit one of each Pok\u00e9mon\n|rule|OHKO Clause: OHKO moves are banned\n|rule|Evasion Items Clause: Evasion items are banned\n|rule|Evasion Moves Clause: Evasion moves are banned\n|rule|Endless Battle Clause: Forcing endless battles is banned\n|rule|HP Percentage Mod: HP is shown in percentages\n|clearpoke\n|poke|p1|Goodra-Hisui, F|\n|poke|p1|Garganacl, F|\n|poke|p1|Dragapult, M|\n|poke|p1|Alomomola, F|\n|poke|p1|Cyclizar, F|\n|poke|p1|Kleavor, F|\n|poke|p2|Grimmsnarl, M|\n|poke|p2|Armarouge, F|\n|poke|p2|Great Tusk|\n|poke|p2|Ninetales-Alola, F|\n|poke|p2|Ogerpon-Wellspring, F|\n|poke|p2|Haxorus, F|\n|teampreview\n|\n|t:|1700429142\n|start\n|switch|p1a: Kleavor|Kleavor, F|100\/100\n|switch|p2a: Great Tusk|Great Tusk|100\/100\n|turn|1\n|inactive|Battle timer is ON: inactive players will automatically lose when time's up. (requested by toxikiss)\n|\n|t:|1700429150\n|move|p1a: Kleavor|U-turn|p2a: Great Tusk\n|-resisted|p2a: Great Tusk\n|-damage|p2a: Great Tusk|87\/100\n|\n|t:|1700429153\n|switch|p1a: Alomomola|Alomomola, F|100\/100|[from] U-turn\n|move|p2a: Great Tusk|Headlong Rush|p1a: Alomomola\n|-damage|p1a: Alomomola|65\/100\n|-unboost|p2a: Great Tusk|def|1\n|-unboost|p2a: Great Tusk|spd|1\n|\n|-heal|p1a: Alomomola|71\/100|[from] item: Leftovers\n|upkeep\n|turn|2\n|\n|t:|1700429158\n|-end|p2a: Great Tusk|Protosynthesis|[silent]\n|switch|p2a: Ogerpon|Ogerpon-Wellspring, F|100\/100\n|move|p1a: Alomomola|Wish|p1a: Alomomola\n|\n|-heal|p1a: Alomomola|77\/100|[from] item: Leftovers\n|upkeep\n|turn|3\n|\n|t:|1700429176\n|switch|p1a: Kleavor|Kleavor, F|100\/100\n|move|p2a: Ogerpon|Swords Dance|p2a: Ogerpon\n|-boost|p2a: Ogerpon|atk|2\n|\n|upkeep\n|turn|4\n|\n|t:|1700429186\n|-terastallize|p2a: Ogerpon|Water\n|detailschange|p2a: Ogerpon|Ogerpon-Wellspring-Tera, F, tera:Water\n|-ability|p2a: Ogerpon|Embody Aspect (Wellspring)|boost\n|-boost|p2a: Ogerpon|spd|1\n|move|p1a: Kleavor|U-turn|p2a: Ogerpon\n|-damage|p2a: Ogerpon|48\/100\n|\n|t:|1700429199\n|switch|p1a: Cyclizar|Cyclizar, F|100\/100|[from] U-turn\n|move|p2a: Ogerpon|Trailblaze|p1a: Cyclizar\n|-resisted|p1a: Cyclizar\n|-damage|p1a: Cyclizar|57\/100\n|-boost|p2a: Ogerpon|spe|1\n|\n|upkeep\n|turn|5\n|\n|t:|1700429210\n|move|p2a: Ogerpon|Horn Leech|p1a: Cyclizar\n|-resisted|p1a: Cyclizar\n|-damage|p1a: Cyclizar|0 fnt\n|-heal|p2a: Ogerpon|81\/100|[from] drain|[of] p1a: Cyclizar\n|faint|p1a: Cyclizar\n|\n|upkeep\n|inactive|toxikiss has 120 seconds left.\n|\n|t:|1700429233\n|switch|p1a: Dragapult|Dragapult, M|100\/100\n|turn|6\n|\n|t:|1700429237\n|move|p2a: Ogerpon|Ivy Cudgel|p1a: Dragapult|[anim] Ivy Cudgel Water\n|-resisted|p1a: Dragapult\n|-damage|p1a: Dragapult|0 fnt\n|faint|p1a: Dragapult\n|\n|upkeep\n|inactive|toxikiss has 120 seconds left.\n|-message|toxikiss forfeited.\n|\n|win|Tripledeluxer\n|raw|toxikiss's rating: 1323 &rarr; <strong>1299<\/strong><br \/>(-24 for losing)\n|raw|Tripledeluxer's rating: 1248 &rarr; <strong>1278<\/strong><br \/>(+30 for winning)\n","uploadtime":1700429268,"views":16,"p1id":"toxikiss","p2id":"tripledeluxer","formatid":"gen9ou","rating":1278,"private":0,"password":""}