{"id":"gen9ou-1990966275","p1":"Mobmaster21","p2":"VGCsavant","format":"[Gen 9] OU","log":"|j|\u2606Mobmaster21\n|j|\u2606VGCsavant\n|t:|1700020850\n|gametype|singles\n|player|p1|Mobmaster21|riley|\n|player|p2|VGCsavant|salvatore|\n|teamsize|p1|1\n|teamsize|p2|5\n|gen|9\n|tier|[Gen 9] OU\n|rule|Sleep Clause Mod: Limit one foe put to sleep\n|rule|Species Clause: Limit one of each Pok\u00e9mon\n|rule|OHKO Clause: OHKO moves are banned\n|rule|Evasion Items Clause: Evasion items are banned\n|rule|Evasion Moves Clause: Evasion moves are banned\n|rule|Endless Battle Clause: Forcing endless battles is banned\n|rule|HP Percentage Mod: HP is shown in percentages\n|clearpoke\n|poke|p1|Meowscarada, M|\n|poke|p2|Pelipper, M|\n|poke|p2|Enamorus, F|\n|poke|p2|Gastrodon, F|\n|poke|p2|Rotom-Wash|\n|poke|p2|Basculegion, M|\n|teampreview\n|inactive|Battle timer is ON: inactive players will automatically lose when time's up. (requested by VGCsavant)\n|c|\u2606VGCsavant|wtf lol\n|c|\u2606VGCsavant|glhf\n|\n|t:|1700020877\n|start\n|switch|p1a: Meowscarada|Meowscarada, M|100\/100\n|switch|p2a: Pelipper|Pelipper, M|100\/100\n|-weather|RainDance|[from] ability: Drizzle|[of] p2a: Pelipper\n|turn|1\n|c|\u2606Mobmaster21|Lol im wounded\n|c|\u2606VGCsavant|i fogor\n|inactive|Mobmaster21 has 270 seconds left.\n|\n|t:|1700020909\n|move|p1a: Meowscarada|Nasty Plot|p1a: Meowscarada\n|-start|p1a: Meowscarada|typechange|Dark|[from] ability: Protean\n|-boost|p1a: Meowscarada|spa|2\n|move|p2a: Pelipper|Hurricane|p1a: Meowscarada\n|-damage|p1a: Meowscarada|45\/100\n|-start|p1a: Meowscarada|confusion\n|\n|-weather|RainDance|[upkeep]\n|upkeep\n|turn|2\n|\n|t:|1700020924\n|-activate|p1a: Meowscarada|confusion\n|move|p1a: Meowscarada|Power Gem|p2a: Pelipper\n|-supereffective|p2a: Pelipper\n|-damage|p2a: Pelipper|0 fnt\n|faint|p2a: Pelipper\n|\n|-weather|RainDance|[upkeep]\n|upkeep\n|inactive|VGCsavant has 270 seconds left.\n|\n|t:|1700020940\n|switch|p2a: Basculegion|Basculegion, M|100\/100\n|turn|3\n|\n|t:|1700020949\n|-terastallize|p2a: Basculegion|Water\n|-terastallize|p1a: Meowscarada|Ghost\n|move|p2a: Basculegion|Wave Crash|p1a: Meowscarada\n|-damage|p1a: Meowscarada|0 fnt\n|faint|p1a: Meowscarada\n|-damage|p2a: Basculegion|89\/100|[from] Recoil\n|\n|win|VGCsavant\n|c|\u2606VGCsavant|umm\n|c|\u2606VGCsavant|gg\n|c|\u2606Mobmaster21|Gg lol\n|l|\u2606VGCsavant\n|j|\u2606VGCsavant\n|player|p2|VGCsavant|salvatore\n","uploadtime":1700020978,"views":81,"p1id":"mobmaster21","p2id":"vgcsavant","formatid":"gen9ou","rating":0,"private":0,"password":""}