{"id":"gen9ou-1992709968","p1":"tumblezz","p2":"Lenoxum","format":"[Gen 9] OU","log":"|j|\u2606tumblezz\n|j|\u2606Lenoxum\n|inactive|Battle timer is ON: inactive players will automatically lose when time's up.\n|t:|1700227852\n|gametype|singles\n|player|p1|tumblezz|169|\n|player|p2|Lenoxum|turo-ai|\n|teamsize|p1|3\n|teamsize|p2|3\n|gen|9\n|tier|[Gen 9] OU\n|rated|Tournament battle\n|rule|Sleep Clause Mod: Limit one foe put to sleep\n|rule|Species Clause: Limit one of each Pok\u00e9mon\n|rule|OHKO Clause: OHKO moves are banned\n|rule|Evasion Items Clause: Evasion items are banned\n|rule|Evasion Moves Clause: Evasion moves are banned\n|rule|Endless Battle Clause: Forcing endless battles is banned\n|rule|HP Percentage Mod: HP is shown in percentages\n|clearpoke\n|poke|p1|Haunter, F|\n|poke|p1|Garchomp, M|\n|poke|p1|Meowscarada, M|\n|poke|p2|Maushold-Four|\n|poke|p2|Bisharp, M|\n|poke|p2|Staraptor, M|\n|teampreview\n|j|*Lady Monita \u2746\n|j| CrusaderOfCalamity\n|c|\u2606Lenoxum|glhf\n|j| ghostlyplanets\n|c| ghostlyplanets|Lenoxum r u dumb\n|\n|t:|1700227872\n|start\n|switch|p1a: Haunter|Haunter, F|100\/100\n|switch|p2a: Staraptor|Staraptor, M, shiny|100\/100\n|turn|1\n|c| ghostlyplanets|wheres kingambit\n|c|\u2606Lenoxum|?\n|c| ghostlyplanets|+ goodra hisui\n|c| ghostlyplanets|goodrahisui is literally the most op mon\n|c|\u2606Lenoxum|my choce\n|c|\u2606Lenoxum|i\n|inactive|Lenoxum has 120 seconds left.\n|c| ghostlyplanets|sob\n|c| CrusaderOfCalamity|His wish\n|j| Low-Key-G-Mazing\n|\n|t:|1700227907\n|move|p2a: Staraptor|Brave Bird|p1a: Haunter\n|-damage|p1a: Haunter|0 fnt\n|faint|p1a: Haunter\n|-damage|p2a: Staraptor|76\/100|[from] Recoil\n|-damage|p2a: Staraptor|66\/100|[from] item: Life Orb\n|\n|upkeep\n|c| ghostlyplanets|i feel abandoned man\n|l| ghostlyplanets\n|\n|t:|1700227916\n|switch|p1a: Meowscarada|Meowscarada, M|100\/100\n|turn|2\n|\n|t:|1700227924\n|move|p1a: Meowscarada|Knock Off|p2a: Staraptor\n|-start|p1a: Meowscarada|typechange|Dark|[from] ability: Protean\n|-damage|p2a: Staraptor|0 fnt\n|-enditem|p2a: Staraptor|Life Orb|[from] move: Knock Off|[of] p1a: Meowscarada\n|faint|p2a: Staraptor\n|\n|upkeep\n|c| Low-Key-G-Mazing|oh man\n|inactive|Lenoxum has 120 seconds left.\n|\n|t:|1700227954\n|switch|p2a: Maushold|Maushold-Four, shiny|100\/100\n|turn|3\n|\n|t:|1700227958\n|-terastallize|p2a: Maushold|Normal\n|move|p2a: Maushold|Population Bomb|p1a: Meowscarada\n|-damage|p1a: Meowscarada|79\/100\n|-damage|p1a: Meowscarada|56\/100\n|-damage|p1a: Meowscarada|34\/100\n|-damage|p1a: Meowscarada|10\/100\n|-damage|p1a: Meowscarada|0 fnt\n|faint|p1a: Meowscarada\n|-hitcount|p1: Meowscarada|5\n|\n|upkeep\n|\n|t:|1700227963\n|switch|p1a: Garchomp|Garchomp, M|100\/100\n|turn|4\n|\n|t:|1700227975\n|move|p2a: Maushold|Population Bomb|p1a: Garchomp\n|-damage|p1a: Garchomp|85\/100\n|-damage|p2a: Maushold|88\/100|[from] ability: Rough Skin|[of] p1a: Garchomp\n|-damage|p1a: Garchomp|70\/100\n|-damage|p2a: Maushold|76\/100|[from] ability: Rough Skin|[of] p1a: Garchomp\n|-damage|p1a: Garchomp|55\/100\n|-damage|p2a: Maushold|63\/100|[from] ability: Rough Skin|[of] p1a: Garchomp\n|-damage|p1a: Garchomp|41\/100\n|-damage|p2a: Maushold|51\/100|[from] ability: Rough Skin|[of] p1a: Garchomp\n|-damage|p1a: Garchomp|26\/100\n|-damage|p2a: Maushold|38\/100|[from] ability: Rough Skin|[of] p1a: Garchomp\n|-damage|p1a: Garchomp|13\/100\n|-damage|p2a: Maushold|26\/100|[from] ability: Rough Skin|[of] p1a: Garchomp\n|-damage|p1a: Garchomp|0 fnt\n|-damage|p2a: Maushold|14\/100|[from] ability: Rough Skin|[of] p1a: Garchomp\n|faint|p1a: Garchomp\n|-hitcount|p1: Garchomp|7\n|\n|win|Lenoxum\n|n|\u2606tumblezz|tumblezz\n|n|\u2606Lenoxum|lenoxum\n|n|*Lady Monita \u2746|ladymonita\n|n| CrusaderOfCalamity|crusaderofcalamity\n|n| Low-Key-G-Mazing|lowkeygmazing\n","uploadtime":1700227976,"views":8,"p1id":"tumblezz","p2id":"lenoxum","formatid":"gen9ou","rating":0,"private":0,"password":""}