{"id":"gen9ou-1991088082","p1":"panties_dropper","p2":"DeStef2003","format":"[Gen 9] OU","log":"|j|\u2606panties_dropper\n|j|\u2606DeStef2003\n|t:|1700040969\n|gametype|singles\n|player|p1|panties_dropper|youngcouple-gen4dp|1000\n|player|p2|DeStef2003|cyclist|1116\n|teamsize|p1|6\n|teamsize|p2|6\n|gen|9\n|tier|[Gen 9] OU\n|rated|\n|rule|Sleep Clause Mod: Limit one foe put to sleep\n|rule|Species Clause: Limit one of each Pok\u00e9mon\n|rule|OHKO Clause: OHKO moves are banned\n|rule|Evasion Items Clause: Evasion items are banned\n|rule|Evasion Moves Clause: Evasion moves are banned\n|rule|Endless Battle Clause: Forcing endless battles is banned\n|rule|HP Percentage Mod: HP is shown in percentages\n|clearpoke\n|poke|p1|Poliwrath, F|\n|poke|p1|Pelipper, M|\n|poke|p1|Overqwil, F|\n|poke|p1|Rillaboom, M|\n|poke|p1|Iron Treads|\n|poke|p1|Zapdos|\n|poke|p2|Gholdengo|\n|poke|p2|Poliwrath, F|\n|poke|p2|Pelipper, F|\n|poke|p2|Ribombee, M|\n|poke|p2|Great Tusk|\n|poke|p2|Kingambit, F|\n|teampreview\n|c|\u2606DeStef2003|ayooo\n|c|\u2606DeStef2003|Poliwrath gang\n|c|\u2606DeStef2003|Isn't this literally Joey's team\n|inactive|Battle timer is ON: inactive players will automatically lose when time's up. (requested by panties_dropper)\n|c|\u2606DeStef2003|hold on lemme get the evs ivs for the calcs\n|\n|t:|1700041028\n|start\n|switch|p1a: Pelipper|Pelipper, M|100\/100\n|switch|p2a: Great Tusk|Great Tusk|100\/100\n|-weather|RainDance|[from] ability: Drizzle|[of] p1a: Pelipper\n|turn|1\n|\n|t:|1700041047\n|-end|p2a: Great Tusk|Protosynthesis|[silent]\n|switch|p2a: Ribombee|Ribombee, M|100\/100\n|move|p1a: Pelipper|Hurricane|p2a: Ribombee\n|-supereffective|p2a: Ribombee\n|-enditem|p2a: Ribombee|Focus Sash\n|-damage|p2a: Ribombee|1\/100\n|\n|-weather|RainDance|[upkeep]\n|upkeep\n|turn|2\n|\n|t:|1700041066\n|move|p2a: Ribombee|Sticky Web|p1a: Pelipper\n|-sidestart|p1: panties_dropper|move: Sticky Web\n|move|p1a: Pelipper|U-turn|p2a: Ribombee\n|-resisted|p2a: Ribombee\n|-damage|p2a: Ribombee|0 fnt\n|faint|p2a: Ribombee\n|inactive|panties_dropper has 120 seconds left.\n|\n|t:|1700041087\n|switch|p1a: Iron Treads|Iron Treads|100\/100|[from] U-turn\n|-activate|p1a: Iron Treads|move: Sticky Web\n|-unboost|p1a: Iron Treads|spe|1\n|\n|-weather|RainDance|[upkeep]\n|upkeep\n|\n|t:|1700041097\n|switch|p2a: Pelipper|Pelipper, F|100\/100\n|turn|3\n|\n|t:|1700041103\n|-terastallize|p1a: Iron Treads|Ghost\n|move|p1a: Iron Treads|Rapid Spin|p2a: Pelipper\n|-damage|p2a: Pelipper|89\/100\n|-boost|p1a: Iron Treads|spe|1\n|-sideend|p1: panties_dropper|Sticky Web|[from] move: Rapid Spin|[of] p1a: Iron Treads\n|move|p2a: Pelipper|Surf|p1a: Iron Treads\n|-damage|p1a: Iron Treads|53\/100\n|\n|-weather|RainDance|[upkeep]\n|upkeep\n|turn|4\n|\n|t:|1700041114\n|move|p1a: Iron Treads|Thunder|p2a: Pelipper\n|-supereffective|p2a: Pelipper\n|-damage|p2a: Pelipper|0 fnt\n|faint|p2a: Pelipper\n|\n|-weather|RainDance|[upkeep]\n|upkeep\n|-message|DeStef2003 forfeited.\n|\n|win|panties_dropper\n|raw|panties_dropper's rating: 1000 &rarr; <strong>1053<\/strong><br \/>(+53 for winning)\n|raw|DeStef2003's rating: 1116 &rarr; <strong>1083<\/strong><br \/>(-33 for losing)\n|l|\u2606DeStef2003\n","uploadtime":1700041146,"views":11,"p1id":"pantiesdropper","p2id":"destef2003","formatid":"gen9ou","rating":1053,"private":0,"password":""}