{"id":"gen9ou-1990694230","p1":"LunarPlaymaker96","p2":"Reshi (TG) \u2606","format":"[Gen 9] OU","log":"|j|\u2606LunarPlaymaker96\n|j|\u2606Reshi (TG) \u2606\n|t:|1699992393\n|gametype|singles\n|player|p1|LunarPlaymaker96|iris-gen5bw2|\n|player|p2|Reshi (TG) \u2606|rosa|\n|teamsize|p1|1\n|teamsize|p2|1\n|gen|9\n|tier|[Gen 9] OU\n|rule|Sleep Clause Mod: Limit one foe put to sleep\n|rule|Species Clause: Limit one of each Pok\u00e9mon\n|rule|OHKO Clause: OHKO moves are banned\n|rule|Evasion Items Clause: Evasion items are banned\n|rule|Evasion Moves Clause: Evasion moves are banned\n|rule|Endless Battle Clause: Forcing endless battles is banned\n|rule|HP Percentage Mod: HP is shown in percentages\n|clearpoke\n|poke|p1|Perrserker, M|\n|poke|p2|Blissey, F|\n|teampreview\n|\n|t:|1699992398\n|start\n|switch|p1a: Perrserker|Perrserker, M|100\/100\n|switch|p2a: Blissey|Blissey, F|100\/100\n|turn|1\n|\n|t:|1699992404\n|move|p2a: Blissey|Fire Punch|p1a: Perrserker\n|-supereffective|p1a: Perrserker\n|-damage|p1a: Perrserker|81\/100\n|move|p1a: Perrserker|Heavy Slam|p2a: Blissey\n|-damage|p2a: Blissey|41\/100\n|\n|upkeep\n|turn|2\n|-message|LunarPlaymaker96 forfeited.\n|\n|win|Reshi (TG) \u2606\n|l|\u2606LunarPlaymaker96\n","uploadtime":1699992421,"views":9,"p1id":"lunarplaymaker96","p2id":"reshitg","formatid":"gen9ou","rating":0,"private":0,"password":""}