{"id":"gen9ou-1997589650","p1":"Martin Schiffer","p2":"Manisj","format":"[Gen 9] OU","log":"|j|\u2606Martin Schiffer\n|j|\u2606Manisj\n|t:|1700829864\n|gametype|singles\n|player|p1|Martin Schiffer|swimmerf|1490\n|player|p2|Manisj|265|1452\n|teamsize|p1|6\n|teamsize|p2|6\n|gen|9\n|tier|[Gen 9] OU\n|rated|\n|rule|Sleep Clause Mod: Limit one foe put to sleep\n|rule|Species Clause: Limit one of each Pok\u00e9mon\n|rule|OHKO Clause: OHKO moves are banned\n|rule|Evasion Items Clause: Evasion items are banned\n|rule|Evasion Moves Clause: Evasion moves are banned\n|rule|Endless Battle Clause: Forcing endless battles is banned\n|rule|HP Percentage Mod: HP is shown in percentages\n|clearpoke\n|poke|p1|Maushold|\n|poke|p1|Samurott-Hisui, F|\n|poke|p1|Kingambit, F|\n|poke|p1|Garganacl, F|\n|poke|p1|Amoonguss, F|\n|poke|p1|Weavile, F|\n|poke|p2|Slowking-Galar, F|\n|poke|p2|Scizor, F|\n|poke|p2|Cinderace, M|\n|poke|p2|Rotom-Wash|\n|poke|p2|Iron Valiant|\n|poke|p2|Dragonite, F|\n|teampreview\n|inactive|Battle timer is ON: inactive players will automatically lose when time's up. (requested by Martin Schiffer)\n|\n|t:|1700829878\n|start\n|switch|p1a: Weavile|Weavile, F|100\/100\n|switch|p2a: Scizor|Scizor, F|100\/100\n|-ability|p1a: Weavile|Pressure\n|turn|1\n|\n|t:|1700829889\n|switch|p1a: Garganacl|Garganacl, F|100\/100\n|move|p2a: Scizor|U-turn|p1a: Garganacl\n|-damage|p1a: Garganacl|61\/100\n|\n|t:|1700829899\n|switch|p2a: Iron Valiant|Iron Valiant|100\/100|[from] U-turn\n|\n|-heal|p1a: Garganacl|67\/100|[from] item: Leftovers\n|upkeep\n|turn|2\n|\n|t:|1700829905\n|-terastallize|p1a: Garganacl|Fairy\n|move|p2a: Iron Valiant|Trick|p1a: Garganacl\n|-activate|p2a: Iron Valiant|move: Trick|[of] p1a: Garganacl\n|-item|p1a: Garganacl|Choice Scarf|[from] move: Trick\n|-item|p2a: Iron Valiant|Leftovers|[from] move: Trick\n|move|p1a: Garganacl|Iron Defense|p1a: Garganacl\n|-boost|p1a: Garganacl|def|2\n|\n|upkeep\n|turn|3\n|-message|Martin Schiffer forfeited.\n|\n|win|Manisj\n|raw|Martin Schiffer's rating: 1490 &rarr; <strong>1468<\/strong><br \/>(-22 for losing)\n|raw|Manisj's rating: 1452 &rarr; <strong>1474<\/strong><br \/>(+22 for winning)\n|l|\u2606Martin Schiffer\n","uploadtime":1700829928,"views":20,"p1id":"martinschiffer","p2id":"manisj","formatid":"gen9ou","rating":1468,"private":0,"password":""}