{"id":"gen9ou-1994643066","p1":"Destroyer459yt","p2":"Skaraptor2.1","format":"[Gen 9] OU","log":"|j|\u2606Destroyer459yt\n|j|\u2606Skaraptor2.1\n|t:|1700474355\n|gametype|singles\n|player|p1|Destroyer459yt|elesa|1281\n|player|p2|Skaraptor2.1|bodybuilderf-gen9|1287\n|teamsize|p1|6\n|teamsize|p2|6\n|gen|9\n|tier|[Gen 9] OU\n|rated|\n|rule|Sleep Clause Mod: Limit one foe put to sleep\n|rule|Species Clause: Limit one of each Pok\u00e9mon\n|rule|OHKO Clause: OHKO moves are banned\n|rule|Evasion Items Clause: Evasion items are banned\n|rule|Evasion Moves Clause: Evasion moves are banned\n|rule|Endless Battle Clause: Forcing endless battles is banned\n|rule|HP Percentage Mod: HP is shown in percentages\n|clearpoke\n|poke|p1|Hippowdon, F|\n|poke|p1|Tyranitar, M|\n|poke|p1|Ogerpon-Wellspring, F|\n|poke|p1|Clefable, M|\n|poke|p1|Iron Moth|\n|poke|p1|Mandibuzz, F|\n|poke|p2|Ribombee, M|\n|poke|p2|Ogerpon-Wellspring, F|\n|poke|p2|Great Tusk|\n|poke|p2|Zamazenta-*|\n|poke|p2|Iron Valiant|\n|poke|p2|Kingambit, F|\n|teampreview\n|inactive|Battle timer is ON: inactive players will automatically lose when time's up. (requested by Skaraptor2.1)\n|inactive|Destroyer459yt also wants the timer to be on.\n|\n|t:|1700474362\n|start\n|switch|p1a: Ogerpon|Ogerpon-Wellspring, F|100\/100\n|switch|p2a: Transfem|Ogerpon-Wellspring, F|100\/100\n|turn|1\n|\n|t:|1700474370\n|move|p2a: Transfem|Horn Leech|p1a: Ogerpon\n|-damage|p1a: Ogerpon|46\/100\n|move|p1a: Ogerpon|Trailblaze|p2a: Transfem\n|-damage|p2a: Transfem|64\/100\n|-boost|p1a: Ogerpon|spe|1\n|\n|upkeep\n|turn|2\n|\n|t:|1700474379\n|switch|p1a: I'm the buzz|Mandibuzz, F|100\/100\n|move|p2a: Transfem|Horn Leech|p1a: I'm the buzz\n|-resisted|p1a: I'm the buzz\n|-damage|p1a: I'm the buzz|88\/100\n|-heal|p2a: Transfem|73\/100|[from] drain|[of] p1a: I'm the buzz\n|\n|upkeep\n|turn|3\n|\n|t:|1700474386\n|switch|p1a: The bloob|Clefable, M|100\/100\n|move|p2a: Transfem|Ivy Cudgel|p1a: The bloob|[anim] Ivy Cudgel Water\n|-damage|p1a: The bloob|34\/100\n|\n|-heal|p1a: The bloob|40\/100|[from] item: Leftovers\n|upkeep\n|turn|4\n|\n|t:|1700474393\n|switch|p1a: Ogerpon|Ogerpon-Wellspring, F|46\/100\n|move|p2a: Transfem|Knock Off|p1a: Ogerpon\n|-damage|p1a: Ogerpon|14\/100\n|\n|upkeep\n|turn|5\n|-message|Destroyer459yt forfeited.\n|\n|win|Skaraptor2.1\n|raw|Destroyer459yt's rating: 1281 &rarr; <strong>1256<\/strong><br \/>(-25 for losing)\n|raw|Skaraptor2.1's rating: 1287 &rarr; <strong>1312<\/strong><br \/>(+25 for winning)\n|l|\u2606Destroyer459yt\n","uploadtime":1700474403,"views":11,"p1id":"destroyer459yt","p2id":"skaraptor21","formatid":"gen9ou","rating":1256,"private":0,"password":""}