{"id":"gen9ou-1996640163","p1":"moope","p2":"Noobula","format":"[Gen 9] OU","log":"|j|\u2606moope\n|j|\u2606Noobula\n|t:|1700703947\n|gametype|singles\n|player|p1|moope|iono|1586\n|player|p2|Noobula|cyclist-gen4|1514\n|teamsize|p1|6\n|teamsize|p2|6\n|gen|9\n|tier|[Gen 9] OU\n|rated|\n|rule|Sleep Clause Mod: Limit one foe put to sleep\n|rule|Species Clause: Limit one of each Pok\u00e9mon\n|rule|OHKO Clause: OHKO moves are banned\n|rule|Evasion Items Clause: Evasion items are banned\n|rule|Evasion Moves Clause: Evasion moves are banned\n|rule|Endless Battle Clause: Forcing endless battles is banned\n|rule|HP Percentage Mod: HP is shown in percentages\n|clearpoke\n|poke|p1|Indeedee-F, F|\n|poke|p1|Polteageist|\n|poke|p1|Maushold|\n|poke|p1|Hawlucha, F|\n|poke|p1|Ogerpon-Cornerstone, F|\n|poke|p1|Armarouge, F|\n|poke|p2|Heatran, M|\n|poke|p2|Amoonguss, M|\n|poke|p2|Dragapult, M|\n|poke|p2|Cinderace, M|\n|poke|p2|Alomomola, F|\n|poke|p2|Slowking-Galar, M|\n|teampreview\n|inactive|Battle timer is ON: inactive players will automatically lose when time's up. (requested by Noobula)\n|inactive|moope has 120 seconds left.\n|\n|t:|1700704023\n|start\n|switch|p1a: Armarouge|Armarouge, F|100\/100\n|switch|p2a: Dragapult|Dragapult, M|100\/100\n|turn|1\n|j| Jojoash2\n|\n|t:|1700704033\n|move|p1a: Armarouge|Endure|p1a: Armarouge\n|-singleturn|p1a: Armarouge|move: Endure\n|move|p2a: Dragapult|Dragon Darts|p1a: Armarouge\n|-damage|p1a: Armarouge|64\/100\n|-ability|p1a: Armarouge|Weak Armor|boost\n|-unboost|p1a: Armarouge|def|1\n|-boost|p1a: Armarouge|spe|2\n|-anim|p2a: Dragapult|Dragon Darts|p1a: Armarouge\n|-damage|p1a: Armarouge|7\/100\n|-ability|p1a: Armarouge|Weak Armor|boost\n|-unboost|p1a: Armarouge|def|1\n|-boost|p1a: Armarouge|spe|2\n|\n|upkeep\n|turn|2\n|inactive|moope has 120 seconds left.\n|c|\u2606moope|@jojoash2 pls dont pm me his set that lame as hell\n|inactive|moope has 90 seconds left.\n|c|\u2606Noobula|wow\n|c|\u2606moope|ima give the game bro that so wack\n|-message|moope forfeited.\n|\n|win|Noobula\n|raw|moope's rating: 1586 &rarr; <strong>1562<\/strong><br \/>(-24 for losing)\n|raw|Noobula's rating: 1514 &rarr; <strong>1538<\/strong><br \/>(+24 for winning)\n|l| Jojoash2\n|c|\u2606moope|enjoy your day\n|c|\u2606Noobula|thank you\n|l|\u2606Noobula\n|c|\u2606moope|np bro\n","uploadtime":1700704243,"views":2,"p1id":"moope","p2id":"noobula","formatid":"gen9ou","rating":1538,"private":0,"password":""}