{"id":"gen9ou-1995104585","p1":"rsfthkjlyuirytdtre","p2":"ArthurMt10","format":"[Gen 9] OU","log":"|j|\u2606rsfthkjlyuirytdtre\n|j|\u2606ArthurMt10\n|t:|1700523040\n|gametype|singles\n|player|p1|rsfthkjlyuirytdtre|2|1000\n|player|p2|ArthurMt10|ethan|1039\n|teamsize|p1|6\n|teamsize|p2|6\n|gen|9\n|tier|[Gen 9] OU\n|rated|\n|rule|Sleep Clause Mod: Limit one foe put to sleep\n|rule|Species Clause: Limit one of each Pok\u00e9mon\n|rule|OHKO Clause: OHKO moves are banned\n|rule|Evasion Items Clause: Evasion items are banned\n|rule|Evasion Moves Clause: Evasion moves are banned\n|rule|Endless Battle Clause: Forcing endless battles is banned\n|rule|HP Percentage Mod: HP is shown in percentages\n|clearpoke\n|poke|p1|Tinkaton, F|\n|poke|p1|Ribombee, F|\n|poke|p1|Gholdengo|\n|poke|p1|Heatran, M|\n|poke|p1|Great Tusk|\n|poke|p1|Zapdos|\n|poke|p2|Glimmora, F|\n|poke|p2|Blissey, F|\n|poke|p2|Ceruledge, M|\n|poke|p2|Greninja-*, M|\n|poke|p2|Ting-Lu|\n|poke|p2|Ogerpon-Wellspring, F|\n|teampreview\n|inactive|Battle timer is ON: inactive players will automatically lose when time's up. (requested by ArthurMt10)\n|inactive|rsfthkjlyuirytdtre has 120 seconds left.\n|\n|t:|1700523074\n|start\n|switch|p1a: Zapdos|Zapdos|100\/100\n|switch|p2a: Glimmora|Glimmora, F|100\/100\n|turn|1\n|\n|t:|1700523082\n|move|p1a: Zapdos|Thunderbolt|p2a: Glimmora\n|-damage|p2a: Glimmora|47\/100\n|move|p2a: Glimmora|Stealth Rock|p1a: Zapdos\n|-sidestart|p1: rsfthkjlyuirytdtre|move: Stealth Rock\n|\n|upkeep\n|turn|2\n|\n|t:|1700523092\n|move|p1a: Zapdos|Hurricane|p2a: Glimmora\n|-resisted|p2a: Glimmora\n|-damage|p2a: Glimmora|17\/100\n|-start|p2a: Glimmora|confusion\n|-activate|p2a: Glimmora|confusion\n|-damage|p2a: Glimmora|10\/100|[from] confusion\n|\n|upkeep\n|turn|3\n|\n|t:|1700523101\n|move|p1a: Zapdos|Volt Switch|p2a: Glimmora\n|-damage|p2a: Glimmora|0 fnt\n|faint|p2a: Glimmora\n|\n|t:|1700523113\n|switch|p1a: Ribombee|Ribombee, F|100\/100|[from] Volt Switch\n|-damage|p1a: Ribombee|76\/100|[from] Stealth Rock\n|\n|upkeep\n|\n|t:|1700523119\n|switch|p2a: Ceruledge|Ceruledge, M|100\/100\n|turn|4\n|\n|t:|1700523124\n|move|p1a: Ribombee|Sticky Web|p2a: Ceruledge\n|-sidestart|p2: ArthurMt10|move: Sticky Web\n|move|p2a: Ceruledge|Swords Dance|p2a: Ceruledge\n|-boost|p2a: Ceruledge|atk|2\n|\n|upkeep\n|turn|5\n|\n|t:|1700523137\n|-terastallize|p2a: Ceruledge|Bug\n|move|p1a: Ribombee|Stun Spore|p2a: Ceruledge\n|-status|p2a: Ceruledge|par\n|cant|p2a: Ceruledge|par\n|\n|upkeep\n|turn|6\n|\n|t:|1700523153\n|move|p1a: Ribombee|Skill Swap|p2a: Ceruledge\n|-activate|p1a: Ribombee|move: Skill Swap|Flash Fire|Shield Dust|[of] p2a: Ceruledge\n|move|p2a: Ceruledge|Bitter Blade|p1a: Ribombee\n|-start|p1a: Ribombee|ability: Flash Fire\n|\n|upkeep\n|turn|7\n|\n|t:|1700523166\n|move|p1a: Ribombee|Moonblast|p2a: Ceruledge\n|-damage|p2a: Ceruledge|53\/100 par\n|move|p2a: Ceruledge|Poltergeist|p1a: Ribombee|[miss]\n|-miss|p2a: Ceruledge|p1a: Ribombee\n|\n|upkeep\n|turn|8\n|-message|ArthurMt10 forfeited.\n|\n|win|rsfthkjlyuirytdtre\n|raw|rsfthkjlyuirytdtre's rating: 1000 &rarr; <strong>1044<\/strong><br \/>(+44 for winning)\n|raw|ArthurMt10's rating: 1039 &rarr; <strong>1021<\/strong><br \/>(-18 for losing)\n|l|\u2606ArthurMt10\n","uploadtime":1700523179,"views":6,"p1id":"rsfthkjlyuirytdtre","p2id":"arthurmt10","formatid":"gen9ou","rating":1021,"private":0,"password":""}