{"id":"gen9ou-1989958703","p1":"Bi11 Russell","p2":"PurpleCon774","format":"[Gen 9] OU","log":"|j|\u2606Bi11 Russell\n|j|\u2606PurpleCon774\n|t:|1699910224\n|gametype|singles\n|player|p1|Bi11 Russell|hoopster|1155\n|player|p2|PurpleCon774|colress|1071\n|teamsize|p1|6\n|teamsize|p2|6\n|gen|9\n|tier|[Gen 9] OU\n|rated|\n|rule|Sleep Clause Mod: Limit one foe put to sleep\n|rule|Species Clause: Limit one of each Pok\u00e9mon\n|rule|OHKO Clause: OHKO moves are banned\n|rule|Evasion Items Clause: Evasion items are banned\n|rule|Evasion Moves Clause: Evasion moves are banned\n|rule|Endless Battle Clause: Forcing endless battles is banned\n|rule|HP Percentage Mod: HP is shown in percentages\n|clearpoke\n|poke|p1|Gholdengo|\n|poke|p1|Kingambit, M|\n|poke|p1|Sneasler, M|\n|poke|p1|Rillaboom, M|\n|poke|p1|Ribombee, F|\n|poke|p1|Heatran, F|\n|poke|p2|Ceruledge, M|\n|poke|p2|Honchkrow, F|\n|poke|p2|Sneasler, F|\n|poke|p2|Dragapult, F|\n|poke|p2|Ribombee, M|\n|poke|p2|Landorus-Therian, M|\n|teampreview\n|\n|t:|1699910230\n|start\n|switch|p1a: Ribombee|Ribombee, F|100\/100\n|switch|p2a: Honchkrow|Honchkrow, F|100\/100\n|turn|1\n|\n|t:|1699910238\n|move|p1a: Ribombee|Sticky Web|p2a: Honchkrow\n|-sidestart|p2: PurpleCon774|move: Sticky Web\n|move|p2a: Honchkrow|Taunt|p1a: Ribombee\n|-start|p1a: Ribombee|move: Taunt\n|\n|upkeep\n|turn|2\n|\n|t:|1699910244\n|move|p2a: Honchkrow|Protect|p2a: Honchkrow\n|-singleturn|p2a: Honchkrow|Protect\n|move|p1a: Ribombee|Moonblast|p2a: Honchkrow\n|-activate|p2a: Honchkrow|move: Protect\n|\n|upkeep\n|turn|3\n|\n|t:|1699910255\n|switch|p2a: Sneasler|Sneasler, F|100\/100\n|-activate|p2a: Sneasler|move: Sticky Web\n|-unboost|p2a: Sneasler|spe|1\n|move|p1a: Ribombee|Moonblast|p2a: Sneasler\n|-damage|p2a: Sneasler|49\/100\n|-unboost|p2a: Sneasler|spa|1\n|\n|upkeep\n|turn|4\n|\n|t:|1699910263\n|move|p1a: Ribombee|Moonblast|p2a: Sneasler\n|-damage|p2a: Sneasler|0 fnt\n|faint|p2a: Sneasler\n|\n|-end|p1a: Ribombee|move: Taunt\n|upkeep\n|-message|PurpleCon774 forfeited.\n|\n|win|Bi11 Russell\n|raw|Bi11 Russell's rating: 1155 &rarr; <strong>1174<\/strong><br \/>(+19 for winning)\n|raw|PurpleCon774's rating: 1071 &rarr; <strong>1055<\/strong><br \/>(-16 for losing)\n|l|\u2606PurpleCon774\n","uploadtime":1699910274,"views":15,"p1id":"bi11russell","p2id":"purplecon774","formatid":"gen9ou","rating":1055,"private":0,"password":""}