{"id":"gen9ou-1989320414","p1":"Paquetty","p2":"nubpwnr3001","format":"[Gen 9] OU","log":"|j|\u2606Paquetty\n|j|\u2606nubpwnr3001\n|t:|1699836005\n|gametype|singles\n|player|p1|Paquetty|harlequin|1100\n|player|p2|nubpwnr3001|265|1009\n|teamsize|p1|6\n|teamsize|p2|6\n|gen|9\n|tier|[Gen 9] OU\n|rated|\n|rule|Sleep Clause Mod: Limit one foe put to sleep\n|rule|Species Clause: Limit one of each Pok\u00e9mon\n|rule|OHKO Clause: OHKO moves are banned\n|rule|Evasion Items Clause: Evasion items are banned\n|rule|Evasion Moves Clause: Evasion moves are banned\n|rule|Endless Battle Clause: Forcing endless battles is banned\n|rule|HP Percentage Mod: HP is shown in percentages\n|clearpoke\n|poke|p1|Milotic, F|\n|poke|p1|Weezing-Galar, M|\n|poke|p1|Mandibuzz, F|\n|poke|p1|Dragapult, M|\n|poke|p1|Landorus-Therian, M|\n|poke|p1|Azelf|\n|poke|p2|Veluza, F|\n|poke|p2|Garganacl, M|\n|poke|p2|Pawmot, M|\n|poke|p2|Primeape, M|\n|poke|p2|Espeon, F|\n|poke|p2|Sandy Shocks|\n|teampreview\n|\n|t:|1699836010\n|start\n|switch|p1a: Azelf|Azelf|100\/100\n|switch|p2a: Sandy Shocks|Sandy Shocks|100\/100\n|turn|1\n|\n|t:|1699836018\n|-end|p2a: Sandy Shocks|Protosynthesis|[silent]\n|switch|p2a: Espeon|Espeon, F|100\/100\n|move|p1a: Azelf|Taunt|p2a: Espeon\n|move|p2a: Espeon|Taunt|p1a: Azelf|[from]ability: Magic Bounce\n|-start|p1a: Azelf|move: Taunt\n|\n|upkeep\n|turn|2\n|\n|t:|1699836029\n|switch|p1a: Mandibuzz|Mandibuzz, F|100\/100\n|move|p2a: Espeon|Calm Mind|p2a: Espeon\n|-boost|p2a: Espeon|spa|1\n|-boost|p2a: Espeon|spd|1\n|\n|upkeep\n|turn|3\n|\n|t:|1699836036\n|move|p2a: Espeon|Psyshock|p1a: Mandibuzz\n|-immune|p1a: Mandibuzz\n|move|p1a: Mandibuzz|Toxic|p2a: Espeon\n|move|p2a: Espeon|Toxic|p1a: Mandibuzz|[from]ability: Magic Bounce\n|-status|p1a: Mandibuzz|tox\n|\n|-damage|p1a: Mandibuzz|94\/100 tox|[from] psn\n|upkeep\n|turn|4\n|-message|Paquetty forfeited.\n|\n|win|nubpwnr3001\n|raw|Paquetty's rating: 1100 &rarr; <strong>1069<\/strong><br \/>(-31 for losing)\n|raw|nubpwnr3001's rating: 1009 &rarr; <strong>1058<\/strong><br \/>(+49 for winning)\n|l|\u2606Paquetty\n","uploadtime":1699836053,"views":14,"p1id":"paquetty","p2id":"nubpwnr3001","formatid":"gen9ou","rating":1058,"private":0,"password":""}