{"id":"gen9ou-1992504947","p1":"deanbluntbluntdean","p2":"AyushAnand0703","format":"[Gen 9] OU","log":"|j|\u2606deanbluntbluntdean\n|j|\u2606AyushAnand0703\n|t:|1700196305\n|gametype|singles\n|player|p1|deanbluntbluntdean|galacticgrunt|1213\n|player|p2|AyushAnand0703|acetrainersnow|1261\n|teamsize|p1|6\n|teamsize|p2|6\n|gen|9\n|tier|[Gen 9] OU\n|rated|\n|rule|Sleep Clause Mod: Limit one foe put to sleep\n|rule|Species Clause: Limit one of each Pok\u00e9mon\n|rule|OHKO Clause: OHKO moves are banned\n|rule|Evasion Items Clause: Evasion items are banned\n|rule|Evasion Moves Clause: Evasion moves are banned\n|rule|Endless Battle Clause: Forcing endless battles is banned\n|rule|HP Percentage Mod: HP is shown in percentages\n|clearpoke\n|poke|p1|Hoopa|\n|poke|p1|Rillaboom, F|\n|poke|p1|Garganacl, F|\n|poke|p1|Great Tusk|\n|poke|p1|Sneasler, M|\n|poke|p1|Rotom-Wash|\n|poke|p2|Kommo-o, M|\n|poke|p2|Iron Moth|\n|poke|p2|Kingambit, M|\n|poke|p2|Dragapult, M|\n|poke|p2|Zapdos|\n|poke|p2|Ogerpon-Wellspring, F|\n|teampreview\n|inactive|Battle timer is ON: inactive players will automatically lose when time's up. (requested by AyushAnand0703)\n|\n|t:|1700196317\n|start\n|switch|p1a: Rillaboom|Rillaboom, F|100\/100\n|switch|p2a: Ogerpon|Ogerpon-Wellspring, F|100\/100\n|-fieldstart|move: Grassy Terrain|[from] ability: Grassy Surge|[of] p1a: Rillaboom\n|turn|1\n|\n|t:|1700196325\n|switch|p2a: Zapdos|Zapdos|100\/100\n|switch|p1a: Garganacl|Garganacl, F|100\/100\n|\n|upkeep\n|turn|2\n|\n|t:|1700196332\n|move|p2a: Zapdos|Volt Switch|p1a: Garganacl\n|-damage|p1a: Garganacl|69\/100\n|\n|t:|1700196342\n|switch|p2a: Dragapult|Dragapult, M|100\/100|[from] Volt Switch\n|move|p1a: Garganacl|Stealth Rock|p2a: Dragapult\n|-sidestart|p2: AyushAnand0703|move: Stealth Rock\n|\n|-heal|p1a: Garganacl|75\/100|[from] Grassy Terrain\n|-heal|p1a: Garganacl|81\/100|[from] item: Leftovers\n|upkeep\n|turn|3\n|\n|t:|1700196351\n|switch|p1a: Hoopa|Hoopa|100\/100\n|move|p2a: Dragapult|Draco Meteor|p1a: Hoopa\n|-damage|p1a: Hoopa|49\/100\n|-unboost|p2a: Dragapult|spa|2\n|\n|-heal|p1a: Hoopa|55\/100|[from] Grassy Terrain\n|upkeep\n|turn|4\n|\n|t:|1700196361\n|switch|p2a: Kingambit|Kingambit, M|100\/100\n|-damage|p2a: Kingambit|94\/100|[from] Stealth Rock\n|move|p1a: Hoopa|Focus Blast|p2a: Kingambit\n|-supereffective|p2a: Kingambit\n|-damage|p2a: Kingambit|0 fnt\n|faint|p2a: Kingambit\n|-end|p2a: Kingambit|fallenundefined|[silent]\n|\n|-heal|p1a: Hoopa|61\/100|[from] Grassy Terrain\n|upkeep\n|-message|AyushAnand0703 forfeited.\n|\n|win|deanbluntbluntdean\n|raw|deanbluntbluntdean's rating: 1213 &rarr; <strong>1241<\/strong><br \/>(+28 for winning)\n|raw|AyushAnand0703's rating: 1261 &rarr; <strong>1233<\/strong><br \/>(-28 for losing)\n|l|\u2606AyushAnand0703\n","uploadtime":1700196374,"views":7,"p1id":"deanbluntbluntdean","p2id":"ayushanand0703","formatid":"gen9ou","rating":1233,"private":0,"password":""}