{"id":"gen9ou-1994571596","p1":"Nitrofer","p2":"SkyPrincess420","format":"[Gen 9] OU","log":"|j|\u2606Nitrofer\n|j|\u2606SkyPrincess420\n|t:|1700461926\n|gametype|singles\n|player|p1|Nitrofer|266|1302\n|player|p2|SkyPrincess420|caitlin|1398\n|teamsize|p1|6\n|teamsize|p2|6\n|gen|9\n|tier|[Gen 9] OU\n|rated|\n|rule|Sleep Clause Mod: Limit one foe put to sleep\n|rule|Species Clause: Limit one of each Pok\u00e9mon\n|rule|OHKO Clause: OHKO moves are banned\n|rule|Evasion Items Clause: Evasion items are banned\n|rule|Evasion Moves Clause: Evasion moves are banned\n|rule|Endless Battle Clause: Forcing endless battles is banned\n|rule|HP Percentage Mod: HP is shown in percentages\n|clearpoke\n|poke|p1|Rillaboom, F|\n|poke|p1|Alomomola, F|\n|poke|p1|Iron Treads|\n|poke|p1|Ting-Lu|\n|poke|p1|Dragapult, M|\n|poke|p1|Clefable, F|\n|poke|p2|Torkoal, M|\n|poke|p2|Lilligant-Hisui, F|\n|poke|p2|Walking Wake|\n|poke|p2|Garganacl, M|\n|poke|p2|Great Tusk|\n|poke|p2|Corviknight, M|\n|teampreview\n|inactive|Battle timer is ON: inactive players will automatically lose when time's up. (requested by Nitrofer)\n|j| No Bithes?????\n|\n|t:|1700461946\n|start\n|switch|p1a: Dragapult|Dragapult, M|100\/100\n|switch|p2a: Tabasco|Torkoal, M|100\/100\n|-weather|SunnyDay|[from] ability: Drought|[of] p2a: Tabasco\n|turn|1\n|\n|t:|1700461958\n|switch|p2a: The Rock|Garganacl, M|100\/100\n|move|p1a: Dragapult|Shadow Ball|p2a: The Rock\n|-damage|p2a: The Rock|80\/100\n|\n|-weather|SunnyDay|[upkeep]\n|-heal|p2a: The Rock|86\/100|[from] item: Leftovers\n|upkeep\n|turn|2\n|\n|t:|1700461971\n|switch|p1a: Clefable|Clefable, F|100\/100\n|switch|p2a: Flower girl|Lilligant-Hisui, F|100\/100\n|\n|-weather|SunnyDay|[upkeep]\n|upkeep\n|turn|3\n|\n|t:|1700461974\n|-terastallize|p2a: Flower girl|Grass\n|move|p2a: Flower girl|Swords Dance|p2a: Flower girl\n|-boost|p2a: Flower girl|atk|2\n|move|p1a: Clefable|Moonblast|p2a: Flower girl\n|-damage|p2a: Flower girl|52\/100\n|\n|-weather|SunnyDay|[upkeep]\n|upkeep\n|turn|4\n|\n|t:|1700461991\n|move|p2a: Flower girl|Solar Blade||[still]\n|-prepare|p2a: Flower girl|Solar Blade\n|-anim|p2a: Flower girl|Solar Blade|p1a: Clefable\n|-damage|p1a: Clefable|0 fnt\n|faint|p1a: Clefable\n|\n|-weather|SunnyDay|[upkeep]\n|upkeep\n|\n|t:|1700461995\n|switch|p1a: Alomomola|Alomomola, F, shiny|100\/100\n|turn|5\n|\n|t:|1700462003\n|move|p1a: Alomomola|Protect|p1a: Alomomola\n|-singleturn|p1a: Alomomola|Protect\n|move|p2a: Flower girl|Swords Dance|p2a: Flower girl\n|-boost|p2a: Flower girl|atk|2\n|\n|-weather|SunnyDay|[upkeep]\n|upkeep\n|turn|6\n|\n|t:|1700462012\n|-terastallize|p1a: Alomomola|Flying\n|move|p2a: Flower girl|Solar Blade||[still]\n|-prepare|p2a: Flower girl|Solar Blade\n|-anim|p2a: Flower girl|Solar Blade|p1a: Alomomola\n|-resisted|p1a: Alomomola\n|-damage|p1a: Alomomola|33\/100\n|move|p1a: Alomomola|Wish|p1a: Alomomola\n|\n|-weather|SunnyDay|[upkeep]\n|upkeep\n|turn|7\n|\n|t:|1700462019\n|move|p2a: Flower girl|Ice Spinner|p1a: Alomomola\n|-supereffective|p1a: Alomomola\n|-damage|p1a: Alomomola|0 fnt\n|faint|p1a: Alomomola\n|\n|-weather|SunnyDay|[upkeep]\n|upkeep\n|l|\u2606Nitrofer\n|inactive|Nitrofer disconnected and has a minute to reconnect!\n|player|p1|\n|inactive|Nitrofer has 30 seconds to reconnect!\n|c|\u2606SkyPrincess420|:\/\n|inactive|Nitrofer has 20 seconds to reconnect!\n|inactive|Nitrofer has 15 seconds to reconnect!\n|c|\u2606SkyPrincess420|Rip\n|inactive|Nitrofer has 10 seconds to reconnect!\n|l| No Bithes?????\n|inactive|Nitrofer has 5 seconds to reconnect!\n|-message|Nitrofer lost due to inactivity.\n|\n|win|SkyPrincess420\n|raw|Nitrofer's rating: 1302 &rarr; <strong>1287<\/strong><br \/>(-15 for losing)\n|raw|SkyPrincess420's rating: 1398 &rarr; <strong>1413<\/strong><br \/>(+15 for winning)\n","uploadtime":1700462093,"views":10,"p1id":"nitrofer","p2id":"skyprincess420","formatid":"gen9ou","rating":1287,"private":0,"password":""}