{"id":"gen9ou-1992027527","p1":"7re","p2":"22abiRxsU7i6fHzKRS","format":"[Gen 9] OU","log":"|j|\u26067re\n|j|\u260622abiRxsU7i6fHzKRS\n|t:|1700148947\n|gametype|singles\n|player|p1|7re|265|1018\n|player|p2|22abiRxsU7i6fHzKRS|265|1000\n|teamsize|p1|6\n|teamsize|p2|6\n|gen|9\n|tier|[Gen 9] OU\n|rated|\n|rule|Sleep Clause Mod: Limit one foe put to sleep\n|rule|Species Clause: Limit one of each Pok\u00e9mon\n|rule|OHKO Clause: OHKO moves are banned\n|rule|Evasion Items Clause: Evasion items are banned\n|rule|Evasion Moves Clause: Evasion moves are banned\n|rule|Endless Battle Clause: Forcing endless battles is banned\n|rule|HP Percentage Mod: HP is shown in percentages\n|clearpoke\n|poke|p1|Mienshao, M|\n|poke|p1|Milotic, M|\n|poke|p1|Tsareena, F|\n|poke|p1|Hatterene, F|\n|poke|p1|Azumarill, F|\n|poke|p1|Goodra-Hisui, F|\n|poke|p2|Manaphy|\n|poke|p2|Kingambit, F|\n|poke|p2|Ribombee, M|\n|poke|p2|Gholdengo|\n|poke|p2|Iron Moth|\n|poke|p2|Ogerpon-Wellspring, F|\n|teampreview\n|inactive|Battle timer is ON: inactive players will automatically lose when time's up. (requested by 22abiRxsU7i6fHzKRS)\n|\n|t:|1700148958\n|start\n|switch|p1a: Azumarill|Azumarill, F|100\/100\n|switch|p2a: Ribombee|Ribombee, M, shiny|100\/100\n|turn|1\n|\n|t:|1700148964\n|move|p2a: Ribombee|Sticky Web|p1a: Azumarill\n|-sidestart|p1: 7re|move: Sticky Web\n|move|p1a: Azumarill|Belly Drum|p1a: Azumarill\n|-damage|p1a: Azumarill|51\/100\n|-setboost|p1a: Azumarill|atk|6|[from] move: Belly Drum\n|\n|upkeep\n|turn|2\n|\n|t:|1700148970\n|move|p2a: Ribombee|Moonblast|p1a: Azumarill\n|-damage|p1a: Azumarill|9\/100\n|-enditem|p1a: Azumarill|Sitrus Berry|[eat]\n|-heal|p1a: Azumarill|34\/100|[from] item: Sitrus Berry\n|move|p1a: Azumarill|Ice Spinner|p2a: Ribombee\n|-crit|p2a: Ribombee\n|-enditem|p2a: Ribombee|Focus Sash\n|-damage|p2a: Ribombee|1\/100\n|\n|upkeep\n|turn|3\n|\n|t:|1700148979\n|switch|p2a: Ogerpon|Ogerpon-Wellspring, F|100\/100\n|move|p1a: Azumarill|Aqua Jet|p2a: Ogerpon\n|-immune|p2a: Ogerpon|[from] ability: Water Absorb\n|\n|upkeep\n|turn|4\n|l|\u26067re\n|inactive|7re disconnected and has a minute to reconnect!\n|player|p1|\n|j|\u26067re\n|inactive|7re reconnected and has 120 seconds left.\n|player|p1|7re|265\n|\n|t:|1700149015\n|move|p2a: Ogerpon|Power Whip|p1a: Azumarill\n|-supereffective|p1a: Azumarill\n|-damage|p1a: Azumarill|0 fnt\n|faint|p1a: Azumarill\n|\n|upkeep\n|inactive|7re has 90 seconds left.\n|\n|t:|1700149067\n|switch|p1a: Hatterene|Hatterene, F, shiny|100\/100\n|-activate|p1a: Hatterene|move: Sticky Web\n|-unboost|p1a: Hatterene|spe|1\n|turn|5\n|\n|t:|1700149072\n|switch|p2a: Ribombee|Ribombee, M, shiny|1\/100\n|move|p1a: Hatterene|Nuzzle|p2a: Ribombee\n|-damage|p2a: Ribombee|0 fnt\n|faint|p2a: Ribombee\n|\n|upkeep\n|\n|t:|1700149075\n|switch|p2a: Gholdengo|Gholdengo|100\/100\n|-item|p2a: Gholdengo|Air Balloon\n|turn|6\n|inactive|7re has 90 seconds left.\n|inactive|7re has 60 seconds left.\n|inactive|7re has 30 seconds left.\n|inactive|7re has 20 seconds left.\n|inactive|7re has 15 seconds left.\n|inactive|7re has 10 seconds left.\n|inactive|7re has 5 seconds left.\n|-message|7re lost due to inactivity.\n|\n|win|22abiRxsU7i6fHzKRS\n|raw|7re's rating: 1018 &rarr; <strong>1005<\/strong><br \/>(-13 for losing)\n|raw|22abiRxsU7i6fHzKRS's rating: 1000 &rarr; <strong>1042<\/strong><br \/>(+42 for winning)\n","uploadtime":1700149178,"views":28,"p1id":"7re","p2id":"22abirxsu7i6fhzkrs","formatid":"gen9ou","rating":1005,"private":0,"password":""}