{"id":"gen9ou-1992108319","p1":"Zhou24","p2":"LoopiOne","format":"[Gen 9] OU","log":"|j|\u2606Zhou24\n|j|\u2606LoopiOne\n|t:|1700155774\n|gametype|singles\n|player|p1|Zhou24|harlequin|1332\n|player|p2|LoopiOne|170|1313\n|teamsize|p1|6\n|teamsize|p2|6\n|gen|9\n|tier|[Gen 9] OU\n|rated|\n|rule|Sleep Clause Mod: Limit one foe put to sleep\n|rule|Species Clause: Limit one of each Pok\u00e9mon\n|rule|OHKO Clause: OHKO moves are banned\n|rule|Evasion Items Clause: Evasion items are banned\n|rule|Evasion Moves Clause: Evasion moves are banned\n|rule|Endless Battle Clause: Forcing endless battles is banned\n|rule|HP Percentage Mod: HP is shown in percentages\n|clearpoke\n|poke|p1|Greninja-*, M|\n|poke|p1|Gholdengo|\n|poke|p1|Rillaboom, F|\n|poke|p1|Great Tusk|\n|poke|p1|Iron Moth|\n|poke|p1|Sneasler, M|\n|poke|p2|Blissey, F|\n|poke|p2|Kingambit, F|\n|poke|p2|Dragapult, M|\n|poke|p2|Great Tusk|\n|poke|p2|Gholdengo|\n|poke|p2|Iron Moth|\n|teampreview\n|inactive|Battle timer is ON: inactive players will automatically lose when time's up. (requested by Zhou24)\n|\n|t:|1700155810\n|start\n|switch|p1a: Rillaboom|Rillaboom, F|100\/100\n|switch|p2a: Gholdengo|Gholdengo|100\/100\n|-fieldstart|move: Grassy Terrain|[from] ability: Grassy Surge|[of] p1a: Rillaboom\n|turn|1\n|\n|t:|1700155817\n|switch|p2a: Iron Moth|Iron Moth|100\/100\n|-enditem|p2a: Iron Moth|Booster Energy\n|-activate|p2a: Iron Moth|ability: Quark Drive|[fromitem]\n|-start|p2a: Iron Moth|quarkdrivespe\n|move|p1a: Rillaboom|High Horsepower|p2a: Iron Moth\n|-supereffective|p2a: Iron Moth\n|-damage|p2a: Iron Moth|0 fnt\n|faint|p2a: Iron Moth\n|-end|p2a: Iron Moth|Quark Drive|[silent]\n|\n|upkeep\n|inactive|LoopiOne has 120 seconds left.\n|-message|LoopiOne forfeited.\n|\n|win|Zhou24\n|raw|Zhou24's rating: 1332 &rarr; <strong>1351<\/strong><br \/>(+19 for winning)\n|raw|LoopiOne's rating: 1313 &rarr; <strong>1294<\/strong><br \/>(-19 for losing)\n|l|\u2606LoopiOne\n","uploadtime":1700155868,"views":11,"p1id":"zhou24","p2id":"loopione","formatid":"gen9ou","rating":1294,"private":0,"password":""}