{"id":"gen9ou-1988480736","p1":"Santipandi19","p2":"OkJuice100","format":"[Gen 9] OU","log":"|j|\u2606Santipandi19\n|j|\u2606OkJuice100\n|t:|1699727513\n|gametype|singles\n|player|p1|Santipandi19|rocketgrunt|1158\n|player|p2|OkJuice100|266|1259\n|teamsize|p1|6\n|teamsize|p2|6\n|gen|9\n|tier|[Gen 9] OU\n|rated|\n|rule|Sleep Clause Mod: Limit one foe put to sleep\n|rule|Species Clause: Limit one of each Pok\u00e9mon\n|rule|OHKO Clause: OHKO moves are banned\n|rule|Evasion Items Clause: Evasion items are banned\n|rule|Evasion Moves Clause: Evasion moves are banned\n|rule|Endless Battle Clause: Forcing endless battles is banned\n|rule|HP Percentage Mod: HP is shown in percentages\n|clearpoke\n|poke|p1|Sandy Shocks|\n|poke|p1|Rillaboom, F|\n|poke|p1|Azumarill, M|\n|poke|p1|Skeledirge, M|\n|poke|p1|Corviknight, F|\n|poke|p1|Kommo-o, M|\n|poke|p2|Cinderace, F|\n|poke|p2|Greninja-*, M|\n|poke|p2|Slowking-Galar, F|\n|poke|p2|Pelipper, F|\n|poke|p2|Barraskewda, F|\n|poke|p2|Rillaboom, F|\n|teampreview\n|inactive|Battle timer is ON: inactive players will automatically lose when time's up. (requested by Santipandi19)\n|\n|t:|1699727527\n|start\n|switch|p1a: Sandy Shocks|Sandy Shocks|100\/100\n|switch|p2a: Pelipper|Pelipper, F|100\/100\n|-weather|RainDance|[from] ability: Drizzle|[of] p2a: Pelipper\n|turn|1\n|\n|t:|1699727539\n|switch|p2a: Rillaboom|Rillaboom, F|100\/100\n|-fieldstart|move: Grassy Terrain|[from] ability: Grassy Surge|[of] p2a: Rillaboom\n|move|p1a: Sandy Shocks|Volt Switch|p2a: Rillaboom\n|-resisted|p2a: Rillaboom\n|-damage|p2a: Rillaboom|79\/100\n|-damage|p1a: Sandy Shocks|91\/100|[from] item: Life Orb\n|\n|t:|1699727547\n|-end|p1a: Sandy Shocks|Protosynthesis|[silent]\n|switch|p1a: Skeledirge|Skeledirge, M|100\/100|[from] Volt Switch\n|\n|-weather|RainDance|[upkeep]\n|-heal|p2a: Rillaboom|85\/100|[from] Grassy Terrain\n|-heal|p2a: Rillaboom|92\/100|[from] item: Leftovers\n|upkeep\n|turn|2\n|\n|t:|1699727556\n|move|p2a: Rillaboom|Protect|p2a: Rillaboom\n|-singleturn|p2a: Rillaboom|Protect\n|move|p1a: Skeledirge|Will-O-Wisp|p2a: Rillaboom\n|-activate|p2a: Rillaboom|move: Protect\n|\n|-weather|RainDance|[upkeep]\n|-heal|p2a: Rillaboom|98\/100|[from] Grassy Terrain\n|-heal|p2a: Rillaboom|100\/100|[from] item: Leftovers\n|upkeep\n|turn|3\n|\n|t:|1699727566\n|switch|p2a: Cinderace|Cinderace, F|100\/100\n|move|p1a: Skeledirge|Will-O-Wisp|p2a: Cinderace\n|-immune|p2a: Cinderace\n|\n|-weather|RainDance|[upkeep]\n|upkeep\n|turn|4\n|\n|t:|1699727575\n|move|p2a: Cinderace|Weather Ball|p1a: Skeledirge\n|-start|p2a: Cinderace|typechange|Water|[from] ability: Libero\n|-supereffective|p1a: Skeledirge\n|-damage|p1a: Skeledirge|0 fnt\n|faint|p1a: Skeledirge\n|\n|-weather|RainDance|[upkeep]\n|upkeep\n|-message|Santipandi19 forfeited.\n|\n|win|OkJuice100\n|raw|Santipandi19's rating: 1158 &rarr; <strong>1140<\/strong><br \/>(-18 for losing)\n|raw|OkJuice100's rating: 1259 &rarr; <strong>1277<\/strong><br \/>(+18 for winning)\n|l|\u2606Santipandi19\n","uploadtime":1699727584,"views":32,"p1id":"santipandi19","p2id":"okjuice100","formatid":"gen9ou","rating":1140,"private":0,"password":""}