{"id":"gen9ou-1988288350","p1":"StonedKizaru","p2":"Welcometoearth420","format":"[Gen 9] OU","log":"|j|\u2606StonedKizaru\n|j|\u2606Welcometoearth420\n|t:|1699702276\n|gametype|singles\n|player|p1|StonedKizaru|swimmer-gen4dp|1558\n|player|p2|Welcometoearth420|169|1491\n|teamsize|p1|6\n|teamsize|p2|6\n|gen|9\n|tier|[Gen 9] OU\n|rated|\n|rule|Sleep Clause Mod: Limit one foe put to sleep\n|rule|Species Clause: Limit one of each Pok\u00e9mon\n|rule|OHKO Clause: OHKO moves are banned\n|rule|Evasion Items Clause: Evasion items are banned\n|rule|Evasion Moves Clause: Evasion moves are banned\n|rule|Endless Battle Clause: Forcing endless battles is banned\n|rule|HP Percentage Mod: HP is shown in percentages\n|clearpoke\n|poke|p1|Rillaboom, M|\n|poke|p1|Cinderace, M|\n|poke|p1|Sneasler, M|\n|poke|p1|Armarouge, F|\n|poke|p1|Manaphy|\n|poke|p1|Grimmsnarl, M|\n|poke|p2|Slowking-Galar, M|\n|poke|p2|Rillaboom, F|\n|poke|p2|Sneasler, F|\n|poke|p2|Skeledirge, F|\n|poke|p2|Enamorus, F|\n|poke|p2|Sinistcha|\n|teampreview\n|\n|t:|1699702293\n|start\n|switch|p1a: Cinderace|Cinderace, M|100\/100\n|switch|p2a: Rillaboom|Rillaboom, F|100\/100\n|-fieldstart|move: Grassy Terrain|[from] ability: Grassy Surge|[of] p2a: Rillaboom\n|turn|1\n|\n|t:|1699702303\n|switch|p2a: Skeledirge|Skeledirge, F|100\/100\n|move|p1a: Cinderace|U-turn|p2a: Skeledirge\n|-start|p1a: Cinderace|typechange|Bug|[from] ability: Libero\n|-resisted|p2a: Skeledirge\n|-damage|p2a: Skeledirge|95\/100\n|\n|t:|1699702313\n|switch|p1a: Manaphy|Manaphy|100\/100|[from] U-turn\n|\n|-heal|p2a: Skeledirge|100\/100|[from] Grassy Terrain\n|upkeep\n|turn|2\n|\n|t:|1699702317\n|switch|p2a: Sinistcha|Sinistcha|100\/100\n|-enditem|p2a: Sinistcha|Grassy Seed\n|-boost|p2a: Sinistcha|def|1|[from] item: Grassy Seed\n|move|p1a: Manaphy|Take Heart|p1a: Manaphy\n|-boost|p1a: Manaphy|spa|1\n|-boost|p1a: Manaphy|spd|1\n|\n|upkeep\n|turn|3\n|\n|t:|1699702328\n|switch|p1a: Rillaboom|Rillaboom, M|100\/100\n|move|p2a: Sinistcha|Calm Mind|p2a: Sinistcha\n|-boost|p2a: Sinistcha|spa|1\n|-boost|p2a: Sinistcha|spd|1\n|\n|upkeep\n|turn|4\n|\n|t:|1699702333\n|move|p1a: Rillaboom|Knock Off|p2a: Sinistcha\n|-supereffective|p2a: Sinistcha\n|-crit|p2a: Sinistcha\n|-damage|p2a: Sinistcha|36\/100\n|move|p2a: Sinistcha|Calm Mind|p2a: Sinistcha\n|-boost|p2a: Sinistcha|spa|1\n|-boost|p2a: Sinistcha|spd|1\n|\n|-heal|p2a: Sinistcha|42\/100|[from] Grassy Terrain\n|upkeep\n|turn|5\n|\n|t:|1699702337\n|move|p1a: Rillaboom|Knock Off|p2a: Sinistcha\n|-supereffective|p2a: Sinistcha\n|-damage|p2a: Sinistcha|14\/100\n|move|p2a: Sinistcha|Strength Sap|p1a: Rillaboom\n|-unboost|p1a: Rillaboom|atk|1\n|-heal|p2a: Sinistcha|100\/100\n|\n|upkeep\n|turn|6\n|-message|StonedKizaru forfeited.\n|\n|win|Welcometoearth420\n|raw|StonedKizaru's rating: 1558 &rarr; <strong>1534<\/strong><br \/>(-24 for losing)\n|raw|Welcometoearth420's rating: 1491 &rarr; <strong>1515<\/strong><br \/>(+24 for winning)\n|l|\u2606StonedKizaru\n","uploadtime":1699702348,"views":17,"p1id":"stonedkizaru","p2id":"welcometoearth420","formatid":"gen9ou","rating":1515,"private":0,"password":""}