{"id":"gen9ou-1991645486","p1":"lord denominator","p2":"JBrien07","format":"[Gen 9] OU","log":"|j|\u203dlord denominator\n|j|\u2606JBrien07\n|t:|1700097912\n|gametype|singles\n|player|p1|lord denominator|iris-gen5bw2|1190\n|player|p2|JBrien07|giovanni|1074\n|teamsize|p1|6\n|teamsize|p2|6\n|gen|9\n|tier|[Gen 9] OU\n|rated|\n|rule|Sleep Clause Mod: Limit one foe put to sleep\n|rule|Species Clause: Limit one of each Pok\u00e9mon\n|rule|OHKO Clause: OHKO moves are banned\n|rule|Evasion Items Clause: Evasion items are banned\n|rule|Evasion Moves Clause: Evasion moves are banned\n|rule|Endless Battle Clause: Forcing endless battles is banned\n|rule|HP Percentage Mod: HP is shown in percentages\n|clearpoke\n|poke|p1|Gholdengo|\n|poke|p1|Dragonite, M|\n|poke|p1|Kingambit, F|\n|poke|p1|Sandy Shocks|\n|poke|p1|Iron Valiant|\n|poke|p1|Walking Wake|\n|poke|p2|Zapdos|\n|poke|p2|Iron Valiant|\n|poke|p2|Garchomp, M|\n|poke|p2|Gholdengo|\n|poke|p2|Meloetta|\n|poke|p2|Ditto|\n|teampreview\n|inactive|Battle timer is ON: inactive players will automatically lose when time's up. (requested by lord denominator)\n|\n|t:|1700097917\n|start\n|switch|p1a: Sandy Shocks|Sandy Shocks|100\/100\n|switch|p2a: Ditto|Ditto|100\/100\n|-transform|p2a: Ditto|p1a: Sandy Shocks|[from] ability: Imposter\n|-enditem|p1a: Sandy Shocks|Booster Energy\n|-activate|p1a: Sandy Shocks|ability: Protosynthesis|[fromitem]\n|-start|p1a: Sandy Shocks|protosynthesisspe\n|turn|1\n|\n|t:|1700097941\n|move|p1a: Sandy Shocks|Stealth Rock|p2a: Ditto\n|-sidestart|p2: JBrien07|move: Stealth Rock\n|move|p2a: Ditto|Earth Power|p1a: Sandy Shocks\n|-supereffective|p1a: Sandy Shocks\n|-damage|p1a: Sandy Shocks|0 fnt\n|faint|p1a: Sandy Shocks\n|-end|p1a: Sandy Shocks|Protosynthesis|[silent]\n|\n|upkeep\n|\n|t:|1700097947\n|switch|p1a: Dragonite|Dragonite, M|100\/100\n|turn|2\n|\n|t:|1700097962\n|move|p2a: Ditto|Earth Power|p1a: Dragonite\n|-immune|p1a: Dragonite\n|move|p1a: Dragonite|Dragon Dance|p1a: Dragonite\n|-boost|p1a: Dragonite|atk|1\n|-boost|p1a: Dragonite|spe|1\n|\n|upkeep\n|turn|3\n|\n|t:|1700097973\n|move|p1a: Dragonite|Dragon Dance|p1a: Dragonite\n|-boost|p1a: Dragonite|atk|1\n|-boost|p1a: Dragonite|spe|1\n|move|p2a: Ditto|Earth Power|p1a: Dragonite\n|-immune|p1a: Dragonite\n|\n|upkeep\n|turn|4\n|\n|t:|1700097984\n|move|p1a: Dragonite|Ice Spinner|p2a: Ditto\n|-supereffective|p2a: Ditto\n|-damage|p2a: Ditto|0 fnt\n|faint|p2a: Ditto\n|-end|p2a: Ditto|Protosynthesis|[silent]\n|\n|upkeep\n|\n|t:|1700097996\n|switch|p2a: Zapdos|Zapdos, shiny|100\/100\n|-damage|p2a: Zapdos|76\/100|[from] Stealth Rock\n|-ability|p2a: Zapdos|Pressure\n|turn|5\n|\n|t:|1700098005\n|move|p1a: Dragonite|Ice Spinner|p2a: Zapdos\n|-supereffective|p2a: Zapdos\n|-damage|p2a: Zapdos|0 fnt\n|faint|p2a: Zapdos\n|\n|upkeep\n|-message|JBrien07 forfeited.\n|\n|win|lord denominator\n|raw|lord denominator's rating: 1190 &rarr; <strong>1207<\/strong><br \/>(+17 for winning)\n|raw|JBrien07's rating: 1074 &rarr; <strong>1060<\/strong><br \/>(-14 for losing)\n|l|\u2606JBrien07\n","uploadtime":1700098014,"views":33,"p1id":"lorddenominator","p2id":"jbrien07","formatid":"gen9ou","rating":1060,"private":0,"password":""}