{"id":"gen9ou-1988256259","p1":"gordesy","p2":"360Yes","format":"[Gen 9] OU","log":"|j|\u2606gordesy\n|j|\u2606360Yes\n|t:|1699695775\n|gametype|singles\n|player|p1|gordesy|1|1054\n|player|p2|360Yes|benga|1106\n|teamsize|p1|6\n|teamsize|p2|6\n|gen|9\n|tier|[Gen 9] OU\n|rated|\n|rule|Sleep Clause Mod: Limit one foe put to sleep\n|rule|Species Clause: Limit one of each Pok\u00e9mon\n|rule|OHKO Clause: OHKO moves are banned\n|rule|Evasion Items Clause: Evasion items are banned\n|rule|Evasion Moves Clause: Evasion moves are banned\n|rule|Endless Battle Clause: Forcing endless battles is banned\n|rule|HP Percentage Mod: HP is shown in percentages\n|clearpoke\n|poke|p1|Gengar, M|\n|poke|p1|Gliscor, M|\n|poke|p1|Kingambit, M|\n|poke|p1|Dragapult, M|\n|poke|p1|Great Tusk|\n|poke|p1|Skeledirge, M|\n|poke|p2|Samurott-Hisui, F|\n|poke|p2|Great Tusk|\n|poke|p2|Gholdengo|\n|poke|p2|Ceruledge, M|\n|poke|p2|Thundurus-Therian, M|\n|poke|p2|Slowking-Galar, M|\n|teampreview\n|\n|t:|1699695783\n|start\n|switch|p1a: Great Tusk|Great Tusk|100\/100\n|switch|p2a: Samurott|Samurott-Hisui, F, shiny|100\/100\n|turn|1\n|inactive|Battle timer is ON: inactive players will automatically lose when time's up. (requested by 360Yes)\n|\n|t:|1699695809\n|-end|p1a: Great Tusk|Protosynthesis|[silent]\n|switch|p1a: Scorpio|Gliscor, M|100\/100\n|move|p2a: Samurott|Flip Turn|p1a: Scorpio\n|-supereffective|p1a: Scorpio\n|-damage|p1a: Scorpio|67\/100\n|\n|t:|1699695814\n|switch|p2a: Thundurus|Thundurus-Therian, M|100\/100|[from] Flip Turn\n|\n|-status|p1a: Scorpio|tox|[from] item: Toxic Orb\n|upkeep\n|turn|2\n|\n|t:|1699695821\n|-terastallize|p2a: Thundurus|Ice\n|move|p2a: Thundurus|Tera Blast|p1a: Scorpio|[anim] Tera Blast Ice\n|-supereffective|p1a: Scorpio\n|-damage|p1a: Scorpio|0 fnt\n|faint|p1a: Scorpio\n|\n|upkeep\n|\n|t:|1699695830\n|switch|p1a: Orpheus|Skeledirge, M|100\/100\n|turn|3\n|\n|t:|1699695835\n|switch|p2a: Ceruledge|Ceruledge, M|100\/100\n|move|p1a: Orpheus|Will-O-Wisp|p2a: Ceruledge\n|-start|p2a: Ceruledge|ability: Flash Fire\n|\n|upkeep\n|turn|4\n|\n|t:|1699695848\n|-terastallize|p1a: Orpheus|Fairy\n|move|p2a: Ceruledge|Shadow Sneak|p1a: Orpheus\n|-damage|p1a: Orpheus|83\/100\n|-damage|p2a: Ceruledge|91\/100|[from] item: Life Orb\n|move|p1a: Orpheus|Hex|p2a: Ceruledge\n|-supereffective|p2a: Ceruledge\n|-damage|p2a: Ceruledge|34\/100\n|\n|upkeep\n|turn|5\n|\n|t:|1699695858\n|move|p2a: Ceruledge|Bitter Blade|p1a: Orpheus\n|-damage|p1a: Orpheus|28\/100\n|-heal|p2a: Ceruledge|72\/100|[from] drain|[of] p1a: Orpheus\n|-damage|p2a: Ceruledge|62\/100|[from] item: Life Orb\n|move|p1a: Orpheus|Torch Song|p2a: Ceruledge\n|-immune|p2a: Ceruledge|[from] ability: Flash Fire\n|\n|upkeep\n|turn|6\n|l|\u2606gordesy\n|inactive|gordesy disconnected and has a minute to reconnect!\n|player|p1|\n|c|\u2606360Yes|Lol\n|c|\u2606360Yes|Rage quit\n|inactive|gordesy has 30 seconds to reconnect!\n|inactive|gordesy has 20 seconds to reconnect!\n|inactive|gordesy has 15 seconds to reconnect!\n|inactive|gordesy has 10 seconds to reconnect!\n|inactive|gordesy has 5 seconds to reconnect!\n|-message|gordesy lost due to inactivity.\n|\n|win|360Yes\n|raw|gordesy's rating: 1054 &rarr; <strong>1039<\/strong><br \/>(-15 for losing)\n|raw|360Yes's rating: 1106 &rarr; <strong>1127<\/strong><br \/>(+21 for winning)\n","uploadtime":1699695927,"views":15,"p1id":"gordesy","p2id":"360yes","formatid":"gen9ou","rating":1039,"private":0,"password":""}