{"id":"gen9ou-1991416137","p1":"misternp","p2":"mysticori","format":"[Gen 9] OU","log":"|j|\u2606misternp\n|j|\u2606mysticori\n|t:|1700075263\n|gametype|singles\n|player|p1|misternp|koga|1150\n|player|p2|mysticori|colress|1109\n|teamsize|p1|6\n|teamsize|p2|6\n|gen|9\n|tier|[Gen 9] OU\n|rated|\n|rule|Sleep Clause Mod: Limit one foe put to sleep\n|rule|Species Clause: Limit one of each Pok\u00e9mon\n|rule|OHKO Clause: OHKO moves are banned\n|rule|Evasion Items Clause: Evasion items are banned\n|rule|Evasion Moves Clause: Evasion moves are banned\n|rule|Endless Battle Clause: Forcing endless battles is banned\n|rule|HP Percentage Mod: HP is shown in percentages\n|clearpoke\n|poke|p1|Skeledirge, F|\n|poke|p1|Dragalge, F|\n|poke|p1|Sandaconda, M|\n|poke|p1|Corviknight, M|\n|poke|p1|Krookodile, M|\n|poke|p1|Scizor, M|\n|poke|p2|Klawf, F|\n|poke|p2|Kommo-o, M|\n|poke|p2|Scizor, M|\n|poke|p2|Azumarill, F|\n|poke|p2|Infernape, M|\n|poke|p2|Munkidori, M|\n|teampreview\n|inactive|Battle timer is ON: inactive players will automatically lose when time's up. (requested by mysticori)\n|\n|t:|1700075273\n|start\n|switch|p1a: Blight|Dragalge, F, shiny|100\/100\n|switch|p2a: Azumarill|Azumarill, F|100\/100\n|turn|1\n|\n|t:|1700075279\n|move|p1a: Blight|Sludge Bomb|p2a: Azumarill\n|-supereffective|p2a: Azumarill\n|-damage|p2a: Azumarill|0 fnt\n|faint|p2a: Azumarill\n|\n|upkeep\n|-message|mysticori forfeited.\n|\n|win|misternp\n|raw|misternp's rating: 1150 &rarr; <strong>1172<\/strong><br \/>(+22 for winning)\n|raw|mysticori's rating: 1109 &rarr; <strong>1087<\/strong><br \/>(-22 for losing)\n|l|\u2606mysticori\n","uploadtime":1700075309,"views":9,"p1id":"misternp","p2id":"mysticori","formatid":"gen9ou","rating":1087,"private":0,"password":""}