{"id":"gen9ou-1996971838","p1":"alalu","p2":"milkcoffee21","format":"[Gen 9] OU","log":"|j|\u2606alalu\n|j|\u2606milkcoffee21\n|t:|1700751169\n|gametype|singles\n|player|p1|alalu|101|1334\n|player|p2|milkcoffee21|101|1432\n|teamsize|p1|6\n|teamsize|p2|6\n|gen|9\n|tier|[Gen 9] OU\n|rated|\n|rule|Sleep Clause Mod: Limit one foe put to sleep\n|rule|Species Clause: Limit one of each Pok\u00e9mon\n|rule|OHKO Clause: OHKO moves are banned\n|rule|Evasion Items Clause: Evasion items are banned\n|rule|Evasion Moves Clause: Evasion moves are banned\n|rule|Endless Battle Clause: Forcing endless battles is banned\n|rule|HP Percentage Mod: HP is shown in percentages\n|clearpoke\n|poke|p1|Ting-Lu|\n|poke|p1|Dragapult, F|\n|poke|p1|Lokix, M|\n|poke|p1|Great Tusk|\n|poke|p1|Manaphy|\n|poke|p1|Moltres|\n|poke|p2|Kingambit, M|\n|poke|p2|Dragonite, F|\n|poke|p2|Cinderace, M|\n|poke|p2|Great Tusk|\n|poke|p2|Dragapult, F|\n|poke|p2|Hatterene, F|\n|teampreview\n|inactive|Battle timer is ON: inactive players will automatically lose when time's up. (requested by alalu)\n|inactive|milkcoffee21 has 120 seconds left.\n|inactive|milkcoffee21 has 90 seconds left.\n|\n|t:|1700751235\n|start\n|switch|p1a: Manaphy|Manaphy, shiny|100\/100\n|switch|p2a: Cinderace|Cinderace, M|100\/100\n|turn|1\n|\n|t:|1700751238\n|switch|p2a: Hatterene|Hatterene, F|100\/100\n|move|p1a: Manaphy|Scald|p2a: Hatterene\n|-damage|p2a: Hatterene|66\/100\n|-status|p2a: Hatterene|brn\n|\n|-heal|p2a: Hatterene|72\/100 brn|[from] item: Leftovers\n|-damage|p2a: Hatterene|66\/100 brn|[from] brn\n|upkeep\n|turn|2\n|\n|t:|1700751242\n|move|p1a: Manaphy|Take Heart|p1a: Manaphy\n|-boost|p1a: Manaphy|spa|1\n|-boost|p1a: Manaphy|spd|1\n|move|p2a: Hatterene|Calm Mind|p2a: Hatterene\n|-boost|p2a: Hatterene|spa|1\n|-boost|p2a: Hatterene|spd|1\n|\n|-heal|p2a: Hatterene|72\/100 brn|[from] item: Leftovers\n|-damage|p2a: Hatterene|66\/100 brn|[from] brn\n|upkeep\n|turn|3\n|\n|t:|1700751245\n|move|p1a: Manaphy|Take Heart|p1a: Manaphy\n|-boost|p1a: Manaphy|spa|1\n|-boost|p1a: Manaphy|spd|1\n|move|p2a: Hatterene|Calm Mind|p2a: Hatterene\n|-boost|p2a: Hatterene|spa|1\n|-boost|p2a: Hatterene|spd|1\n|\n|-heal|p2a: Hatterene|72\/100 brn|[from] item: Leftovers\n|-damage|p2a: Hatterene|66\/100 brn|[from] brn\n|upkeep\n|turn|4\n|\n|t:|1700751251\n|move|p1a: Manaphy|Take Heart|p1a: Manaphy\n|-boost|p1a: Manaphy|spa|1\n|-boost|p1a: Manaphy|spd|1\n|move|p2a: Hatterene|Calm Mind|p2a: Hatterene\n|-boost|p2a: Hatterene|spa|1\n|-boost|p2a: Hatterene|spd|1\n|\n|-heal|p2a: Hatterene|72\/100 brn|[from] item: Leftovers\n|-damage|p2a: Hatterene|66\/100 brn|[from] brn\n|upkeep\n|turn|5\n|\n|t:|1700751260\n|move|p1a: Manaphy|Acid Armor|p1a: Manaphy\n|-boost|p1a: Manaphy|def|2\n|move|p2a: Hatterene|Calm Mind|p2a: Hatterene\n|-boost|p2a: Hatterene|spa|1\n|-boost|p2a: Hatterene|spd|1\n|\n|-heal|p2a: Hatterene|72\/100 brn|[from] item: Leftovers\n|-damage|p2a: Hatterene|66\/100 brn|[from] brn\n|upkeep\n|turn|6\n|\n|t:|1700751269\n|-terastallize|p1a: Manaphy|Psychic\n|move|p1a: Manaphy|Stored Power|p2a: Hatterene\n|-resisted|p2a: Hatterene\n|-damage|p2a: Hatterene|33\/100 brn\n|move|p2a: Hatterene|Calm Mind|p2a: Hatterene\n|-boost|p2a: Hatterene|spa|1\n|-boost|p2a: Hatterene|spd|1\n|\n|-heal|p2a: Hatterene|39\/100 brn|[from] item: Leftovers\n|-damage|p2a: Hatterene|33\/100 brn|[from] brn\n|upkeep\n|turn|7\n|inactive|milkcoffee21 has 120 seconds left.\n|l|\u2606alalu\n|inactive|alalu disconnected and has a minute to reconnect!\n|player|p1|\n|inactive|milkcoffee21 has 90 seconds left.\n|j|\u2606alalu\n|inactive|alalu reconnected.\n|player|p1|alalu|101\n|inactive|milkcoffee21 has 60 seconds left.\n|l|\u2606alalu\n|inactive|alalu disconnected and has a minute to reconnect!\n|player|p1|\n|j|\u2606alalu\n|inactive|alalu reconnected.\n|player|p1|alalu|101\n|inactive|milkcoffee21 has 30 seconds left.\n|\n|t:|1700751399\n|move|p1a: Manaphy|Scald|p2a: Hatterene\n|-damage|p2a: Hatterene|7\/100 brn\n|move|p2a: Hatterene|Draining Kiss|p1a: Manaphy\n|-crit|p1a: Manaphy\n|-damage|p1a: Manaphy|0 fnt\n|-heal|p2a: Hatterene|100\/100 brn|[from] drain|[of] p1a: Manaphy\n|faint|p1a: Manaphy\n|\n|-damage|p2a: Hatterene|95\/100 brn|[from] brn\n|upkeep\n|inactive|milkcoffee21 has 30 seconds left this turn.\n|c|\u2606alalu|Lol\n|n|!alalu|alalu\n|inactive|alalu has 120 seconds left.\n|inactive|alalu has 90 seconds left.\n|inactive|alalu has 60 seconds left.\n|inactive|alalu has 30 seconds left.\n|inactive|alalu has 20 seconds left.\n|inactive|alalu has 15 seconds left.\n|inactive|alalu has 10 seconds left.\n|inactive|alalu has 5 seconds left.\n|-message|alalu lost due to inactivity.\n|\n|win|milkcoffee21\n|raw|alalu's rating: 1334 &rarr; <strong>1319<\/strong><br \/>(-15 for losing)\n|raw|milkcoffee21's rating: 1432 &rarr; <strong>1447<\/strong><br \/>(+15 for winning)\n","uploadtime":1700751408,"views":0,"p1id":"alalu","p2id":"milkcoffee21","formatid":"gen9ou","rating":1319,"private":0,"password":""}