{"id":"gen9ou-1997636266","p1":"m4ttyippieee","p2":"RedPanda57","format":"[Gen 9] OU","log":"|j|\u2606m4ttyippieee\n|j|\u2606RedPanda57\n|t:|1700835869\n|gametype|singles\n|player|p1|m4ttyippieee|nate|1012\n|player|p2|RedPanda57|102|1002\n|teamsize|p1|6\n|teamsize|p2|6\n|gen|9\n|tier|[Gen 9] OU\n|rated|\n|rule|Sleep Clause Mod: Limit one foe put to sleep\n|rule|Species Clause: Limit one of each Pok\u00e9mon\n|rule|OHKO Clause: OHKO moves are banned\n|rule|Evasion Items Clause: Evasion items are banned\n|rule|Evasion Moves Clause: Evasion moves are banned\n|rule|Endless Battle Clause: Forcing endless battles is banned\n|rule|HP Percentage Mod: HP is shown in percentages\n|clearpoke\n|poke|p1|Sylveon, F|\n|poke|p1|Corviknight, F|\n|poke|p1|Maushold|\n|poke|p1|Goodra-Hisui, M|\n|poke|p1|Ceruledge, M|\n|poke|p1|Clodsire, F|\n|poke|p2|Hawlucha, M|\n|poke|p2|Iron Valiant|\n|poke|p2|Raichu-Alola, M|\n|poke|p2|Mew|\n|poke|p2|Donphan, M|\n|poke|p2|Dudunsparce-*, M|\n|teampreview\n|\n|t:|1700835883\n|start\n|switch|p1a: Pancake ahh|Clodsire, F|100\/100\n|switch|p2a: Dudunsparce|Dudunsparce, M|100\/100\n|turn|1\n|inactive|Battle timer is ON: inactive players will automatically lose when time's up. (requested by RedPanda57)\n|\n|t:|1700835900\n|move|p2a: Dudunsparce|Ancient Power|p1a: Pancake ahh\n|-resisted|p1a: Pancake ahh\n|-damage|p1a: Pancake ahh|97\/100\n|move|p1a: Pancake ahh|Stealth Rock|p2a: Dudunsparce\n|-sidestart|p2: RedPanda57|move: Stealth Rock\n|\n|-heal|p1a: Pancake ahh|100\/100|[from] item: Leftovers\n|upkeep\n|turn|2\n|\n|t:|1700835909\n|move|p2a: Dudunsparce|Ancient Power|p1a: Pancake ahh\n|-resisted|p1a: Pancake ahh\n|-damage|p1a: Pancake ahh|97\/100\n|move|p1a: Pancake ahh|Toxic|p2a: Dudunsparce\n|-status|p2a: Dudunsparce|tox\n|\n|-heal|p1a: Pancake ahh|100\/100|[from] item: Leftovers\n|-damage|p2a: Dudunsparce|94\/100 tox|[from] psn\n|upkeep\n|turn|3\n|\n|t:|1700835919\n|move|p2a: Dudunsparce|Ancient Power|p1a: Pancake ahh\n|-resisted|p1a: Pancake ahh\n|-damage|p1a: Pancake ahh|97\/100\n|move|p1a: Pancake ahh|Earthquake|p2a: Dudunsparce\n|-damage|p2a: Dudunsparce|71\/100 tox\n|\n|-heal|p2a: Dudunsparce|77\/100 tox|[from] item: Leftovers\n|-heal|p1a: Pancake ahh|100\/100|[from] item: Leftovers\n|-damage|p2a: Dudunsparce|65\/100 tox|[from] psn\n|upkeep\n|turn|4\n|\n|t:|1700835937\n|move|p2a: Dudunsparce|Ancient Power|p1a: Pancake ahh\n|-resisted|p1a: Pancake ahh\n|-damage|p1a: Pancake ahh|97\/100\n|move|p1a: Pancake ahh|Earthquake|p2a: Dudunsparce\n|-damage|p2a: Dudunsparce|44\/100 tox\n|\n|-heal|p2a: Dudunsparce|50\/100 tox|[from] item: Leftovers\n|-heal|p1a: Pancake ahh|100\/100|[from] item: Leftovers\n|-damage|p2a: Dudunsparce|32\/100 tox|[from] psn\n|upkeep\n|turn|5\n|-message|RedPanda57 forfeited.\n|\n|win|m4ttyippieee\n|raw|m4ttyippieee's rating: 1012 &rarr; <strong>1049<\/strong><br \/>(+37 for winning)\n|raw|RedPanda57's rating: 1002 &rarr; <strong>1000<\/strong><br \/>(-2 for losing)\n|l|\u2606RedPanda57\n","uploadtime":1700835958,"views":11,"p1id":"m4ttyippieee","p2id":"redpanda57","formatid":"gen9ou","rating":1000,"private":0,"password":""}