{"id":"gen9ou-1996238009","p1":"jusemato","p2":"superhjk detective","format":"[Gen 9] OU","log":"|j|\u2606jusemato\n|j|\u2606superhjk detective\n|t:|1700662701\n|gametype|singles\n|player|p1|jusemato|worker|1692\n|player|p2|superhjk detective|proton|1762\n|teamsize|p1|6\n|teamsize|p2|6\n|gen|9\n|tier|[Gen 9] OU\n|rated|\n|rule|Sleep Clause Mod: Limit one foe put to sleep\n|rule|Species Clause: Limit one of each Pok\u00e9mon\n|rule|OHKO Clause: OHKO moves are banned\n|rule|Evasion Items Clause: Evasion items are banned\n|rule|Evasion Moves Clause: Evasion moves are banned\n|rule|Endless Battle Clause: Forcing endless battles is banned\n|rule|HP Percentage Mod: HP is shown in percentages\n|clearpoke\n|poke|p1|Grafaiai, M|\n|poke|p1|Rillaboom, M|\n|poke|p1|Armarouge, F|\n|poke|p1|Ogerpon-Cornerstone, F|\n|poke|p1|Iron Moth|\n|poke|p1|Iron Treads|\n|poke|p2|Kingambit, M|\n|poke|p2|Iron Moth|\n|poke|p2|Munkidori, M|\n|poke|p2|Dragapult, M|\n|poke|p2|Iron Valiant|\n|poke|p2|Great Tusk|\n|teampreview\n|inactive|Battle timer is ON: inactive players will automatically lose when time's up. (requested by superhjk detective)\n|c|\u2606jusemato|Glhf\n|j| mew852\n|\n|t:|1700662715\n|start\n|switch|p1a: Iron Treads|Iron Treads, shiny|100\/100\n|switch|p2a: Munkidori|Munkidori, M|100\/100\n|-enditem|p1a: Iron Treads|Booster Energy\n|-activate|p1a: Iron Treads|ability: Quark Drive|[fromitem]\n|-start|p1a: Iron Treads|quarkdrivespe\n|turn|1\n|\n|t:|1700662732\n|move|p2a: Munkidori|Focus Blast|p1a: Iron Treads\n|-supereffective|p1a: Iron Treads\n|-damage|p1a: Iron Treads|0 fnt\n|faint|p1a: Iron Treads\n|-end|p1a: Iron Treads|Quark Drive|[silent]\n|\n|upkeep\n|\n|t:|1700662741\n|switch|p1a: Rillaboom|Rillaboom, M|100\/100\n|-fieldstart|move: Grassy Terrain|[from] ability: Grassy Surge|[of] p1a: Rillaboom\n|turn|2\n|\n|t:|1700662763\n|switch|p2a: Great Tusk|Great Tusk|100\/100\n|-enditem|p2a: Great Tusk|Booster Energy\n|-activate|p2a: Great Tusk|ability: Protosynthesis|[fromitem]\n|-start|p2a: Great Tusk|protosynthesisspe\n|move|p1a: Rillaboom|U-turn|p2a: Great Tusk\n|-resisted|p2a: Great Tusk\n|-damage|p2a: Great Tusk|88\/100\n|\n|t:|1700662791\n|switch|p1a: Armarouge|Armarouge, F, shiny|100\/100|[from] U-turn\n|-enditem|p1a: Armarouge|Grassy Seed\n|-boost|p1a: Armarouge|def|1|[from] item: Grassy Seed\n|\n|-heal|p2a: Great Tusk|95\/100|[from] Grassy Terrain\n|upkeep\n|turn|3\n|\n|t:|1700662805\n|move|p2a: Great Tusk|Taunt|p1a: Armarouge\n|-start|p1a: Armarouge|move: Taunt\n|cant|p1a: Armarouge|move: Taunt|Calm Mind\n|\n|-heal|p2a: Great Tusk|100\/100|[from] Grassy Terrain\n|upkeep\n|turn|4\n|-message|jusemato forfeited.\n|\n|win|superhjk detective\n|raw|jusemato's rating: 1692 &rarr; <strong>1676<\/strong><br \/>(-16 for losing)\n|raw|superhjk detective's rating: 1762 &rarr; <strong>1778<\/strong><br \/>(+16 for winning)\n|l|\u2606jusemato\n","uploadtime":1700663057,"views":0,"p1id":"jusemato","p2id":"superhjkdetective","formatid":"gen9ou","rating":1676,"private":0,"password":""}