{"id":"gen9ou-1998144694","p1":"ButteryBotBockets","p2":"ooskks","format":"[Gen 9] OU","log":"|j|\u2606ButteryBotBockets\n|j|\u2606ooskks\n|inactive|Battle timer is ON: inactive players will automatically lose when time's up.\n|t:|1700899927\n|gametype|singles\n|player|p1|ButteryBotBockets|unknown|\n|player|p2|ooskks|acetrainerf|\n|teamsize|p1|6\n|teamsize|p2|6\n|gen|9\n|tier|[Gen 9] OU\n|rated|Tournament battle\n|rule|Sleep Clause Mod: Limit one foe put to sleep\n|rule|Species Clause: Limit one of each Pok\u00e9mon\n|rule|OHKO Clause: OHKO moves are banned\n|rule|Evasion Items Clause: Evasion items are banned\n|rule|Evasion Moves Clause: Evasion moves are banned\n|rule|Endless Battle Clause: Forcing endless battles is banned\n|rule|HP Percentage Mod: HP is shown in percentages\n|clearpoke\n|poke|p1|Bellibolt, F|\n|poke|p1|Toxicroak, F|\n|poke|p1|Snorlax, F|\n|poke|p1|Avalugg, M|\n|poke|p1|Haxorus, F|\n|poke|p1|Sableye, M|\n|poke|p2|Bellibolt, M|\n|poke|p2|Toxicroak, F|\n|poke|p2|Snorlax, F|\n|poke|p2|Avalugg, M|\n|poke|p2|Haxorus, F|\n|poke|p2|Sableye, M|\n|teampreview\n|j|*Lady Monita \u2746\n|inactive|ButteryBotBockets also wants the timer to be on.\n|inactive|ooskks also wants the timer to be on.\n|\n|t:|1700899935\n|start\n|switch|p1a: Haxorus|Haxorus, F|100\/100\n|switch|p2a: Sableye|Sableye, M|100\/100\n|turn|1\n|inactive|ButteryBotBockets has 120 seconds left.\n|inactive|ButteryBotBockets has 90 seconds left.\n|inactive|ButteryBotBockets has 60 seconds left.\n|inactive|ButteryBotBockets has 30 seconds left.\n|inactive|ButteryBotBockets has 20 seconds left.\n|inactive|ButteryBotBockets has 15 seconds left.\n|inactive|ButteryBotBockets has 10 seconds left.\n|inactive|ButteryBotBockets has 5 seconds left.\n|-message|ButteryBotBockets lost due to inactivity.\n|\n|win|ooskks\n|n|\u2606ButteryBotBockets|butterybotbockets\n|n|\u2606ooskks|ooskks\n|n|*Lady Monita \u2746|ladymonita\n","uploadtime":1700900086,"views":1,"p1id":"butterybotbockets","p2id":"ooskks","formatid":"gen9ou","rating":0,"private":0,"password":""}