{"id":"gen9ou-1999809789","p1":"Nerdygolem513","p2":"matteo il maranza","format":"[Gen 9] OU","log":"|j|\u2606Nerdygolem513\n|j|\u2606matteo il maranza\n|t:|1701118747\n|gametype|singles\n|player|p1|Nerdygolem513|burglar|1102\n|player|p2|matteo il maranza|169|1000\n|teamsize|p1|6\n|teamsize|p2|6\n|gen|9\n|tier|[Gen 9] OU\n|rated|\n|rule|Sleep Clause Mod: Limit one foe put to sleep\n|rule|Species Clause: Limit one of each Pok\u00e9mon\n|rule|OHKO Clause: OHKO moves are banned\n|rule|Evasion Items Clause: Evasion items are banned\n|rule|Evasion Moves Clause: Evasion moves are banned\n|rule|Endless Battle Clause: Forcing endless battles is banned\n|rule|HP Percentage Mod: HP is shown in percentages\n|clearpoke\n|poke|p1|Zoroark-Hisui, M|\n|poke|p1|Breloom, M|\n|poke|p1|Great Tusk|\n|poke|p1|Espeon, F|\n|poke|p1|Dragonite, M|\n|poke|p1|Slowking-Galar, F|\n|poke|p2|Maushold|\n|poke|p2|Perrserker, F|\n|poke|p2|Toxtricity, F|\n|poke|p2|Espeon, F|\n|poke|p2|Banette, M|\n|poke|p2|Masquerain, F|\n|teampreview\n|\n|t:|1701118766\n|start\n|switch|p1a: Espeon|Espeon, F|100\/100\n|switch|p2a: Maushold|Maushold|100\/100\n|turn|1\n|\n|t:|1701118772\n|-terastallize|p2a: Maushold|Normal\n|move|p2a: Maushold|Super Fang|p1a: Espeon\n|-immune|p1a: Espeon\n|move|p1a: Espeon|Hyper Voice|p2a: Maushold\n|-damage|p2a: Maushold|42\/100\n|\n|upkeep\n|turn|2\n|\n|t:|1701118778\n|move|p2a: Maushold|Population Bomb|p1a: Espeon\n|-immune|p1a: Espeon\n|move|p1a: Espeon|Hyper Voice|p2a: Maushold\n|-damage|p2a: Maushold|0 fnt\n|faint|p2a: Maushold\n|\n|upkeep\n|\n|t:|1701118785\n|switch|p2a: Perrserker|Perrserker, F|100\/100\n|turn|3\n|\n|t:|1701118789\n|move|p1a: Espeon|Flamethrower|p2a: Perrserker\n|-supereffective|p2a: Perrserker\n|-damage|p2a: Perrserker|3\/100\n|move|p2a: Perrserker|Close Combat|p1a: Espeon\n|-immune|p1a: Espeon\n|\n|upkeep\n|turn|4\n|-message|matteo il maranza forfeited.\n|\n|win|Nerdygolem513\n|raw|Nerdygolem513's rating: 1102 &rarr; <strong>1120<\/strong><br \/>(+18 for winning)\n|raw|matteo il maranza's rating: 1000 &rarr; <strong>1000<\/strong><br \/>(+0 for losing)\n|l|\u2606matteo il maranza\n","uploadtime":1701118800,"views":2,"p1id":"nerdygolem513","p2id":"matteoilmaranza","formatid":"gen9ou","rating":1000,"private":0,"password":""}