{"id":"gen9ou-1990072804","p1":"agagagqweqwe","p2":"friedfreak","format":"[Gen 9] OU","log":"|j|\u2606agagagqweqwe\n|j|\u2606friedfreak\n|t:|1699921601\n|gametype|singles\n|player|p1|agagagqweqwe|2|1574\n|player|p2|friedfreak|clown|1696\n|teamsize|p1|6\n|teamsize|p2|6\n|gen|9\n|tier|[Gen 9] OU\n|rated|\n|rule|Sleep Clause Mod: Limit one foe put to sleep\n|rule|Species Clause: Limit one of each Pok\u00e9mon\n|rule|OHKO Clause: OHKO moves are banned\n|rule|Evasion Items Clause: Evasion items are banned\n|rule|Evasion Moves Clause: Evasion moves are banned\n|rule|Endless Battle Clause: Forcing endless battles is banned\n|rule|HP Percentage Mod: HP is shown in percentages\n|clearpoke\n|poke|p1|Iron Valiant|\n|poke|p1|Ogerpon-Cornerstone, F|\n|poke|p1|Scizor, F|\n|poke|p1|Volcanion|\n|poke|p1|Thundurus-Therian, M|\n|poke|p1|Enamorus, F|\n|poke|p2|Empoleon, F|\n|poke|p2|Ogerpon-Cornerstone, F|\n|poke|p2|Dragapult, M|\n|poke|p2|Great Tusk|\n|poke|p2|Cinderace, M|\n|poke|p2|Dragonite, F|\n|teampreview\n|\n|t:|1699921616\n|start\n|switch|p1a: Thundurus|Thundurus-Therian, M|100\/100\n|switch|p2a: Dragapult|Dragapult, M|100\/100\n|turn|1\n|\n|t:|1699921625\n|move|p1a: Thundurus|Volt Switch|p2a: Dragapult\n|-resisted|p2a: Dragapult\n|-damage|p2a: Dragapult|75\/100\n|\n|t:|1699921626\n|switch|p1a: Enamorus|Enamorus, F|100\/100|[from] Volt Switch\n|move|p2a: Dragapult|Draco Meteor|p1a: Enamorus\n|-immune|p1a: Enamorus\n|\n|upkeep\n|turn|2\n|\n|t:|1699921634\n|switch|p2a: Empoleon|Empoleon, F|100\/100\n|move|p1a: Enamorus|Superpower|p2a: Empoleon\n|-supereffective|p2a: Empoleon\n|-damage|p2a: Empoleon|23\/100\n|-boost|p1a: Enamorus|atk|1\n|-boost|p1a: Enamorus|def|1\n|\n|-heal|p2a: Empoleon|29\/100|[from] item: Leftovers\n|upkeep\n|turn|3\n|\n|t:|1699921645\n|switch|p2a: Great Tusk|Great Tusk|100\/100\n|move|p1a: Enamorus|Superpower|p2a: Great Tusk\n|-damage|p2a: Great Tusk|64\/100\n|-boost|p1a: Enamorus|atk|1\n|-boost|p1a: Enamorus|def|1\n|-damage|p1a: Enamorus|84\/100|[from] item: Rocky Helmet|[of] p2a: Great Tusk\n|\n|upkeep\n|turn|4\n|\n|t:|1699921651\n|move|p1a: Enamorus|Play Rough|p2a: Great Tusk\n|-supereffective|p2a: Great Tusk\n|-damage|p2a: Great Tusk|0 fnt\n|-damage|p1a: Enamorus|67\/100|[from] item: Rocky Helmet|[of] p2a: Great Tusk\n|faint|p2a: Great Tusk\n|-end|p2a: Great Tusk|Protosynthesis|[silent]\n|\n|upkeep\n|\n|t:|1699921656\n|switch|p2a: Dragapult|Dragapult, M|75\/100\n|turn|5\n|\n|t:|1699921659\n|move|p2a: Dragapult|Shadow Ball|p1a: Enamorus\n|-damage|p1a: Enamorus|21\/100\n|move|p1a: Enamorus|Play Rough|p2a: Dragapult\n|-supereffective|p2a: Dragapult\n|-damage|p2a: Dragapult|0 fnt\n|faint|p2a: Dragapult\n|\n|upkeep\n|c|\u2606friedfreak|die in a fucking fire asshole\n|-message|friedfreak forfeited.\n|\n|win|agagagqweqwe\n|raw|agagagqweqwe's rating: 1574 &rarr; <strong>1601<\/strong><br \/>(+27 for winning)\n|raw|friedfreak's rating: 1696 &rarr; <strong>1669<\/strong><br \/>(-27 for losing)\n|l|\u2606friedfreak\n","uploadtime":1699921670,"views":7,"p1id":"agagagqweqwe","p2id":"friedfreak","formatid":"gen9ou","rating":1601,"private":0,"password":""}