{"id":"gen9ou-1995586168","p1":"disco turkey","p2":"Splatman86","format":"[Gen 9] OU","log":"|j|\u2606disco turkey\n|j|\u2606Splatman86\n|t:|1700585159\n|gametype|singles\n|player|p1|disco turkey|pokemaniac|1059\n|player|p2|Splatman86|lucas|1000\n|teamsize|p1|3\n|teamsize|p2|6\n|gen|9\n|tier|[Gen 9] OU\n|rated|\n|rule|Sleep Clause Mod: Limit one foe put to sleep\n|rule|Species Clause: Limit one of each Pok\u00e9mon\n|rule|OHKO Clause: OHKO moves are banned\n|rule|Evasion Items Clause: Evasion items are banned\n|rule|Evasion Moves Clause: Evasion moves are banned\n|rule|Endless Battle Clause: Forcing endless battles is banned\n|rule|HP Percentage Mod: HP is shown in percentages\n|clearpoke\n|poke|p1|Dudunsparce-*, F|\n|poke|p1|Ribombee, M|\n|poke|p1|Mew|\n|poke|p2|Toxapex, M|\n|poke|p2|Iron Hands|\n|poke|p2|Krookodile, F|\n|poke|p2|Cloyster, F|\n|poke|p2|Grimmsnarl, M|\n|poke|p2|Dragapult, M|\n|teampreview\n|\n|t:|1700585168\n|start\n|switch|p1a: Ribombee|Ribombee, M|100\/100\n|switch|p2a: Cloyster|Cloyster, F|100\/100\n|turn|1\n|\n|t:|1700585176\n|move|p1a: Ribombee|Sticky Web|p2a: Cloyster\n|-sidestart|p2: Splatman86|move: Sticky Web\n|move|p2a: Cloyster|Shell Smash|p2a: Cloyster\n|-unboost|p2a: Cloyster|def|1\n|-unboost|p2a: Cloyster|spd|1\n|-boost|p2a: Cloyster|atk|2\n|-boost|p2a: Cloyster|spa|2\n|-boost|p2a: Cloyster|spe|2\n|-enditem|p2a: Cloyster|White Herb\n|-clearnegativeboost|p2a: Cloyster|[silent]\n|\n|-status|p1a: Ribombee|tox|[from] item: Toxic Orb\n|upkeep\n|turn|2\n|inactive|Battle timer is ON: inactive players will automatically lose when time's up. (requested by disco turkey)\n|\n|t:|1700585206\n|-terastallize|p2a: Cloyster|Steel\n|move|p2a: Cloyster|Icicle Spear|p1a: Ribombee\n|-damage|p1a: Ribombee|51\/100 tox\n|-damage|p1a: Ribombee|1\/100 tox\n|-damage|p1a: Ribombee|0 fnt\n|faint|p1a: Ribombee\n|-hitcount|p1: Ribombee|3\n|\n|upkeep\n|\n|t:|1700585217\n|switch|p1a: Dudunsparce|Dudunsparce, F|100\/100\n|turn|3\n|\n|t:|1700585222\n|move|p2a: Cloyster|Icicle Spear|p1a: Dudunsparce\n|-damage|p1a: Dudunsparce|78\/100\n|-damage|p1a: Dudunsparce|53\/100\n|-damage|p1a: Dudunsparce|30\/100\n|-damage|p1a: Dudunsparce|4\/100\n|-damage|p1a: Dudunsparce|0 fnt\n|faint|p1a: Dudunsparce\n|-hitcount|p1: Dudunsparce|5\n|\n|upkeep\n|\n|t:|1700585234\n|switch|p1a: Mew|Mew|100\/100\n|turn|4\n|\n|t:|1700585238\n|move|p2a: Cloyster|Icicle Spear|p1a: Mew\n|-damage|p1a: Mew|78\/100\n|-damage|p1a: Mew|54\/100\n|-damage|p1a: Mew|31\/100\n|-damage|p1a: Mew|10\/100\n|-damage|p1a: Mew|0 fnt\n|faint|p1a: Mew\n|-hitcount|p1: Mew|5\n|\n|win|Splatman86\n|raw|disco turkey's rating: 1059 &rarr; <strong>1037<\/strong><br \/>(-22 for losing)\n|raw|Splatman86's rating: 1000 &rarr; <strong>1047<\/strong><br \/>(+47 for winning)\n|l|\u2606disco turkey\n|c|\u2606Splatman86|Gg\n","uploadtime":1700585255,"views":1,"p1id":"discoturkey","p2id":"splatman86","formatid":"gen9ou","rating":1037,"private":0,"password":""}