{"id":"gen9ou-2000203916","p1":"Pitiani","p2":"liaoya","format":"[Gen 9] OU","log":"|j|\u2606Pitiani\n|j|\u2606liaoya\n|t:|1701171674\n|gametype|singles\n|player|p1|Pitiani|marlon|1489\n|player|p2|liaoya|petrel|1622\n|teamsize|p1|6\n|teamsize|p2|6\n|gen|9\n|tier|[Gen 9] OU\n|rated|\n|rule|Sleep Clause Mod: Limit one foe put to sleep\n|rule|Species Clause: Limit one of each Pok\u00e9mon\n|rule|OHKO Clause: OHKO moves are banned\n|rule|Evasion Items Clause: Evasion items are banned\n|rule|Evasion Moves Clause: Evasion moves are banned\n|rule|Endless Battle Clause: Forcing endless battles is banned\n|rule|HP Percentage Mod: HP is shown in percentages\n|clearpoke\n|poke|p1|Glimmora, F|\n|poke|p1|Gholdengo|\n|poke|p1|Ogerpon-Wellspring, F|\n|poke|p1|Kingambit, M|\n|poke|p1|Iron Moth|\n|poke|p1|Enamorus, F|\n|poke|p2|Drifblim, F|\n|poke|p2|Garganacl, M|\n|poke|p2|Umbreon, M|\n|poke|p2|Rotom-Wash|\n|poke|p2|Glimmora, M|\n|poke|p2|Espeon, M|\n|teampreview\n|inactive|Battle timer is ON: inactive players will automatically lose when time's up. (requested by liaoya)\n|\n|t:|1701171679\n|start\n|switch|p1a: Glimmora|Glimmora, F|100\/100\n|switch|p2a: Rotom|Rotom-Wash|100\/100\n|turn|1\n|\n|t:|1701171683\n|move|p2a: Rotom|Volt Switch|p1a: Glimmora\n|-damage|p1a: Glimmora|57\/100\n|\n|t:|1701171686\n|switch|p2a: Espeon|Espeon, M|100\/100|[from] Volt Switch\n|move|p1a: Glimmora|Stealth Rock|p2a: Espeon\n|move|p2a: Espeon|Stealth Rock|p1a: Glimmora|[from]ability: Magic Bounce\n|-sidestart|p1: Pitiani|move: Stealth Rock\n|\n|upkeep\n|turn|2\n|\n|t:|1701171690\n|move|p2a: Espeon|Psyshock|p1a: Glimmora\n|-supereffective|p1a: Glimmora\n|-damage|p1a: Glimmora|0 fnt\n|faint|p1a: Glimmora\n|\n|upkeep\n|-message|Pitiani forfeited.\n|\n|win|liaoya\n|raw|Pitiani's rating: 1489 &rarr; <strong>1476<\/strong><br \/>(-13 for losing)\n|raw|liaoya's rating: 1622 &rarr; <strong>1635<\/strong><br \/>(+13 for winning)\n|l|\u2606Pitiani\n","uploadtime":1701171696,"views":9,"p1id":"pitiani","p2id":"liaoya","formatid":"gen9ou","rating":1476,"private":0,"password":""}