{"id":"gen9ou-1990279004","p1":"Torkhar","p2":"RSDPM","format":"[Gen 9] OU","log":"|j|\u2606Torkhar\n|j|\u2606RSDPM\n|t:|1699949689\n|gametype|singles\n|player|p1|Torkhar|266|1236\n|player|p2|RSDPM|riley|1204\n|teamsize|p1|6\n|teamsize|p2|6\n|gen|9\n|tier|[Gen 9] OU\n|rated|\n|rule|Sleep Clause Mod: Limit one foe put to sleep\n|rule|Species Clause: Limit one of each Pok\u00e9mon\n|rule|OHKO Clause: OHKO moves are banned\n|rule|Evasion Items Clause: Evasion items are banned\n|rule|Evasion Moves Clause: Evasion moves are banned\n|rule|Endless Battle Clause: Forcing endless battles is banned\n|rule|HP Percentage Mod: HP is shown in percentages\n|clearpoke\n|poke|p1|Zapdos|\n|poke|p1|Kingambit, M|\n|poke|p1|Iron Moth|\n|poke|p1|Slowking-Galar, M|\n|poke|p1|Great Tusk|\n|poke|p1|Dragapult, F|\n|poke|p2|Wyrdeer, M|\n|poke|p2|Kleavor, F|\n|poke|p2|Ursaluna, F|\n|poke|p2|Basculegion-F, F|\n|poke|p2|Sneasler, M|\n|poke|p2|Overqwil, M|\n|teampreview\n|inactive|Battle timer is ON: inactive players will automatically lose when time's up. (requested by RSDPM)\n|\n|t:|1699949712\n|start\n|switch|p1a: Dragapult|Dragapult, F, shiny|100\/100\n|switch|p2a: Wyrdeer|Wyrdeer, M|100\/100\n|turn|1\n|\n|t:|1699949737\n|move|p1a: Dragapult|U-turn|p2a: Wyrdeer\n|-supereffective|p2a: Wyrdeer\n|-damage|p2a: Wyrdeer|59\/100\n|-enditem|p2a: Wyrdeer|Weakness Policy\n|-boost|p2a: Wyrdeer|atk|2|[from] item: Weakness Policy\n|-boost|p2a: Wyrdeer|spa|2|[from] item: Weakness Policy\n|\n|t:|1699949743\n|switch|p1a: Zapdos|Zapdos, shiny|100\/100|[from] U-turn\n|move|p2a: Wyrdeer|Agility|p2a: Wyrdeer\n|-boost|p2a: Wyrdeer|spe|2\n|\n|upkeep\n|turn|2\n|\n|t:|1699949752\n|move|p2a: Wyrdeer|Stored Power|p1a: Zapdos\n|-damage|p1a: Zapdos|0 fnt\n|faint|p1a: Zapdos\n|\n|upkeep\n|\n|t:|1699949761\n|switch|p1a: Kingambit|Kingambit, M|100\/100\n|-activate|p1a: Kingambit|ability: Supreme Overlord\n|-start|p1a: Kingambit|fallen1|[silent]\n|turn|3\n|\n|t:|1699949771\n|-terastallize|p2a: Wyrdeer|Fighting\n|move|p2a: Wyrdeer|Tera Blast|p1a: Kingambit|[anim] Tera Blast Fighting\n|-supereffective|p1a: Kingambit\n|-damage|p1a: Kingambit|0 fnt\n|faint|p1a: Kingambit\n|-end|p1a: Kingambit|fallen1|[silent]\n|\n|upkeep\n|\n|t:|1699949784\n|switch|p1a: Dragapult|Dragapult, F, shiny|100\/100\n|turn|4\n|\n|t:|1699949792\n|move|p2a: Wyrdeer|Stored Power|p1a: Dragapult\n|-damage|p1a: Dragapult|0 fnt\n|faint|p1a: Dragapult\n|\n|upkeep\n|-message|Torkhar forfeited.\n|\n|win|RSDPM\n|raw|Torkhar's rating: 1236 &rarr; <strong>1209<\/strong><br \/>(-27 for losing)\n|raw|RSDPM's rating: 1204 &rarr; <strong>1231<\/strong><br \/>(+27 for winning)\n|l|\u2606Torkhar\n","uploadtime":1699949804,"views":9,"p1id":"torkhar","p2id":"rsdpm","formatid":"gen9ou","rating":1209,"private":0,"password":""}