{"id":"gen9ou-1990702188","p1":"LunarPlaymaker96","p2":"Reshi (TG) \u2606","format":"[Gen 9] OU","log":"|j|\u2606LunarPlaymaker96\n|j|\u2606Reshi (TG) \u2606\n|t:|1699993088\n|gametype|singles\n|player|p1|LunarPlaymaker96|iris-gen5bw2|\n|player|p2|Reshi (TG) \u2606|rosa|\n|teamsize|p1|1\n|teamsize|p2|1\n|gen|9\n|tier|[Gen 9] OU\n|rule|Sleep Clause Mod: Limit one foe put to sleep\n|rule|Species Clause: Limit one of each Pok\u00e9mon\n|rule|OHKO Clause: OHKO moves are banned\n|rule|Evasion Items Clause: Evasion items are banned\n|rule|Evasion Moves Clause: Evasion moves are banned\n|rule|Endless Battle Clause: Forcing endless battles is banned\n|rule|HP Percentage Mod: HP is shown in percentages\n|clearpoke\n|poke|p1|Perrserker, F|\n|poke|p2|Lucario, M|\n|teampreview\n|\n|t:|1699993093\n|start\n|switch|p1a: Perrserker|Perrserker, F|100\/100\n|switch|p2a: Sasuke|Lucario, M|100\/100\n|turn|1\n|\n|t:|1699993106\n|-terastallize|p1a: Perrserker|Fairy\n|move|p2a: Sasuke|Bullet Punch|p1a: Perrserker\n|-supereffective|p1a: Perrserker\n|-damage|p1a: Perrserker|53\/100\n|-damage|p2a: Sasuke|91\/100|[from] item: Life Orb\n|move|p1a: Perrserker|Play Rough|p2a: Sasuke\n|-damage|p2a: Sasuke|0 fnt\n|faint|p2a: Sasuke\n|\n|win|LunarPlaymaker96\n","uploadtime":1699993119,"views":14,"p1id":"lunarplaymaker96","p2id":"reshitg","formatid":"gen9ou","rating":0,"private":0,"password":""}