{"id":"gen9ou-1994606489","p1":"JayMiighty","p2":"Skaraptor2.1","format":"[Gen 9] OU","log":"|j|\u2606JayMiighty\n|j|\u2606Skaraptor2.1\n|t:|1700468293\n|gametype|singles\n|player|p1|JayMiighty|266|1040\n|player|p2|Skaraptor2.1|bodybuilderf-gen9|1147\n|teamsize|p1|6\n|teamsize|p2|6\n|gen|9\n|tier|[Gen 9] OU\n|rated|\n|rule|Sleep Clause Mod: Limit one foe put to sleep\n|rule|Species Clause: Limit one of each Pok\u00e9mon\n|rule|OHKO Clause: OHKO moves are banned\n|rule|Evasion Items Clause: Evasion items are banned\n|rule|Evasion Moves Clause: Evasion moves are banned\n|rule|Endless Battle Clause: Forcing endless battles is banned\n|rule|HP Percentage Mod: HP is shown in percentages\n|clearpoke\n|poke|p1|Garchomp, M|\n|poke|p1|Gholdengo|\n|poke|p1|Thundurus-Therian, M|\n|poke|p1|Skeledirge, F|\n|poke|p1|Gyarados, M|\n|poke|p1|Torterra, F|\n|poke|p2|Ribombee, M|\n|poke|p2|Ogerpon-Wellspring, F|\n|poke|p2|Great Tusk|\n|poke|p2|Zamazenta-*|\n|poke|p2|Iron Valiant|\n|poke|p2|Kingambit, F|\n|teampreview\n|inactive|Battle timer is ON: inactive players will automatically lose when time's up. (requested by Skaraptor2.1)\n|\n|t:|1700468301\n|start\n|switch|p1a: Torterra|Torterra, F|100\/100\n|switch|p2a: Twink|Ribombee, M|100\/100\n|turn|1\n|\n|t:|1700468320\n|move|p2a: Twink|Sticky Web|p1a: Torterra\n|-sidestart|p1: JayMiighty|move: Sticky Web\n|move|p1a: Torterra|Shell Smash|p1a: Torterra\n|-unboost|p1a: Torterra|def|1\n|-unboost|p1a: Torterra|spd|1\n|-boost|p1a: Torterra|atk|2\n|-boost|p1a: Torterra|spa|2\n|-boost|p1a: Torterra|spe|2\n|\n|upkeep\n|turn|2\n|\n|t:|1700468340\n|move|p1a: Torterra|Stone Edge|p2a: Twink|[miss]\n|-miss|p1a: Torterra|p2a: Twink\n|move|p2a: Twink|Moonblast|p1a: Torterra\n|-damage|p1a: Torterra|40\/100\n|\n|upkeep\n|turn|3\n|\n|t:|1700468348\n|move|p1a: Torterra|Stone Edge|p2a: Twink|[miss]\n|-miss|p1a: Torterra|p2a: Twink\n|move|p2a: Twink|Moonblast|p1a: Torterra\n|-damage|p1a: Torterra|0 fnt\n|faint|p1a: Torterra\n|\n|upkeep\n|inactive|JayMiighty has 120 seconds left.\n|l|\u2606JayMiighty\n|inactive|JayMiighty disconnected and has a minute to reconnect!\n|player|p1|\n|inactive|JayMiighty has 30 seconds to reconnect!\n|j| cg academy\n|inactive|JayMiighty has 20 seconds to reconnect!\n|inactive|JayMiighty has 15 seconds to reconnect!\n|c|\u2606Skaraptor2.1|Honestly, I\u2019d D\/C too after that\n|inactive|JayMiighty has 10 seconds to reconnect!\n|inactive|JayMiighty has 5 seconds to reconnect!\n|-message|JayMiighty lost due to inactivity.\n|\n|win|Skaraptor2.1\n|raw|JayMiighty's rating: 1040 &rarr; <strong>1029<\/strong><br \/>(-11 for losing)\n|raw|Skaraptor2.1's rating: 1147 &rarr; <strong>1165<\/strong><br \/>(+18 for winning)\n|l| cg academy\n","uploadtime":1700468454,"views":11,"p1id":"jaymiighty","p2id":"skaraptor21","formatid":"gen9ou","rating":1029,"private":0,"password":""}