{"id":"gen9ou-2000406573","p1":"Beastyshadow13","p2":"capman","format":"[Gen 9] OU","log":"|j|\u2606Beastyshadow13\n|j|\u2606capman\n|t:|1701192159\n|gametype|singles\n|player|p1|Beastyshadow13|veteran|1288\n|player|p2|capman|265|1307\n|teamsize|p1|6\n|teamsize|p2|6\n|gen|9\n|tier|[Gen 9] OU\n|rated|\n|rule|Sleep Clause Mod: Limit one foe put to sleep\n|rule|Species Clause: Limit one of each Pok\u00e9mon\n|rule|OHKO Clause: OHKO moves are banned\n|rule|Evasion Items Clause: Evasion items are banned\n|rule|Evasion Moves Clause: Evasion moves are banned\n|rule|Endless Battle Clause: Forcing endless battles is banned\n|rule|HP Percentage Mod: HP is shown in percentages\n|clearpoke\n|poke|p1|Electrode-Hisui|\n|poke|p1|Bombirdier, M|\n|poke|p1|Gholdengo|\n|poke|p1|Great Tusk|\n|poke|p1|Iron Moth|\n|poke|p1|Zamazenta-*|\n|poke|p2|Ninetales-Alola, F|\n|poke|p2|Manaphy|\n|poke|p2|Kingambit, M|\n|poke|p2|Great Tusk|\n|poke|p2|Iron Moth|\n|poke|p2|Gholdengo|\n|teampreview\n|inactive|Battle timer is ON: inactive players will automatically lose when time's up. (requested by capman)\n|\n|t:|1701192182\n|start\n|switch|p1a: Iron Moth|Iron Moth|100\/100\n|switch|p2a: Ninetales|Ninetales-Alola, F|100\/100\n|-weather|Snow|[from] ability: Snow Warning|[of] p2a: Ninetales\n|-enditem|p1a: Iron Moth|Booster Energy\n|-activate|p1a: Iron Moth|ability: Quark Drive|[fromitem]\n|-start|p1a: Iron Moth|quarkdrivespa\n|turn|1\n|\n|t:|1701192190\n|move|p1a: Iron Moth|Fiery Dance|p2a: Ninetales\n|-supereffective|p2a: Ninetales\n|-damage|p2a: Ninetales|0 fnt\n|-boost|p1a: Iron Moth|spa|1\n|faint|p2a: Ninetales\n|\n|-weather|Snow|[upkeep]\n|upkeep\n|\n|t:|1701192196\n|switch|p2a: Manaphy|Manaphy|100\/100\n|turn|2\n|\n|t:|1701192200\n|move|p1a: Iron Moth|Energy Ball|p2a: Manaphy\n|-supereffective|p2a: Manaphy\n|-damage|p2a: Manaphy|0 fnt\n|faint|p2a: Manaphy\n|\n|-weather|Snow|[upkeep]\n|upkeep\n|\n|t:|1701192209\n|switch|p2a: Great Tusk|Great Tusk|100\/100\n|turn|3\n|\n|t:|1701192214\n|move|p1a: Iron Moth|Energy Ball|p2a: Great Tusk\n|-supereffective|p2a: Great Tusk\n|-damage|p2a: Great Tusk|0 fnt\n|faint|p2a: Great Tusk\n|-end|p2a: Great Tusk|Protosynthesis|[silent]\n|\n|-weather|Snow|[upkeep]\n|upkeep\n|\n|t:|1701192222\n|switch|p2a: Kingambit|Kingambit, M|100\/100\n|-activate|p2a: Kingambit|ability: Supreme Overlord\n|-start|p2a: Kingambit|fallen3|[silent]\n|turn|4\n|\n|t:|1701192226\n|move|p2a: Kingambit|Sucker Punch||[still]\n|-fail|p2a: Kingambit\n|move|p1a: Iron Moth|Substitute|p1a: Iron Moth\n|-start|p1a: Iron Moth|Substitute\n|-damage|p1a: Iron Moth|76\/100\n|\n|-weather|Snow|[upkeep]\n|upkeep\n|turn|5\n|-message|capman forfeited.\n|\n|win|Beastyshadow13\n|raw|Beastyshadow13's rating: 1288 &rarr; <strong>1314<\/strong><br \/>(+26 for winning)\n|raw|capman's rating: 1307 &rarr; <strong>1286<\/strong><br \/>(-21 for losing)\n|l|\u2606capman\n","uploadtime":1701192243,"views":6,"p1id":"beastyshadow13","p2id":"capman","formatid":"gen9ou","rating":1286,"private":0,"password":""}