{"id":"gen9ou-1993299307","p1":"theheatlord","p2":"meh246","format":"[Gen 9] OU","log":"|j|\u2606theheatlord\n|j|\u2606meh246\n|t:|1700293211\n|gametype|singles\n|player|p1|theheatlord|hoopster|1129\n|player|p2|meh246|lucas|1105\n|teamsize|p1|6\n|teamsize|p2|6\n|gen|9\n|tier|[Gen 9] OU\n|rated|\n|rule|Sleep Clause Mod: Limit one foe put to sleep\n|rule|Species Clause: Limit one of each Pok\u00e9mon\n|rule|OHKO Clause: OHKO moves are banned\n|rule|Evasion Items Clause: Evasion items are banned\n|rule|Evasion Moves Clause: Evasion moves are banned\n|rule|Endless Battle Clause: Forcing endless battles is banned\n|rule|HP Percentage Mod: HP is shown in percentages\n|clearpoke\n|poke|p1|Pelipper, M|\n|poke|p1|Ludicolo, F|\n|poke|p1|Poliwrath, M|\n|poke|p1|Kingambit, M|\n|poke|p1|Quaquaval, M|\n|poke|p1|Overqwil, M|\n|poke|p2|Samurott-Hisui, F|\n|poke|p2|Kleavor, M|\n|poke|p2|Sneasler, F|\n|poke|p2|Glimmora, M|\n|poke|p2|Dragapult, F|\n|poke|p2|Ribombee, M|\n|teampreview\n|inactive|Battle timer is ON: inactive players will automatically lose when time's up. (requested by meh246)\n|\n|t:|1700293228\n|start\n|switch|p1a: Quaquaval|Quaquaval, M, shiny|100\/100\n|switch|p2a: Kleavor|Kleavor, M, shiny|100\/100\n|turn|1\n|\n|t:|1700293233\n|move|p2a: Kleavor|Stone Axe|p1a: Quaquaval\n|-resisted|p1a: Quaquaval\n|-damage|p1a: Quaquaval|65\/100\n|-sidestart|p1: theheatlord|move: Stealth Rock\n|move|p1a: Quaquaval|Aqua Step|p2a: Kleavor\n|-supereffective|p2a: Kleavor\n|-damage|p2a: Kleavor|6\/100\n|-boost|p1a: Quaquaval|spe|1\n|\n|-heal|p1a: Quaquaval|71\/100|[from] item: Leftovers\n|upkeep\n|turn|2\n|\n|t:|1700293243\n|switch|p2a: Glimmora|Glimmora, M, shiny|100\/100\n|move|p1a: Quaquaval|Rapid Spin|p2a: Glimmora\n|-resisted|p2a: Glimmora\n|-damage|p2a: Glimmora|90\/100\n|-boost|p1a: Quaquaval|spe|1\n|-activate|p2a: Glimmora|ability: Toxic Debris\n|-sidestart|p1: theheatlord|move: Toxic Spikes\n|-sideend|p1: theheatlord|Toxic Spikes|[from] move: Rapid Spin|[of] p1a: Quaquaval\n|-sideend|p1: theheatlord|Stealth Rock|[from] move: Rapid Spin|[of] p1a: Quaquaval\n|\n|-heal|p1a: Quaquaval|77\/100|[from] item: Leftovers\n|upkeep\n|turn|3\n|\n|t:|1700293252\n|move|p1a: Quaquaval|Aqua Step|p2a: Glimmora\n|-supereffective|p2a: Glimmora\n|-damage|p2a: Glimmora|0 fnt\n|-boost|p1a: Quaquaval|spe|1\n|-activate|p2a: Glimmora|ability: Toxic Debris\n|-sidestart|p1: theheatlord|move: Toxic Spikes\n|faint|p2a: Glimmora\n|-ability|p1a: Quaquaval|Moxie|boost\n|-boost|p1a: Quaquaval|atk|1\n|\n|-heal|p1a: Quaquaval|83\/100|[from] item: Leftovers\n|upkeep\n|\n|t:|1700293260\n|switch|p2a: Dragapult|Dragapult, F, shiny|100\/100\n|turn|4\n|\n|t:|1700293266\n|-terastallize|p1a: Quaquaval|Fairy\n|move|p1a: Quaquaval|Ice Spinner|p2a: Dragapult\n|-supereffective|p2a: Dragapult\n|-damage|p2a: Dragapult|0 fnt\n|faint|p2a: Dragapult\n|-ability|p1a: Quaquaval|Moxie|boost\n|-boost|p1a: Quaquaval|atk|1\n|\n|-heal|p1a: Quaquaval|90\/100|[from] item: Leftovers\n|upkeep\n|-message|meh246 forfeited.\n|\n|win|theheatlord\n|raw|theheatlord's rating: 1129 &rarr; <strong>1152<\/strong><br \/>(+23 for winning)\n|raw|meh246's rating: 1105 &rarr; <strong>1082<\/strong><br \/>(-23 for losing)\n|l|\u2606meh246\n","uploadtime":1700293280,"views":12,"p1id":"theheatlord","p2id":"meh246","formatid":"gen9ou","rating":1082,"private":0,"password":""}