{"id":"gen9ou-1994429804","p1":"Elsquidwardo","p2":"localdealerr","format":"[Gen 9] OU","log":"|j|\u2606Elsquidwardo\n|j|\u2606localdealerr\n|t:|1700443007\n|gametype|singles\n|player|p1|Elsquidwardo|plasmagrunt|1639\n|player|p2|localdealerr|170|1763\n|teamsize|p1|6\n|teamsize|p2|6\n|gen|9\n|tier|[Gen 9] OU\n|rated|\n|rule|Sleep Clause Mod: Limit one foe put to sleep\n|rule|Species Clause: Limit one of each Pok\u00e9mon\n|rule|OHKO Clause: OHKO moves are banned\n|rule|Evasion Items Clause: Evasion items are banned\n|rule|Evasion Moves Clause: Evasion moves are banned\n|rule|Endless Battle Clause: Forcing endless battles is banned\n|rule|HP Percentage Mod: HP is shown in percentages\n|clearpoke\n|poke|p1|Slowking-Galar, M|\n|poke|p1|Ting-Lu|\n|poke|p1|Great Tusk|\n|poke|p1|Gholdengo|\n|poke|p1|Zapdos|\n|poke|p1|Enamorus, F|\n|poke|p2|Glimmora, M|\n|poke|p2|Ogerpon-Wellspring, F|\n|poke|p2|Great Tusk|\n|poke|p2|Gholdengo|\n|poke|p2|Kingambit, F|\n|poke|p2|Zapdos|\n|teampreview\n|\n|t:|1700443029\n|start\n|switch|p1a: Gholdengo|Gholdengo|100\/100\n|switch|p2a: big bird.|Zapdos|100\/100\n|turn|1\n|\n|t:|1700443032\n|move|p1a: Gholdengo|Shadow Ball|p2a: big bird.\n|-damage|p2a: big bird.|62\/100\n|move|p2a: big bird.|Heat Wave|p1a: Gholdengo\n|-supereffective|p1a: Gholdengo\n|-damage|p1a: Gholdengo|35\/100\n|\n|upkeep\n|turn|2\n|\n|t:|1700443038\n|switch|p1a: Ting-Lu|Ting-Lu|100\/100\n|-ability|p1a: Ting-Lu|Vessel of Ruin\n|move|p2a: big bird.|U-turn|p1a: Ting-Lu\n|-supereffective|p1a: Ting-Lu\n|-damage|p1a: Ting-Lu|86\/100\n|\n|t:|1700443043\n|switch|p2a: woogerpon.|Ogerpon-Wellspring, F|100\/100|[from] U-turn\n|\n|-heal|p1a: Ting-Lu|92\/100|[from] item: Leftovers\n|upkeep\n|turn|3\n|j|+Shellnuts\n|\n|t:|1700443050\n|switch|p1a: Zapdos|Zapdos|100\/100\n|move|p2a: woogerpon.|Swords Dance|p2a: woogerpon.\n|-boost|p2a: woogerpon.|atk|2\n|\n|upkeep\n|turn|4\n|\n|t:|1700443054\n|-terastallize|p2a: woogerpon.|Water\n|detailschange|p2a: woogerpon.|Ogerpon-Wellspring-Tera, F, tera:Water\n|-ability|p2a: woogerpon.|Embody Aspect (Wellspring)|boost\n|-boost|p2a: woogerpon.|spd|1\n|-terastallize|p1a: Zapdos|Water\n|move|p2a: woogerpon.|Ivy Cudgel|p1a: Zapdos|[anim] Ivy Cudgel Water\n|-resisted|p1a: Zapdos\n|-damage|p1a: Zapdos|15\/100\n|move|p1a: Zapdos|Discharge|p2a: woogerpon.\n|-supereffective|p2a: woogerpon.\n|-damage|p2a: woogerpon.|40\/100\n|\n|upkeep\n|turn|5\n|\n|t:|1700443068\n|move|p2a: woogerpon.|Trailblaze|p1a: Zapdos\n|-supereffective|p1a: Zapdos\n|-damage|p1a: Zapdos|0 fnt\n|-boost|p2a: woogerpon.|spe|1\n|faint|p1a: Zapdos\n|\n|upkeep\n|-message|Elsquidwardo forfeited.\n|\n|win|localdealerr\n|raw|Elsquidwardo's rating: 1639 &rarr; <strong>1626<\/strong><br \/>(-13 for losing)\n|raw|localdealerr's rating: 1763 &rarr; <strong>1776<\/strong><br \/>(+13 for winning)\n|l|\u2606Elsquidwardo\n","uploadtime":1700443081,"views":11,"p1id":"elsquidwardo","p2id":"localdealerr","formatid":"gen9ou","rating":1626,"private":0,"password":""}