{"id":"gen9ou-1994013555","p1":"llooganium","p2":"OffxcialTano","format":"[Gen 9] OU","log":"|j|\u2606llooganium\n|j|\u2606OffxcialTano\n|t:|1700393586\n|gametype|singles\n|player|p1|llooganium|266|1134\n|player|p2|OffxcialTano|plasmagrunt|1064\n|teamsize|p1|6\n|teamsize|p2|6\n|gen|9\n|tier|[Gen 9] OU\n|rated|\n|rule|Sleep Clause Mod: Limit one foe put to sleep\n|rule|Species Clause: Limit one of each Pok\u00e9mon\n|rule|OHKO Clause: OHKO moves are banned\n|rule|Evasion Items Clause: Evasion items are banned\n|rule|Evasion Moves Clause: Evasion moves are banned\n|rule|Endless Battle Clause: Forcing endless battles is banned\n|rule|HP Percentage Mod: HP is shown in percentages\n|clearpoke\n|poke|p1|Sneasler, F|\n|poke|p1|Iron Treads|\n|poke|p1|Blissey, F|\n|poke|p1|Samurott-Hisui, M|\n|poke|p1|Heatran, F|\n|poke|p1|Ogerpon-Wellspring, F|\n|poke|p2|Greninja-*, M|\n|poke|p2|Iron Moth|\n|poke|p2|Ninetales-Alola, F|\n|poke|p2|Enamorus, F|\n|poke|p2|Infernape, F|\n|poke|p2|Ribombee, M|\n|teampreview\n|\n|t:|1700393593\n|start\n|switch|p1a: Iron Treads|Iron Treads|100\/100\n|switch|p2a: Infernape|Infernape, F|100\/100\n|-enditem|p1a: Iron Treads|Booster Energy\n|-activate|p1a: Iron Treads|ability: Quark Drive|[fromitem]\n|-start|p1a: Iron Treads|quarkdrivespe\n|turn|1\n|inactive|Battle timer is ON: inactive players will automatically lose when time's up. (requested by OffxcialTano)\n|\n|t:|1700393602\n|-singleturn|p2a: Infernape|move: Focus Punch\n|move|p1a: Iron Treads|Earthquake|p2a: Infernape\n|-supereffective|p2a: Infernape\n|-damage|p2a: Infernape|0 fnt\n|faint|p2a: Infernape\n|\n|upkeep\n|\n|t:|1700393607\n|switch|p2a: Greninja|Greninja, M|100\/100\n|turn|2\n|\n|t:|1700393611\n|move|p1a: Iron Treads|Stealth Rock|p2a: Greninja\n|-sidestart|p2: OffxcialTano|move: Stealth Rock\n|move|p2a: Greninja|Dark Pulse|p1a: Iron Treads\n|-damage|p1a: Iron Treads|36\/100\n|-damage|p2a: Greninja|91\/100|[from] item: Life Orb\n|\n|upkeep\n|turn|3\n|\n|t:|1700393619\n|-end|p1a: Iron Treads|Quark Drive|[silent]\n|switch|p1a: Ogerpon|Ogerpon-Wellspring, F|100\/100\n|move|p2a: Greninja|Water Shuriken|p1a: Ogerpon\n|-immune|p1a: Ogerpon|[from] ability: Water Absorb\n|\n|upkeep\n|turn|4\n|c|\u2606OffxcialTano|OGERPON IS GAY\n|\n|t:|1700393628\n|move|p2a: Greninja|Dark Pulse|p1a: Ogerpon\n|-damage|p1a: Ogerpon|43\/100\n|-damage|p2a: Greninja|81\/100|[from] item: Life Orb\n|move|p1a: Ogerpon|Horn Leech|p2a: Greninja\n|-supereffective|p2a: Greninja\n|-damage|p2a: Greninja|0 fnt\n|-heal|p1a: Ogerpon|82\/100|[from] drain|[of] p2a: Greninja\n|faint|p2a: Greninja\n|\n|upkeep\n|\n|t:|1700393641\n|switch|p2a: Enamorus|Enamorus, F|100\/100\n|-damage|p2a: Enamorus|76\/100|[from] Stealth Rock\n|turn|5\n|\n|t:|1700393645\n|move|p1a: Ogerpon|Ivy Cudgel|p2a: Enamorus|[anim] Ivy Cudgel Water\n|-damage|p2a: Enamorus|0 fnt\n|faint|p2a: Enamorus\n|\n|upkeep\n|c|\u2606OffxcialTano|https:\/\/www.youtube.com\/watch?v=yFE6qQ3ySXE\n|c|\u2606OffxcialTano|FUCCK YOU\n|-message|OffxcialTano forfeited.\n|\n|win|llooganium\n|raw|llooganium's rating: 1134 &rarr; <strong>1154<\/strong><br \/>(+20 for winning)\n|raw|OffxcialTano's rating: 1064 &rarr; <strong>1048<\/strong><br \/>(-16 for losing)\n|l|\u2606OffxcialTano\n","uploadtime":1700393655,"views":6,"p1id":"llooganium","p2id":"offxcialtano","formatid":"gen9ou","rating":1048,"private":0,"password":""}