{"id":"gen9ou-1997167456","p1":"elitaco6","p2":"Daycentfeek","format":"[Gen 9] OU","log":"|j|\u2606elitaco6\n|j|\u2606Daycentfeek\n|t:|1700771406\n|gametype|singles\n|player|p1|elitaco6|266|1133\n|player|p2|Daycentfeek|veteran|1037\n|teamsize|p1|6\n|teamsize|p2|6\n|gen|9\n|tier|[Gen 9] OU\n|rated|\n|rule|Sleep Clause Mod: Limit one foe put to sleep\n|rule|Species Clause: Limit one of each Pok\u00e9mon\n|rule|OHKO Clause: OHKO moves are banned\n|rule|Evasion Items Clause: Evasion items are banned\n|rule|Evasion Moves Clause: Evasion moves are banned\n|rule|Endless Battle Clause: Forcing endless battles is banned\n|rule|HP Percentage Mod: HP is shown in percentages\n|clearpoke\n|poke|p1|Perrserker, F|\n|poke|p1|Blissey, F|\n|poke|p1|Gholdengo|\n|poke|p1|Ogerpon-Wellspring, F|\n|poke|p1|Garganacl, F|\n|poke|p1|Cinderace, F|\n|poke|p2|Zapdos|\n|poke|p2|Pelipper, F|\n|poke|p2|Garchomp, F|\n|poke|p2|Floatzel, F|\n|poke|p2|Gholdengo|\n|poke|p2|Corviknight, F|\n|teampreview\n|inactive|Battle timer is ON: inactive players will automatically lose when time's up. (requested by Daycentfeek)\n|\n|t:|1700771412\n|start\n|switch|p1a: Gholdengo|Gholdengo|100\/100\n|switch|p2a: Pelipper|Pelipper, F|100\/100\n|-weather|RainDance|[from] ability: Drizzle|[of] p2a: Pelipper\n|turn|1\n|\n|t:|1700771422\n|switch|p2a: Garchomp|Garchomp, F|100\/100\n|move|p1a: Gholdengo|Make It Rain|p2a: Garchomp\n|-damage|p2a: Garchomp|0 fnt\n|-unboost|p1a: Gholdengo|spa|1\n|faint|p2a: Garchomp\n|\n|-weather|RainDance|[upkeep]\n|upkeep\n|\n|t:|1700771437\n|switch|p2a: Floatzel|Floatzel, F|100\/100\n|turn|2\n|\n|t:|1700771442\n|switch|p1a: Ogerpon|Ogerpon-Wellspring, F|100\/100\n|move|p2a: Floatzel|Wave Crash|p1a: Ogerpon\n|-immune|p1a: Ogerpon|[from] ability: Water Absorb\n|\n|-weather|RainDance|[upkeep]\n|upkeep\n|turn|3\n|\n|t:|1700771457\n|switch|p2a: Corviknight|Corviknight, F, shiny|100\/100\n|move|p1a: Ogerpon|Swords Dance|p1a: Ogerpon\n|-boost|p1a: Ogerpon|atk|2\n|\n|-weather|RainDance|[upkeep]\n|upkeep\n|turn|4\n|inactive|elitaco6 has 120 seconds left.\n|inactive|elitaco6 has 90 seconds left.\n|\n|t:|1700771528\n|-terastallize|p1a: Ogerpon|Water\n|detailschange|p1a: Ogerpon|Ogerpon-Wellspring-Tera, F, tera:Water\n|-ability|p1a: Ogerpon|Embody Aspect (Wellspring)|boost\n|-boost|p1a: Ogerpon|spd|1\n|move|p1a: Ogerpon|Ivy Cudgel|p2a: Corviknight|[anim] Ivy Cudgel Water\n|-damage|p2a: Corviknight|0 fnt\n|faint|p2a: Corviknight\n|\n|-weather|RainDance|[upkeep]\n|upkeep\n|\n|t:|1700771538\n|switch|p2a: Zapdos|Zapdos|100\/100\n|turn|5\n|inactive|elitaco6 has 90 seconds left.\n|\n|t:|1700771550\n|move|p1a: Ogerpon|Ivy Cudgel|p2a: Zapdos|[anim] Ivy Cudgel Water\n|-damage|p2a: Zapdos|0 fnt\n|faint|p2a: Zapdos\n|\n|-weather|none\n|upkeep\n|-message|Daycentfeek forfeited.\n|\n|win|elitaco6\n|raw|elitaco6's rating: 1133 &rarr; <strong>1151<\/strong><br \/>(+18 for winning)\n|raw|Daycentfeek's rating: 1037 &rarr; <strong>1026<\/strong><br \/>(-11 for losing)\n|l|\u2606Daycentfeek\n","uploadtime":1700771557,"views":4,"p1id":"elitaco6","p2id":"daycentfeek","formatid":"gen9ou","rating":1026,"private":0,"password":""}