{"id":"gen9ou-1988895029","p1":"6APA","p2":"gett guuud","format":"[Gen 9] OU","log":"|j|\u26066APA\n|j|\u2606gett guuud\n|t:|1699782961\n|gametype|singles\n|player|p1|6APA|hiker-gen4|1320\n|player|p2|gett guuud|cyclist|1348\n|teamsize|p1|6\n|teamsize|p2|6\n|gen|9\n|tier|[Gen 9] OU\n|rated|\n|rule|Sleep Clause Mod: Limit one foe put to sleep\n|rule|Species Clause: Limit one of each Pok\u00e9mon\n|rule|OHKO Clause: OHKO moves are banned\n|rule|Evasion Items Clause: Evasion items are banned\n|rule|Evasion Moves Clause: Evasion moves are banned\n|rule|Endless Battle Clause: Forcing endless battles is banned\n|rule|HP Percentage Mod: HP is shown in percentages\n|clearpoke\n|poke|p1|Iron Moth|\n|poke|p1|Cinderace, M|\n|poke|p1|Alomomola, F|\n|poke|p1|Zapdos|\n|poke|p1|Gholdengo|\n|poke|p1|Great Tusk|\n|poke|p2|Hatterene, F|\n|poke|p2|Ursaluna, M|\n|poke|p2|Zamazenta-*|\n|poke|p2|Breloom, F|\n|poke|p2|Slowking-Galar, M|\n|poke|p2|Corviknight, F|\n|teampreview\n|inactive|Battle timer is ON: inactive players will automatically lose when time's up. (requested by gett guuud)\n|\n|t:|1699782973\n|start\n|switch|p1a: Gholdengo|Gholdengo|100\/100\n|switch|p2a: Breloom|Breloom, F|100\/100\n|turn|1\n|\n|t:|1699782983\n|move|p1a: Gholdengo|Psychic|p2a: Breloom\n|-supereffective|p2a: Breloom\n|-enditem|p2a: Breloom|Focus Sash\n|-damage|p2a: Breloom|1\/100\n|move|p2a: Breloom|Bulldoze|p1a: Gholdengo\n|-supereffective|p1a: Gholdengo\n|-damage|p1a: Gholdengo|23\/100\n|-unboost|p1a: Gholdengo|spe|1\n|\n|upkeep\n|turn|2\n|\n|t:|1699782993\n|switch|p1a: Zapdos|Zapdos|100\/100\n|move|p2a: Breloom|Rock Tomb|p1a: Zapdos\n|-supereffective|p1a: Zapdos\n|-damage|p1a: Zapdos|11\/100\n|-unboost|p1a: Zapdos|spe|1\n|\n|upkeep\n|turn|3\n|\n|t:|1699783001\n|move|p2a: Breloom|Spore|p1a: Zapdos\n|-status|p1a: Zapdos|slp|[from] move: Spore\n|cant|p1a: Zapdos|slp\n|\n|upkeep\n|turn|4\n|c|\u2606gett guuud|kek\n|-message|6APA forfeited.\n|\n|win|gett guuud\n|raw|6APA's rating: 1320 &rarr; <strong>1302<\/strong><br \/>(-18 for losing)\n|raw|gett guuud's rating: 1348 &rarr; <strong>1366<\/strong><br \/>(+18 for winning)\n|l|\u26066APA\n","uploadtime":1699783014,"views":11,"p1id":"6apa","p2id":"gettguuud","formatid":"gen9ou","rating":1302,"private":0,"password":""}