{"id":"gen9ou-1999520017","p1":"bububibjb","p2":"puckachu_12","format":"[Gen 9] OU","log":"|j|\u2606bububibjb\n|j|\u2606puckachu_12\n|t:|1701091905\n|gametype|singles\n|player|p1|bububibjb|dawn-gen4pt|1025\n|player|p2|puckachu_12|169|1048\n|teamsize|p1|6\n|teamsize|p2|6\n|gen|9\n|tier|[Gen 9] OU\n|rated|\n|rule|Sleep Clause Mod: Limit one foe put to sleep\n|rule|Species Clause: Limit one of each Pok\u00e9mon\n|rule|OHKO Clause: OHKO moves are banned\n|rule|Evasion Items Clause: Evasion items are banned\n|rule|Evasion Moves Clause: Evasion moves are banned\n|rule|Endless Battle Clause: Forcing endless battles is banned\n|rule|HP Percentage Mod: HP is shown in percentages\n|clearpoke\n|poke|p1|Ninetales-Alola, M|\n|poke|p1|Landorus-Therian, M|\n|poke|p1|Ariados, F|\n|poke|p1|Iron Moth|\n|poke|p1|Haxorus, F|\n|poke|p1|Zarude|\n|poke|p2|Iron Hands|\n|poke|p2|Dragapult, M|\n|poke|p2|Corviknight, M|\n|poke|p2|Iron Moth|\n|poke|p2|Landorus-Therian, M|\n|poke|p2|Greninja-*, F|\n|teampreview\n|\n|t:|1701091914\n|start\n|switch|p1a: Ariados|Ariados, F|100\/100\n|switch|p2a: Greninja|Greninja, F, shiny|100\/100\n|turn|1\n|\n|t:|1701091931\n|switch|p2a: Iron Moth|Iron Moth|100\/100\n|-enditem|p2a: Iron Moth|Booster Energy\n|-activate|p2a: Iron Moth|ability: Quark Drive|[fromitem]\n|-start|p2a: Iron Moth|quarkdrivespa\n|move|p1a: Ariados|Toxic|p2a: Iron Moth\n|-immune|p2a: Iron Moth\n|\n|upkeep\n|turn|2\n|\n|t:|1701091943\n|move|p2a: Iron Moth|Heat Wave|p1a: Ariados|[miss]\n|-miss|p2a: Iron Moth|p1a: Ariados\n|move|p1a: Ariados|Sticky Web|p2a: Iron Moth\n|-sidestart|p2: puckachu_12|move: Sticky Web\n|\n|upkeep\n|turn|3\n|\n|t:|1701091953\n|move|p1a: Ariados|Protect|p1a: Ariados\n|-singleturn|p1a: Ariados|Protect\n|move|p2a: Iron Moth|Heat Wave|p1a: Ariados\n|-activate|p1a: Ariados|move: Protect\n|\n|upkeep\n|turn|4\n|\n|t:|1701091966\n|switch|p1a: Landorus|Landorus-Therian, M|100\/100\n|-ability|p1a: Landorus|Intimidate|boost\n|-unboost|p2a: Iron Moth|atk|1\n|move|p2a: Iron Moth|Heat Wave|p1a: Landorus\n|-damage|p1a: Landorus|7\/100\n|\n|upkeep\n|turn|5\n|\n|t:|1701091994\n|move|p1a: Landorus|Earthquake|p2a: Iron Moth\n|-supereffective|p2a: Iron Moth\n|-damage|p2a: Iron Moth|0 fnt\n|faint|p2a: Iron Moth\n|-end|p2a: Iron Moth|Quark Drive|[silent]\n|\n|upkeep\n|-message|puckachu_12 forfeited.\n|\n|win|bububibjb\n|raw|bububibjb's rating: 1025 &rarr; <strong>1064<\/strong><br \/>(+39 for winning)\n|raw|puckachu_12's rating: 1048 &rarr; <strong>1030<\/strong><br \/>(-18 for losing)\n|l|\u2606puckachu_12\n","uploadtime":1701092002,"views":4,"p1id":"bububibjb","p2id":"puckachu12","formatid":"gen9ou","rating":1030,"private":0,"password":""}