{"id":"gen9ou-1999974771","p1":"BugCatcherN8R1X","p2":"Dr. Crystal","format":"[Gen 9] OU","log":"|j|\u2606BugCatcherN8R1X\n|j|\u2606Dr. Crystal\n|t:|1701136525\n|gametype|singles\n|player|p1|BugCatcherN8R1X|bugcatcher-gen4dp|1058\n|player|p2|Dr. Crystal|2|1137\n|teamsize|p1|6\n|teamsize|p2|6\n|gen|9\n|tier|[Gen 9] OU\n|rated|\n|rule|Sleep Clause Mod: Limit one foe put to sleep\n|rule|Species Clause: Limit one of each Pok\u00e9mon\n|rule|OHKO Clause: OHKO moves are banned\n|rule|Evasion Items Clause: Evasion items are banned\n|rule|Evasion Moves Clause: Evasion moves are banned\n|rule|Endless Battle Clause: Forcing endless battles is banned\n|rule|HP Percentage Mod: HP is shown in percentages\n|clearpoke\n|poke|p1|Kleavor, M|\n|poke|p1|Lokix, M|\n|poke|p1|Yanmega, M|\n|poke|p1|Slither Wing|\n|poke|p1|Scizor, M|\n|poke|p1|Frosmoth, M|\n|poke|p2|Zangoose, M|\n|poke|p2|Samurott-Hisui, M|\n|poke|p2|Quaquaval, M|\n|poke|p2|Typhlosion-Hisui, M|\n|poke|p2|Glimmora, M|\n|poke|p2|Fezandipiti, M|\n|teampreview\n|inactive|Battle timer is ON: inactive players will automatically lose when time's up. (requested by Dr. Crystal)\n|inactive|BugCatcherN8R1X also wants the timer to be on.\n|\n|t:|1701136537\n|start\n|switch|p1a: Ares|Scizor, M|100\/100\n|switch|p2a: Samurott|Samurott-Hisui, M, shiny|100\/100\n|turn|1\n|c|\u2606Dr. Crystal|bugs huh? cool\n|\n|t:|1701136550\n|-terastallize|p1a: Ares|Water\n|move|p2a: Samurott|Ceaseless Edge|p1a: Ares\n|-damage|p1a: Ares|43\/100\n|-sidestart|p1: BugCatcherN8R1X|Spikes\n|-damage|p2a: Samurott|91\/100|[from] item: Life Orb\n|move|p1a: Ares|Trailblaze|p2a: Samurott\n|-supereffective|p2a: Samurott\n|-damage|p2a: Samurott|12\/100\n|-boost|p1a: Ares|spe|1\n|-heal|p1a: Ares|52\/100|[from] item: Shell Bell|[of] p2a: Samurott\n|\n|upkeep\n|turn|2\n|\n|t:|1701136569\n|move|p1a: Ares|Bullet Punch|p2a: Samurott\n|-resisted|p2a: Samurott\n|-damage|p2a: Samurott|0 fnt\n|faint|p2a: Samurott\n|-heal|p1a: Ares|54\/100|[from] item: Shell Bell|[of] p2: Samurott\n|\n|upkeep\n|inactive|Dr. Crystal has 120 seconds left.\n|c|\u2606BugCatcherN8R1X|Indeed, bugs are cool\n|\n|t:|1701136604\n|switch|p2a: Zangoose|Zangoose, M|100\/100\n|turn|3\n|inactive|Dr. Crystal has 120 seconds left.\n|\n|t:|1701136611\n|move|p2a: Zangoose|Close Combat|p1a: Ares\n|-damage|p1a: Ares|19\/100\n|-unboost|p2a: Zangoose|def|1\n|-unboost|p2a: Zangoose|spd|1\n|move|p1a: Ares|Trailblaze|p2a: Zangoose\n|-damage|p2a: Zangoose|18\/100\n|-boost|p1a: Ares|spe|1\n|-heal|p1a: Ares|27\/100|[from] item: Shell Bell|[of] p2a: Zangoose\n|\n|-status|p2a: Zangoose|tox|[from] item: Toxic Orb\n|upkeep\n|turn|4\n|\n|t:|1701136624\n|move|p1a: Ares|Bullet Punch|p2a: Zangoose\n|-damage|p2a: Zangoose|0 fnt\n|faint|p2a: Zangoose\n|-heal|p1a: Ares|29\/100|[from] item: Shell Bell|[of] p2: Zangoose\n|\n|upkeep\n|inactive|Dr. Crystal has 120 seconds left.\n|c|\u2606Dr. Crystal|all im going to say is I JUST took off quik attack so I could have more coverage\n|\n|t:|1701136649\n|switch|p2a: Typhlosion|Typhlosion-Hisui, M|100\/100\n|turn|5\n|\n|t:|1701136653\n|move|p2a: Typhlosion|Eruption|p1a: Ares\n|-resisted|p1a: Ares\n|-damage|p1a: Ares|0 fnt\n|faint|p1a: Ares\n|\n|upkeep\n|\n|t:|1701136668\n|switch|p1a: Apollo|Slither Wing|100\/100\n|-damage|p1a: Apollo|88\/100|[from] Spikes\n|turn|6\n|\n|t:|1701136672\n|-terastallize|p2a: Typhlosion|Fire\n|move|p2a: Typhlosion|Eruption|p1a: Apollo\n|-supereffective|p1a: Apollo\n|-damage|p1a: Apollo|0 fnt\n|faint|p1a: Apollo\n|-end|p1a: Apollo|Protosynthesis|[silent]\n|\n|upkeep\n|\n|t:|1701136686\n|switch|p1a: Nidhogg|Yanmega, M|100\/100\n|turn|7\n|c|\u2606Dr. Crystal|found a weakness though\n|\n|t:|1701136689\n|move|p1a: Nidhogg|Protect|p1a: Nidhogg\n|-singleturn|p1a: Nidhogg|Protect\n|move|p2a: Typhlosion|Eruption|p1a: Nidhogg\n|-activate|p1a: Nidhogg|move: Protect\n|\n|-ability|p1a: Nidhogg|Speed Boost|boost\n|-boost|p1a: Nidhogg|spe|1\n|upkeep\n|turn|8\n|\n|t:|1701136698\n|move|p2a: Typhlosion|Eruption|p1a: Nidhogg\n|-supereffective|p1a: Nidhogg\n|-damage|p1a: Nidhogg|0 fnt\n|faint|p1a: Nidhogg\n|\n|upkeep\n|\n|t:|1701136702\n|switch|p1a: Hachiman|Kleavor, M|100\/100\n|-damage|p1a: Hachiman|88\/100|[from] Spikes\n|turn|9\n|c|\u2606Dr. Crystal|scarf is too fast\n|\n|t:|1701136710\n|move|p2a: Typhlosion|Eruption|p1a: Hachiman\n|-damage|p1a: Hachiman|0 fnt\n|faint|p1a: Hachiman\n|\n|upkeep\n|\n|t:|1701136714\n|switch|p1a: Erebus|Lokix, M|100\/100\n|turn|10\n|\n|t:|1701136717\n|move|p1a: Erebus|Sucker Punch|p2a: Typhlosion\n|-damage|p2a: Typhlosion|59\/100\n|move|p2a: Typhlosion|Eruption|p1a: Erebus\n|-supereffective|p1a: Erebus\n|-damage|p1a: Erebus|0 fnt\n|faint|p1a: Erebus\n|\n|upkeep\n|\n|t:|1701136719\n|switch|p1a: Boreas|Frosmoth, M|100\/100\n|turn|11\n|c|\u2606BugCatcherN8R1X|Gg\n|c|\u2606Dr. Crystal|unlucky, yeah gg wp\n|c|\u2606BugCatcherN8R1X|i had no shot against scar eruption\n|c|\u2606BugCatcherN8R1X|*scarf\n|c|\u2606Dr. Crystal|yeah, might want to patch that up\n|inactive|Dr. Crystal has 120 seconds left.\n|c|\u2606BugCatcherN8R1X|nah, it goes like that sometimes\n|c|\u2606Dr. Crystal|I mean you have tera water\n|c|\u2606Dr. Crystal|you just lost it too early\n|\n|t:|1701136767\n|move|p2a: Typhlosion|Eruption|p1a: Boreas\n|-supereffective|p1a: Boreas\n|-damage|p1a: Boreas|0 fnt\n|faint|p1a: Boreas\n|\n|win|Dr. Crystal\n|raw|BugCatcherN8R1X's rating: 1058 &rarr; <strong>1043<\/strong><br \/>(-15 for losing)\n|raw|Dr. Crystal's rating: 1137 &rarr; <strong>1156<\/strong><br \/>(+19 for winning)\n|c|\u2606BugCatcherN8R1X|Fair.\n|c|\u2606BugCatcherN8R1X|later m8\n|c|\u2606Dr. Crystal|yep :)\n|c|\u2606Dr. Crystal|bye\n|c|\u2606Dr. Crystal|wp\n|c|\u2606BugCatcherN8R1X|Rhanks\n|c|\u2606BugCatcherN8R1X|*thanks\n|c|\u2606BugCatcherN8R1X|Same\n|c|\u2606Dr. Crystal|Once I got scizor low I smiled deviously \"I win\"\n|c|\u2606BugCatcherN8R1X|Wasn\u2019t sure if you were scarf so I went for i\n|c|\u2606Dr. Crystal|I get that\n|c|\u2606BugCatcherN8R1X|You only yolo once\n|c|\u2606Dr. Crystal|I love that \"you only you only live once once\"\n|c|\u2606Dr. Crystal|anyway have a good one\n|c|\u2606BugCatcherN8R1X|U2\n|c|\u2606Dr. Crystal|:)\n|l|\u2606Dr. Crystal\n","uploadtime":1701136921,"views":2,"p1id":"bugcatchern8r1x","p2id":"drcrystal","formatid":"gen9ou","rating":1043,"private":0,"password":""}