{"id":"gen9ou-1989338002","p1":"sssub_lemon","p2":"YVUPkfn0aaoeQCP6EI","format":"[Gen 9] OU","log":"|j|\u2606sssub_lemon\n|j|\u2606YVUPkfn0aaoeQCP6EI\n|t:|1699838017\n|gametype|singles\n|player|p1|sssub_lemon|fisherman-gen4|1051\n|player|p2|YVUPkfn0aaoeQCP6EI|265|1000\n|teamsize|p1|6\n|teamsize|p2|6\n|gen|9\n|tier|[Gen 9] OU\n|rated|\n|rule|Sleep Clause Mod: Limit one foe put to sleep\n|rule|Species Clause: Limit one of each Pok\u00e9mon\n|rule|OHKO Clause: OHKO moves are banned\n|rule|Evasion Items Clause: Evasion items are banned\n|rule|Evasion Moves Clause: Evasion moves are banned\n|rule|Endless Battle Clause: Forcing endless battles is banned\n|rule|HP Percentage Mod: HP is shown in percentages\n|clearpoke\n|poke|p1|Skeledirge, F|\n|poke|p1|Gyarados, M|\n|poke|p1|Shaymin|\n|poke|p1|Sylveon, F|\n|poke|p1|Revavroom, M|\n|poke|p1|Snorlax, M|\n|poke|p2|Manaphy|\n|poke|p2|Kingambit, F|\n|poke|p2|Ribombee, F|\n|poke|p2|Gholdengo|\n|poke|p2|Iron Moth|\n|poke|p2|Ogerpon-Wellspring, F|\n|teampreview\n|inactive|Battle timer is ON: inactive players will automatically lose when time's up. (requested by YVUPkfn0aaoeQCP6EI)\n|inactive|sssub_lemon also wants the timer to be on.\n|\n|t:|1699838021\n|start\n|switch|p1a: Revavroom|Revavroom, M, shiny|100\/100\n|switch|p2a: Ribombee|Ribombee, F, shiny|100\/100\n|-item|p1a: Revavroom|Air Balloon\n|turn|1\n|\n|t:|1699838026\n|move|p2a: Ribombee|Stun Spore|p1a: Revavroom\n|-status|p1a: Revavroom|par\n|move|p1a: Revavroom|Spin Out|p2a: Ribombee\n|-supereffective|p2a: Ribombee\n|-enditem|p2a: Ribombee|Focus Sash\n|-damage|p2a: Ribombee|1\/100\n|-unboost|p1a: Revavroom|spe|2\n|\n|upkeep\n|turn|2\n|\n|t:|1699838032\n|move|p2a: Ribombee|Sticky Web|p1a: Revavroom\n|-sidestart|p1: sssub_lemon|move: Sticky Web\n|move|p1a: Revavroom|Haze|p1a: Revavroom\n|-clearallboost\n|\n|upkeep\n|turn|3\n|\n|t:|1699838038\n|switch|p2a: Gholdengo|Gholdengo|100\/100\n|-item|p2a: Gholdengo|Air Balloon\n|move|p1a: Revavroom|Poison Jab|p2a: Gholdengo\n|-immune|p2a: Gholdengo\n|\n|upkeep\n|turn|4\n|l|\u2606sssub_lemon\n|inactive|sssub_lemon disconnected and has a minute to reconnect!\n|player|p1|\n|inactive|sssub_lemon has 30 seconds to reconnect!\n|inactive|sssub_lemon has 20 seconds to reconnect!\n|inactive|sssub_lemon has 15 seconds to reconnect!\n|inactive|sssub_lemon has 10 seconds to reconnect!\n|inactive|sssub_lemon has 5 seconds to reconnect!\n|-message|sssub_lemon lost due to inactivity.\n|\n|win|YVUPkfn0aaoeQCP6EI\n|raw|sssub_lemon's rating: 1051 &rarr; <strong>1031<\/strong><br \/>(-20 for losing)\n|raw|YVUPkfn0aaoeQCP6EI's rating: 1000 &rarr; <strong>1046<\/strong><br \/>(+46 for winning)\n","uploadtime":1699838106,"views":13,"p1id":"sssublemon","p2id":"yvupkfn0aaoeqcp6ei","formatid":"gen9ou","rating":1031,"private":0,"password":""}