{"id":"gen9ou-1996472883","p1":"lazuluxe","p2":"thunderdog_32","format":"[Gen 9] OU","log":"|j|\u2606lazuluxe\n|j|\u2606thunderdog_32\n|t:|1700685390\n|gametype|singles\n|player|p1|lazuluxe|cynthia-gen4|1267\n|player|p2|thunderdog_32|2|1310\n|teamsize|p1|6\n|teamsize|p2|6\n|gen|9\n|tier|[Gen 9] OU\n|rated|\n|rule|Sleep Clause Mod: Limit one foe put to sleep\n|rule|Species Clause: Limit one of each Pok\u00e9mon\n|rule|OHKO Clause: OHKO moves are banned\n|rule|Evasion Items Clause: Evasion items are banned\n|rule|Evasion Moves Clause: Evasion moves are banned\n|rule|Endless Battle Clause: Forcing endless battles is banned\n|rule|HP Percentage Mod: HP is shown in percentages\n|clearpoke\n|poke|p1|Garchomp, M|\n|poke|p1|Iron Valiant|\n|poke|p1|Zamazenta-*|\n|poke|p1|Iron Moth|\n|poke|p1|Ogerpon-Wellspring, F|\n|poke|p1|Kingambit, M|\n|poke|p2|Landorus-Therian, M|\n|poke|p2|Heatran, F|\n|poke|p2|Ogerpon-Wellspring, F|\n|poke|p2|Zapdos|\n|poke|p2|Dragapult, F|\n|poke|p2|Ribombee, F|\n|teampreview\n|inactive|Battle timer is ON: inactive players will automatically lose when time's up. (requested by thunderdog_32)\n|\n|t:|1700685413\n|start\n|switch|p1a: Iron Valiant|Iron Valiant|100\/100\n|switch|p2a: Ribombee|Ribombee, F|100\/100\n|-enditem|p1a: Iron Valiant|Booster Energy\n|-activate|p1a: Iron Valiant|ability: Quark Drive|[fromitem]\n|-start|p1a: Iron Valiant|quarkdrivespe\n|turn|1\n|\n|t:|1700685429\n|move|p1a: Iron Valiant|Hypnosis|p2a: Ribombee|[miss]\n|-miss|p1a: Iron Valiant|p2a: Ribombee\n|move|p2a: Ribombee|Sticky Web|p1a: Iron Valiant\n|-sidestart|p1: lazuluxe|move: Sticky Web\n|\n|upkeep\n|turn|2\n|\n|t:|1700685442\n|-end|p1a: Iron Valiant|Quark Drive|[silent]\n|switch|p1a: Iron Moth|Iron Moth|100\/100\n|-activate|p1a: Iron Moth|move: Sticky Web\n|-unboost|p1a: Iron Moth|spe|1\n|-enditem|p1a: Iron Moth|Booster Energy\n|-activate|p1a: Iron Moth|ability: Quark Drive|[fromitem]\n|-start|p1a: Iron Moth|quarkdrivespa\n|switch|p2a: Heatran|Heatran, F|100\/100\n|\n|upkeep\n|turn|3\n|\n|t:|1700685454\n|-end|p1a: Iron Moth|Quark Drive|[silent]\n|switch|p1a: Iron Valiant|Iron Valiant|100\/100\n|-activate|p1a: Iron Valiant|move: Sticky Web\n|-unboost|p1a: Iron Valiant|spe|1\n|move|p2a: Heatran|Magma Storm|p1a: Iron Valiant\n|-damage|p1a: Iron Valiant|30\/100\n|-activate|p1a: Iron Valiant|move: Magma Storm|[of] p2a: Heatran\n|\n|-damage|p1a: Iron Valiant|17\/100|[from] move: Magma Storm|[partiallytrapped]\n|upkeep\n|turn|4\n|-message|lazuluxe forfeited.\n|\n|win|thunderdog_32\n|raw|lazuluxe's rating: 1267 &rarr; <strong>1245<\/strong><br \/>(-22 for losing)\n|raw|thunderdog_32's rating: 1310 &rarr; <strong>1328<\/strong><br \/>(+18 for winning)\n|l|\u2606lazuluxe\n","uploadtime":1700685477,"views":2,"p1id":"lazuluxe","p2id":"thunderdog32","formatid":"gen9ou","rating":1245,"private":0,"password":""}