{"id":"gen9ou-1993182207","p1":"ultimategoogolplex","p2":"LegacyShowden","format":"[Gen 9] OU","log":"|j|\u2606ultimategoogolplex\n|j|\u2606LegacyShowden\n|t:|1700274864\n|gametype|singles\n|player|p1|ultimategoogolplex|170|1559\n|player|p2|LegacyShowden|rosa|1574\n|teamsize|p1|6\n|teamsize|p2|6\n|gen|9\n|tier|[Gen 9] OU\n|rated|\n|rule|Sleep Clause Mod: Limit one foe put to sleep\n|rule|Species Clause: Limit one of each Pok\u00e9mon\n|rule|OHKO Clause: OHKO moves are banned\n|rule|Evasion Items Clause: Evasion items are banned\n|rule|Evasion Moves Clause: Evasion moves are banned\n|rule|Endless Battle Clause: Forcing endless battles is banned\n|rule|HP Percentage Mod: HP is shown in percentages\n|clearpoke\n|poke|p1|Landorus-Therian, M|\n|poke|p1|Volcanion|\n|poke|p1|Iron Valiant|\n|poke|p1|Corviknight, M|\n|poke|p1|Slowking-Galar, F|\n|poke|p1|Weavile, M|\n|poke|p2|Landorus-Therian, M|\n|poke|p2|Samurott-Hisui, M|\n|poke|p2|Dragapult, M|\n|poke|p2|Iron Valiant|\n|poke|p2|Heatran, M|\n|poke|p2|Corviknight, M|\n|teampreview\n|inactive|Battle timer is ON: inactive players will automatically lose when time's up. (requested by LegacyShowden)\n|inactive|ultimategoogolplex also wants the timer to be on.\n|\n|t:|1700274886\n|start\n|switch|p1a: Weavile|Weavile, M|100\/100\n|switch|p2a: Landorus|Landorus-Therian, M|100\/100\n|-ability|p2a: Landorus|Intimidate|boost\n|-unboost|p1a: Weavile|atk|1\n|-ability|p1a: Weavile|Pressure\n|turn|1\n|\n|t:|1700274903\n|move|p2a: Landorus|U-turn|p1a: Weavile\n|-supereffective|p1a: Weavile\n|-damage|p1a: Weavile|12\/100\n|\n|t:|1700274908\n|switch|p2a: Corviknight|Corviknight, M, shiny|100\/100|[from] U-turn\n|-ability|p2a: Corviknight|Pressure\n|move|p1a: Weavile|Knock Off|p2a: Corviknight\n|-damage|p2a: Corviknight|69\/100\n|-damage|p1a: Weavile|0 fnt|[from] item: Rocky Helmet|[of] p2a: Corviknight\n|faint|p1a: Weavile\n|\n|upkeep\n|\n|t:|1700274918\n|switch|p1a: Volcanion|Volcanion|100\/100\n|turn|2\n|\n|t:|1700274926\n|switch|p2a: Heatran|Heatran, M, shiny|100\/100\n|move|p1a: Volcanion|Steam Eruption|p2a: Heatran\n|-supereffective|p2a: Heatran\n|-damage|p2a: Heatran|0 fnt\n|faint|p2a: Heatran\n|\n|upkeep\n|\n|t:|1700274930\n|switch|p2a: Dragapult|Dragapult, M, shiny|100\/100\n|turn|3\n|\n|t:|1700274947\n|switch|p1a: Corviknight|Corviknight, M|100\/100\n|-ability|p1a: Corviknight|Pressure\n|move|p2a: Dragapult|Shadow Ball|p1a: Corviknight\n|-crit|p1a: Corviknight\n|-damage|p1a: Corviknight|24\/100\n|\n|upkeep\n|turn|4\n|\n|t:|1700274954\n|move|p2a: Dragapult|Shadow Ball|p1a: Corviknight\n|-crit|p1a: Corviknight\n|-damage|p1a: Corviknight|0 fnt\n|faint|p1a: Corviknight\n|\n|upkeep\n|\n|t:|1700274956\n|switch|p1a: Iron Valiant|Iron Valiant|100\/100\n|turn|5\n|\n|t:|1700274968\n|move|p1a: Iron Valiant|Thunderbolt|p2a: Dragapult\n|-resisted|p2a: Dragapult\n|-damage|p2a: Dragapult|80\/100\n|-status|p2a: Dragapult|par\n|move|p2a: Dragapult|Shadow Ball|p1a: Iron Valiant\n|-damage|p1a: Iron Valiant|0 fnt\n|faint|p1a: Iron Valiant\n|-end|p1a: Iron Valiant|Quark Drive|[silent]\n|\n|upkeep\n|-message|ultimategoogolplex forfeited.\n|\n|win|LegacyShowden\n|raw|ultimategoogolplex's rating: 1559 &rarr; <strong>1540<\/strong><br \/>(-19 for losing)\n|raw|LegacyShowden's rating: 1574 &rarr; <strong>1593<\/strong><br \/>(+19 for winning)\n|l|\u2606ultimategoogolplex\n","uploadtime":1700274981,"views":13,"p1id":"ultimategoogolplex","p2id":"legacyshowden","formatid":"gen9ou","rating":1540,"private":0,"password":""}