{"id":"gen9ou-1992153016","p1":"Puffln Puncher","p2":"Aviated_Froakie","format":"[Gen 9] OU","log":"|j|\u2606Puffln Puncher\n|j|\u2606Aviated_Froakie\n|t:|1700159420\n|gametype|singles\n|player|p1|Puffln Puncher|veteranf|1062\n|player|p2|Aviated_Froakie|silver|1078\n|teamsize|p1|6\n|teamsize|p2|6\n|gen|9\n|tier|[Gen 9] OU\n|rated|\n|rule|Sleep Clause Mod: Limit one foe put to sleep\n|rule|Species Clause: Limit one of each Pok\u00e9mon\n|rule|OHKO Clause: OHKO moves are banned\n|rule|Evasion Items Clause: Evasion items are banned\n|rule|Evasion Moves Clause: Evasion moves are banned\n|rule|Endless Battle Clause: Forcing endless battles is banned\n|rule|HP Percentage Mod: HP is shown in percentages\n|clearpoke\n|poke|p1|Clawitzer, F|\n|poke|p1|Dragalge, F|\n|poke|p1|Chandelure, F|\n|poke|p1|Garchomp, F|\n|poke|p1|Lurantis, F|\n|poke|p1|Dragapult, F|\n|poke|p2|Samurott-Hisui, F|\n|poke|p2|Cinderace, F|\n|poke|p2|Ogerpon, F|\n|poke|p2|Arcanine-Hisui, M|\n|poke|p2|Quaquaval, M|\n|poke|p2|Tornadus-Therian, M|\n|teampreview\n|\n|t:|1700159425\n|start\n|switch|p1a: Peacock Pummeler|Garchomp, F|100\/100\n|switch|p2a: \ud83c\udf82|Quaquaval, M, shiny|100\/100\n|turn|1\n|\n|t:|1700159433\n|move|p1a: Peacock Pummeler|Stealth Rock|p2a: \ud83c\udf82\n|-sidestart|p2: Aviated_Froakie|move: Stealth Rock\n|move|p2a: \ud83c\udf82|Aqua Step|p1a: Peacock Pummeler\n|-damage|p1a: Peacock Pummeler|59\/100\n|-boost|p2a: \ud83c\udf82|spe|1\n|-damage|p2a: \ud83c\udf82|88\/100|[from] ability: Rough Skin|[of] p1a: Peacock Pummeler\n|-damage|p2a: \ud83c\udf82|72\/100|[from] item: Rocky Helmet|[of] p1a: Peacock Pummeler\n|\n|upkeep\n|turn|2\n|\n|t:|1700159443\n|move|p2a: \ud83c\udf82|Ice Spinner|p1a: Peacock Pummeler\n|-supereffective|p1a: Peacock Pummeler\n|-damage|p1a: Peacock Pummeler|0 fnt\n|-damage|p2a: \ud83c\udf82|60\/100|[from] ability: Rough Skin|[of] p1a: Peacock Pummeler\n|-damage|p2a: \ud83c\udf82|43\/100|[from] item: Rocky Helmet|[of] p1a: Peacock Pummeler\n|faint|p1a: Peacock Pummeler\n|-ability|p2a: \ud83c\udf82|Moxie|boost\n|-boost|p2a: \ud83c\udf82|atk|1\n|\n|upkeep\n|\n|t:|1700159452\n|switch|p1a: Penguin Penetrator|Dragalge, F|100\/100\n|turn|3\n|\n|t:|1700159458\n|move|p2a: \ud83c\udf82|Ice Spinner|p1a: Penguin Penetrator\n|-supereffective|p1a: Penguin Penetrator\n|-damage|p1a: Penguin Penetrator|0 fnt\n|faint|p1a: Penguin Penetrator\n|-ability|p2a: \ud83c\udf82|Moxie|boost\n|-boost|p2a: \ud83c\udf82|atk|1\n|\n|upkeep\n|\n|t:|1700159476\n|switch|p1a: Pelican Pounder|Lurantis, F|100\/100\n|turn|4\n|\n|t:|1700159480\n|-terastallize|p1a: Pelican Pounder|Grass\n|move|p2a: \ud83c\udf82|Ice Spinner|p1a: Pelican Pounder\n|-supereffective|p1a: Pelican Pounder\n|-damage|p1a: Pelican Pounder|0 fnt\n|faint|p1a: Pelican Pounder\n|-ability|p2a: \ud83c\udf82|Moxie|boost\n|-boost|p2a: \ud83c\udf82|atk|1\n|\n|upkeep\n|-message|Puffln Puncher forfeited.\n|\n|win|Aviated_Froakie\n|raw|Puffln Puncher's rating: 1062 &rarr; <strong>1044<\/strong><br \/>(-18 for losing)\n|raw|Aviated_Froakie's rating: 1078 &rarr; <strong>1105<\/strong><br \/>(+27 for winning)\n|l|\u2606Puffln Puncher\n","uploadtime":1700159493,"views":8,"p1id":"pufflnpuncher","p2id":"aviatedfroakie","formatid":"gen9ou","rating":1044,"private":0,"password":""}