{"id":"gen9ou-1994576516","p1":"UltraDre","p2":"SkyPrincess420","format":"[Gen 9] OU","log":"|j|\u2606UltraDre\n|j|\u2606SkyPrincess420\n|t:|1700462851\n|gametype|singles\n|player|p1|UltraDre|may-masters|1467\n|player|p2|SkyPrincess420|caitlin|1433\n|teamsize|p1|6\n|teamsize|p2|6\n|gen|9\n|tier|[Gen 9] OU\n|rated|\n|rule|Sleep Clause Mod: Limit one foe put to sleep\n|rule|Species Clause: Limit one of each Pok\u00e9mon\n|rule|OHKO Clause: OHKO moves are banned\n|rule|Evasion Items Clause: Evasion items are banned\n|rule|Evasion Moves Clause: Evasion moves are banned\n|rule|Endless Battle Clause: Forcing endless battles is banned\n|rule|HP Percentage Mod: HP is shown in percentages\n|clearpoke\n|poke|p1|Alomomola, F|\n|poke|p1|Manaphy|\n|poke|p1|Ninetales-Alola, M|\n|poke|p1|Cinderace, M|\n|poke|p1|Ogerpon-Cornerstone, F|\n|poke|p1|Slowking-Galar, M|\n|poke|p2|Pelipper, M|\n|poke|p2|Zapdos|\n|poke|p2|Basculegion, M|\n|poke|p2|Ludicolo, F|\n|poke|p2|Corviknight, F|\n|poke|p2|Iron Treads|\n|teampreview\n|inactive|Battle timer is ON: inactive players will automatically lose when time's up. (requested by UltraDre)\n|inactive|UltraDre has 120 seconds left.\n|\n|t:|1700462903\n|start\n|switch|p1a: o|Cinderace, M, shiny|100\/100\n|switch|p2a: Iron Treads|Iron Treads|100\/100\n|turn|1\n|\n|t:|1700462913\n|move|p1a: o|U-turn|p2a: Iron Treads\n|-start|p1a: o|typechange|Bug|[from] ability: Libero\n|-resisted|p2a: Iron Treads\n|-crit|p2a: Iron Treads\n|-damage|p2a: Iron Treads|80\/100\n|\n|t:|1700462916\n|switch|p1a: e|Alomomola, F, shiny|100\/100|[from] U-turn\n|move|p2a: Iron Treads|Volt Switch|p1a: e\n|-supereffective|p1a: e\n|-damage|p1a: e|76\/100\n|\n|t:|1700462922\n|-end|p2a: Iron Treads|Quark Drive|[silent]\n|switch|p2a: Thor|Zapdos|100\/100|[from] Volt Switch\n|\n|upkeep\n|turn|2\n|\n|t:|1700462928\n|switch|p1a: t|Slowking-Galar, M|100\/100\n|move|p2a: Thor|Volt Switch|p1a: t\n|-damage|p1a: t|84\/100\n|\n|t:|1700462952\n|switch|p2a: Nigel|Pelipper, M|100\/100|[from] Volt Switch\n|-weather|RainDance|[from] ability: Drizzle|[of] p2a: Nigel\n|\n|-weather|RainDance|[upkeep]\n|upkeep\n|turn|3\n|\n|t:|1700462958\n|switch|p1a: p|Ninetales-Alola, M, shiny|100\/100\n|-weather|Snow|[from] ability: Snow Warning|[of] p1a: p\n|move|p2a: Nigel|U-turn|p1a: p\n|-resisted|p1a: p\n|-damage|p1a: p|97\/100\n|\n|t:|1700462963\n|switch|p2a: Iron Treads|Iron Treads|80\/100|[from] U-turn\n|\n|-weather|Snow|[upkeep]\n|upkeep\n|turn|4\n|\n|t:|1700462979\n|-end|p2a: Iron Treads|Quark Drive|[silent]\n|switch|p2a: Nigel|Pelipper, M|100\/100\n|-weather|RainDance|[from] ability: Drizzle|[of] p2a: Nigel\n|move|p1a: p|Freeze-Dry|p2a: Nigel\n|-supereffective|p2a: Nigel\n|-damage|p2a: Nigel|0 fnt\n|faint|p2a: Nigel\n|\n|-weather|RainDance|[upkeep]\n|upkeep\n|-message|SkyPrincess420 forfeited.\n|\n|win|UltraDre\n|raw|UltraDre's rating: 1467 &rarr; <strong>1485<\/strong><br \/>(+18 for winning)\n|raw|SkyPrincess420's rating: 1433 &rarr; <strong>1415<\/strong><br \/>(-18 for losing)\n|l|\u2606SkyPrincess420\n|c|\u2606UltraDre|esport\n","uploadtime":1700462997,"views":21,"p1id":"ultradre","p2id":"skyprincess420","formatid":"gen9ou","rating":1415,"private":0,"password":""}