{"id":"gen9ou-1988466330","p1":"yyyyyyyyyy_uopop","p2":"Krishy2007","format":"[Gen 9] OU","log":"|j|\u2606yyyyyyyyyy_uopop\n|j|\u2606Krishy2007\n|t:|1699725947\n|gametype|singles\n|player|p1|yyyyyyyyyy_uopop|cynthia-gen4|1017\n|player|p2|Krishy2007|101|1017\n|teamsize|p1|1\n|teamsize|p2|6\n|gen|9\n|tier|[Gen 9] OU\n|rated|\n|rule|Sleep Clause Mod: Limit one foe put to sleep\n|rule|Species Clause: Limit one of each Pok\u00e9mon\n|rule|OHKO Clause: OHKO moves are banned\n|rule|Evasion Items Clause: Evasion items are banned\n|rule|Evasion Moves Clause: Evasion moves are banned\n|rule|Endless Battle Clause: Forcing endless battles is banned\n|rule|HP Percentage Mod: HP is shown in percentages\n|clearpoke\n|poke|p1|Seedot, F|\n|poke|p2|Iron Treads|\n|poke|p2|Pelipper, F|\n|poke|p2|Crawdaunt, F|\n|poke|p2|Basculegion-F, F|\n|poke|p2|Zapdos|\n|poke|p2|Ogerpon-Wellspring, F|\n|teampreview\n|\n|t:|1699725950\n|start\n|switch|p1a: free elo|Seedot, F|100\/100\n|switch|p2a: Iron Treads|Iron Treads, shiny|100\/100\n|-enditem|p2a: Iron Treads|Booster Energy\n|-activate|p2a: Iron Treads|ability: Quark Drive|[fromitem]\n|-start|p2a: Iron Treads|quarkdrivespe\n|turn|1\n|\n|t:|1699725955\n|move|p2a: Iron Treads|Steel Beam|p1a: free elo|[miss]\n|-miss|p2a: Iron Treads|p1a: free elo\n|-damage|p2a: Iron Treads|50\/100|[from] steelbeam\n|move|p1a: free elo|Explosion|p2a: Iron Treads\n|-resisted|p2a: Iron Treads\n|-damage|p2a: Iron Treads|36\/100\n|faint|p1a: free elo\n|\n|win|Krishy2007\n|raw|yyyyyyyyyy_uopop's rating: 1006 &rarr; <strong>1000<\/strong><br \/>(-6 for losing)\n|raw|Krishy2007's rating: 1017 &rarr; <strong>1053<\/strong><br \/>(+36 for winning)\n|l|\u2606yyyyyyyyyy_uopop\n","uploadtime":1699725963,"views":22,"p1id":"yyyyyyyyyyuopop","p2id":"krishy2007","formatid":"gen9ou","rating":1000,"private":0,"password":""}