{"id":"gen9ou-1990218619","p1":"scotchbrite3m","p2":"dr.nerdy","format":"[Gen 9] OU","log":"|j|\u2606scotchbrite3m\n|j|\u2606dr.nerdy\n|t:|1699939145\n|gametype|singles\n|player|p1|scotchbrite3m|silver|1383\n|player|p2|dr.nerdy|1|1320\n|teamsize|p1|6\n|teamsize|p2|6\n|gen|9\n|tier|[Gen 9] OU\n|rated|\n|rule|Sleep Clause Mod: Limit one foe put to sleep\n|rule|Species Clause: Limit one of each Pok\u00e9mon\n|rule|OHKO Clause: OHKO moves are banned\n|rule|Evasion Items Clause: Evasion items are banned\n|rule|Evasion Moves Clause: Evasion moves are banned\n|rule|Endless Battle Clause: Forcing endless battles is banned\n|rule|HP Percentage Mod: HP is shown in percentages\n|clearpoke\n|poke|p1|Ceruledge, F|\n|poke|p1|Cinderace, F|\n|poke|p1|Ninetales-Alola, F|\n|poke|p1|Manaphy|\n|poke|p1|Samurott-Hisui, M|\n|poke|p1|Zamazenta-*|\n|poke|p2|Manaphy|\n|poke|p2|Ninetales-Alola, M|\n|poke|p2|Azelf|\n|poke|p2|Amoonguss, F|\n|poke|p2|Tyranitar, M|\n|poke|p2|Iron Treads|\n|teampreview\n|inactive|Battle timer is ON: inactive players will automatically lose when time's up. (requested by scotchbrite3m)\n|\n|t:|1699939153\n|start\n|switch|p1a: number five|Samurott-Hisui, M|100\/100\n|switch|p2a: Azelf|Azelf, shiny|100\/100\n|turn|1\n|\n|t:|1699939170\n|-terastallize|p1a: number five|Ghost\n|move|p2a: Azelf|Explosion|p1a: number five\n|-immune|p1a: number five\n|faint|p2a: Azelf\n|move|p1a: number five|Ceaseless Edge|p2: Azelf|[notarget]\n|-fail|p1a: number five\n|\n|upkeep\n|-message|dr.nerdy forfeited.\n|\n|win|scotchbrite3m\n|raw|scotchbrite3m's rating: 1383 &rarr; <strong>1399<\/strong><br \/>(+16 for winning)\n|raw|dr.nerdy's rating: 1320 &rarr; <strong>1304<\/strong><br \/>(-16 for losing)\n|l|\u2606dr.nerdy\n","uploadtime":1699939182,"views":10,"p1id":"scotchbrite3m","p2id":"drnerdy","formatid":"gen9ou","rating":1304,"private":0,"password":""}