{"id":"gen9ou-1988289884","p1":"srepsihwowt","p2":"Bar2D2","format":"[Gen 9] OU","log":"|j|\u2606srepsihwowt\n|j|\u2606Bar2D2\n|t:|1699702573\n|gametype|singles\n|player|p1|srepsihwowt|sabrina|1000\n|player|p2|Bar2D2|caitlin|1000\n|teamsize|p1|6\n|teamsize|p2|3\n|gen|9\n|tier|[Gen 9] OU\n|rated|\n|rule|Sleep Clause Mod: Limit one foe put to sleep\n|rule|Species Clause: Limit one of each Pok\u00e9mon\n|rule|OHKO Clause: OHKO moves are banned\n|rule|Evasion Items Clause: Evasion items are banned\n|rule|Evasion Moves Clause: Evasion moves are banned\n|rule|Endless Battle Clause: Forcing endless battles is banned\n|rule|HP Percentage Mod: HP is shown in percentages\n|clearpoke\n|poke|p1|Torkoal, M|\n|poke|p1|Meowscarada, M|\n|poke|p1|Mimikyu, M|\n|poke|p1|Cloyster, F|\n|poke|p1|Drednaw, F|\n|poke|p1|Espeon, M|\n|poke|p2|Slowking-Galar, M|\n|poke|p2|Corviknight, F|\n|poke|p2|Samurott-Hisui, F|\n|teampreview\n|\n|t:|1699702579\n|start\n|switch|p1a: Torkoal|Torkoal, M|100\/100\n|switch|p2a: Slowking|Slowking-Galar, M|100\/100\n|turn|1\n|\n|t:|1699702585\n|move|p2a: Slowking|Sludge Bomb|p1a: Torkoal\n|-damage|p1a: Torkoal|62\/100\n|move|p1a: Torkoal|Shell Smash|p1a: Torkoal\n|-unboost|p1a: Torkoal|def|1\n|-unboost|p1a: Torkoal|spd|1\n|-boost|p1a: Torkoal|atk|2\n|-boost|p1a: Torkoal|spa|2\n|-boost|p1a: Torkoal|spe|2\n|-enditem|p1a: Torkoal|Eject Pack\n|\n|t:|1699702589\n|switch|p1a: Espeon|Espeon, M|100\/100\n|\n|upkeep\n|turn|2\n|\n|t:|1699702596\n|move|p1a: Espeon|Copycat|p1a: Espeon\n|move|p1a: Espeon|Shell Smash|p1a: Espeon|[from]move: Copycat\n|-unboost|p1a: Espeon|def|1\n|-unboost|p1a: Espeon|spd|1\n|-boost|p1a: Espeon|atk|2\n|-boost|p1a: Espeon|spa|2\n|-boost|p1a: Espeon|spe|2\n|move|p2a: Slowking|Sludge Bomb|p1a: Espeon\n|-damage|p1a: Espeon|6\/100\n|-status|p1a: Espeon|psn\n|\n|-damage|p1a: Espeon|0 fnt|[from] psn\n|faint|p1a: Espeon\n|upkeep\n|c|\u2606srepsihwowt|UwU\n|\n|t:|1699702604\n|switch|p1a: Cloyster|Cloyster, F|100\/100\n|turn|3\n|c|\u2606Bar2D2|lmao\n|\n|t:|1699702611\n|move|p1a: Cloyster|Shell Smash|p1a: Cloyster\n|-unboost|p1a: Cloyster|def|1\n|-unboost|p1a: Cloyster|spd|1\n|-boost|p1a: Cloyster|atk|2\n|-boost|p1a: Cloyster|spa|2\n|-boost|p1a: Cloyster|spe|2\n|-enditem|p1a: Cloyster|Eject Pack\n|\n|t:|1699702617\n|switch|p1a: Torkoal|Torkoal, M|62\/100\n|move|p2a: Slowking|Sludge Bomb|p1a: Torkoal\n|-damage|p1a: Torkoal|20\/100\n|-status|p1a: Torkoal|psn\n|\n|-damage|p1a: Torkoal|7\/100 psn|[from] psn\n|upkeep\n|turn|4\n|\n|t:|1699702626\n|move|p2a: Slowking|Sludge Bomb|p1a: Torkoal\n|-damage|p1a: Torkoal|0 fnt\n|faint|p1a: Torkoal\n|\n|upkeep\n|\n|t:|1699702633\n|switch|p1a: Meowscarada|Meowscarada, M|100\/100\n|turn|5\n|\n|t:|1699702636\n|switch|p2a: Corviknight|Corviknight, F|100\/100\n|-ability|p2a: Corviknight|Pressure\n|move|p1a: Meowscarada|Dark Pulse|p2a: Corviknight\n|-damage|p2a: Corviknight|73\/100\n|\n|upkeep\n|turn|6\n|c|\u2606Bar2D2|its an interesting idea\n|\n|t:|1699702646\n|switch|p1a: Cloyster|Cloyster, F|100\/100\n|move|p2a: Corviknight|Body Press|p1a: Cloyster\n|-supereffective|p1a: Cloyster\n|-damage|p1a: Cloyster|64\/100\n|\n|upkeep\n|turn|7\n|c|\u2606srepsihwowt|It's actually quite bad :c\n|\n|t:|1699702654\n|switch|p2a: Slowking|Slowking-Galar, M|100\/100\n|move|p1a: Cloyster|Shell Smash|p1a: Cloyster\n|-unboost|p1a: Cloyster|def|1\n|-unboost|p1a: Cloyster|spd|1\n|-boost|p1a: Cloyster|atk|2\n|-boost|p1a: Cloyster|spa|2\n|-boost|p1a: Cloyster|spe|2\n|\n|upkeep\n|turn|8\n|c|\u2606Bar2D2|it can work\n|\n|t:|1699702663\n|move|p1a: Cloyster|Drill Run|p2a: Slowking\n|-supereffective|p2a: Slowking\n|-damage|p2a: Slowking|23\/100\n|move|p2a: Slowking|Sludge Bomb|p1a: Cloyster\n|-damage|p1a: Cloyster|0 fnt\n|faint|p1a: Cloyster\n|\n|upkeep\n|c|\u2606srepsihwowt|I've been trying to make it work for days now\n|c|\u2606Bar2D2|it is a gimmick\n|c|\u2606srepsihwowt|It gets countered by so many teams, or moves\n|\n|t:|1699702696\n|switch|p1a: Meowscarada|Meowscarada, M|100\/100\n|turn|9\n|c|\u2606Bar2D2|yh i can see that\n|\n|t:|1699702709\n|switch|p1a: Drednaw|Drednaw, F|100\/100\n|move|p2a: Slowking|Sludge Bomb|p1a: Drednaw\n|-resisted|p1a: Drednaw\n|-damage|p1a: Drednaw|77\/100\n|\n|upkeep\n|turn|10\n|c|\u2606Bar2D2|i think only having one with shell smask would be better\n|\n|t:|1699702725\n|move|p1a: Drednaw|Crunch|p2a: Slowking\n|-supereffective|p2a: Slowking\n|-damage|p2a: Slowking|0 fnt\n|faint|p2a: Slowking\n|\n|upkeep\n|\n|t:|1699702729\n|switch|p2a: Samurott|Samurott-Hisui, F|100\/100\n|turn|11\n|c|\u2606srepsihwowt|nope, I need eject pack\n|\n|t:|1699702738\n|move|p2a: Samurott|Sacred Sword|p1a: Drednaw\n|-supereffective|p1a: Drednaw\n|-crit|p1a: Drednaw\n|-damage|p1a: Drednaw|0 fnt\n|faint|p1a: Drednaw\n|\n|upkeep\n|c|\u2606Bar2D2|yh\n|c|\u2606srepsihwowt|oof, that crit\n|c|\u2606srepsihwowt|it's gg\n|c|\u2606Bar2D2|but u have like 3 shell smash\n|c|\u2606srepsihwowt|yeah, and 3 copycat\n|c|\u2606Bar2D2|only have one mon that uses shell smash\n|-message|srepsihwowt forfeited.\n|\n|win|Bar2D2\n|raw|srepsihwowt's rating: 1000 &rarr; <strong>1000<\/strong><br \/>(+0 for losing)\n|raw|Bar2D2's rating: 1000 &rarr; <strong>1040<\/strong><br \/>(+40 for winning)\n|c|\u2606Bar2D2|and one that copyats\n|c|\u2606srepsihwowt|no no\n|c|\u2606Bar2D2|build around it\n|c|\u2606srepsihwowt|no no, I need to eject pack:\n|c|\u2606srepsihwowt|If I don't, you will move during my switch\n|c|\u2606Bar2D2|no do that\n|c|\u2606srepsihwowt|then copycat will copy YOUR move\n|c|\u2606Bar2D2|but only with 2 pokemon\n|c|\u2606Bar2D2|not with the entire team\n|c|\u2606srepsihwowt|hm\n|c|\u2606Bar2D2|the rest of it should cover ur weaknesses\n|c|\u2606srepsihwowt|ok, so 1 shell smash and 1 copycat\n|c|\u2606Bar2D2|yh\n|c|\u2606srepsihwowt|I see :')\n|c|\u2606srepsihwowt|gg\n|c|\u2606Bar2D2|gg\n|c|\u2606srepsihwowt|wait\n|c|\u2606srepsihwowt|you're a smurf right?\n|c|\u2606Bar2D2|no\n|c|\u2606Bar2D2|im testing ev spreads\n|c|\u2606srepsihwowt|hm\n|c|\u2606srepsihwowt|why do you only have 3 mons then?\n|c|\u2606Bar2D2|to test out the spreads\n|c|\u2606Bar2D2|i want to make a team\n|c|\u2606Bar2D2|and this is my core\n|c|\u2606Bar2D2|imma build around it\n|c|\u2606srepsihwowt|ok, I see\n|c|\u2606srepsihwowt|wait\n|c|\u2606srepsihwowt|there is a good french website, on which you can find a lot of tips\/Teams\n|c|\u2606srepsihwowt|made by high ladder player\n|c|\u2606srepsihwowt|s\n|c|\u2606srepsihwowt|coupcritique.fr\n|c|\u2606Bar2D2|i wanna make the team my self\n|c|\u2606Bar2D2|but i will look for tips\n|c|\u2606Bar2D2|thx\n|c|\u2606srepsihwowt|:p\n|c|\u2606srepsihwowt|my real account is twowhispers btw\n|c|\u2606srepsihwowt|this account is the opposite of my name x)\n|c|\u2606Bar2D2|lmao\n|c|\u2606srepsihwowt|I'm like 1750, if you want to play against my real account, we can\n|c|\u2606Bar2D2|sure\n|c|\u2606Bar2D2|although i only have one team\n|c|\u2606srepsihwowt|you can build plenty x)\n|c|\u2606srepsihwowt|I can share you a team with your core, wait\n|n| twowhispers|srepsihwowt\n|l| twowhispers\n","uploadtime":1699705538,"views":17,"p1id":"srepsihwowt","p2id":"bar2d2","formatid":"gen9ou","rating":1000,"private":0,"password":""}