{"id":"gen9ou-1989135675","p1":"vraztap","p2":"alfonsogutie","format":"[Gen 9] OU","log":"|j|\u2606vraztap\n|j|\u2606alfonsogutie\n|t:|1699816050\n|gametype|singles\n|player|p1|vraztap|pokemonranger|1065\n|player|p2|alfonsogutie|101|1056\n|teamsize|p1|1\n|teamsize|p2|6\n|gen|9\n|tier|[Gen 9] OU\n|rated|\n|rule|Sleep Clause Mod: Limit one foe put to sleep\n|rule|Species Clause: Limit one of each Pok\u00e9mon\n|rule|OHKO Clause: OHKO moves are banned\n|rule|Evasion Items Clause: Evasion items are banned\n|rule|Evasion Moves Clause: Evasion moves are banned\n|rule|Endless Battle Clause: Forcing endless battles is banned\n|rule|HP Percentage Mod: HP is shown in percentages\n|clearpoke\n|poke|p1|Vivillon-Fancy, F|\n|poke|p2|Iron Moth|\n|poke|p2|Kingambit, M|\n|poke|p2|Great Tusk|\n|poke|p2|Ribombee, F|\n|poke|p2|Dragonite, F|\n|poke|p2|Ogerpon-Wellspring, F|\n|teampreview\n|\n|t:|1699816059\n|start\n|switch|p1a: Vivillon|Vivillon-Fancy, F|100\/100\n|switch|p2a: Iron Moth|Iron Moth|100\/100\n|-enditem|p2a: Iron Moth|Booster Energy\n|-activate|p2a: Iron Moth|ability: Quark Drive|[fromitem]\n|-start|p2a: Iron Moth|quarkdrivespe\n|turn|1\n|\n|t:|1699816068\n|-terastallize|p2a: Iron Moth|Fire\n|move|p2a: Iron Moth|Fiery Dance|p1a: Vivillon\n|-supereffective|p1a: Vivillon\n|-damage|p1a: Vivillon|0 fnt\n|-boost|p2a: Iron Moth|spa|1\n|faint|p1a: Vivillon\n|\n|win|alfonsogutie\n|raw|vraztap's rating: 1065 &rarr; <strong>1045<\/strong><br \/>(-20 for losing)\n|raw|alfonsogutie's rating: 1056 &rarr; <strong>1088<\/strong><br \/>(+32 for winning)\n|l|\u2606vraztap\n","uploadtime":1699816081,"views":10,"p1id":"vraztap","p2id":"alfonsogutie","formatid":"gen9ou","rating":1045,"private":0,"password":""}