{"id":"gen9ou-1988544643","p1":"Someperson856","p2":"FIRE LORD AESON!","format":"[Gen 9] OU","log":"|j|\u2606Someperson856\n|j|\u2606FIRE LORD AESON!\n|t:|1699734412\n|gametype|singles\n|player|p1|Someperson856|wallace|1446\n|player|p2|FIRE LORD AESON!|red-gen1|1506\n|teamsize|p1|6\n|teamsize|p2|6\n|gen|9\n|tier|[Gen 9] OU\n|rated|\n|rule|Sleep Clause Mod: Limit one foe put to sleep\n|rule|Species Clause: Limit one of each Pok\u00e9mon\n|rule|OHKO Clause: OHKO moves are banned\n|rule|Evasion Items Clause: Evasion items are banned\n|rule|Evasion Moves Clause: Evasion moves are banned\n|rule|Endless Battle Clause: Forcing endless battles is banned\n|rule|HP Percentage Mod: HP is shown in percentages\n|clearpoke\n|poke|p1|Cinderace, M|\n|poke|p1|Sneasler, F|\n|poke|p1|Rillaboom, F|\n|poke|p1|Zapdos|\n|poke|p1|Kingambit, F|\n|poke|p1|Samurott-Hisui, M|\n|poke|p2|Ceruledge, F|\n|poke|p2|Torkoal, M|\n|poke|p2|Heatran, M|\n|poke|p2|Cinderace, F|\n|poke|p2|Volcanion|\n|poke|p2|Armarouge, M|\n|teampreview\n|\n|t:|1699734434\n|start\n|switch|p1a: Samurott|Samurott-Hisui, M|100\/100\n|switch|p2a: PLAYBOY|Cinderace, F|100\/100\n|turn|1\n|\n|t:|1699734438\n|move|p2a: PLAYBOY|High Jump Kick|p1a: Samurott\n|-start|p2a: PLAYBOY|typechange|Fighting|[from] ability: Libero\n|-supereffective|p1a: Samurott\n|-damage|p1a: Samurott|0 fnt\n|faint|p1a: Samurott\n|-damage|p2a: PLAYBOY|91\/100|[from] item: Life Orb\n|\n|upkeep\n|\n|t:|1699734445\n|switch|p1a: Rillaboom|Rillaboom, F|100\/100\n|-fieldstart|move: Grassy Terrain|[from] ability: Grassy Surge|[of] p1a: Rillaboom\n|turn|2\n|\n|t:|1699734459\n|move|p2a: PLAYBOY|Pyro Ball|p1a: Rillaboom\n|-supereffective|p1a: Rillaboom\n|-damage|p1a: Rillaboom|0 fnt\n|faint|p1a: Rillaboom\n|-damage|p2a: PLAYBOY|81\/100|[from] item: Life Orb\n|\n|-heal|p2a: PLAYBOY|87\/100|[from] Grassy Terrain\n|upkeep\n|-message|Someperson856 forfeited.\n|\n|win|FIRE LORD AESON!\n|raw|Someperson856's rating: 1446 &rarr; <strong>1429<\/strong><br \/>(-17 for losing)\n|raw|FIRE LORD AESON!'s rating: 1506 &rarr; <strong>1523<\/strong><br \/>(+17 for winning)\n|l|\u2606Someperson856\n","uploadtime":1699734477,"views":15,"p1id":"someperson856","p2id":"firelordaeson","formatid":"gen9ou","rating":1429,"private":0,"password":""}