{"id":"gen9ou-1997892503","p1":"sstimmylee","p2":"Oshwottking","format":"[Gen 9] OU","log":"|j|\u2606sstimmylee\n|j|\u2606Oshwottking\n|t:|1700864414\n|gametype|singles\n|player|p1|sstimmylee|266|1112\n|player|p2|Oshwottking|silver|1173\n|teamsize|p1|6\n|teamsize|p2|6\n|gen|9\n|tier|[Gen 9] OU\n|rated|\n|rule|Sleep Clause Mod: Limit one foe put to sleep\n|rule|Species Clause: Limit one of each Pok\u00e9mon\n|rule|OHKO Clause: OHKO moves are banned\n|rule|Evasion Items Clause: Evasion items are banned\n|rule|Evasion Moves Clause: Evasion moves are banned\n|rule|Endless Battle Clause: Forcing endless battles is banned\n|rule|HP Percentage Mod: HP is shown in percentages\n|clearpoke\n|poke|p1|Ribombee, M|\n|poke|p1|Munkidori, M|\n|poke|p1|Great Tusk|\n|poke|p1|Ogerpon-Wellspring, F|\n|poke|p1|Zapdos|\n|poke|p1|Zamazenta-*|\n|poke|p2|Munkidori, M|\n|poke|p2|Garganacl, F|\n|poke|p2|Corviknight, M|\n|poke|p2|Samurott-Hisui, M|\n|poke|p2|Garchomp, F|\n|poke|p2|Cinderace, M|\n|teampreview\n|inactive|Battle timer is ON: inactive players will automatically lose when time's up. (requested by Oshwottking)\n|\n|t:|1700864437\n|start\n|switch|p1a: Zamazenta|Zamazenta|100\/100\n|switch|p2a: Munkidori|Munkidori, M|100\/100\n|-ability|p1a: Zamazenta|Dauntless Shield|boost\n|-boost|p1a: Zamazenta|def|1\n|turn|1\n|\n|t:|1700864449\n|move|p2a: Munkidori|Psychic|p1a: Zamazenta\n|-supereffective|p1a: Zamazenta\n|-damage|p1a: Zamazenta|25\/100\n|move|p1a: Zamazenta|Iron Defense|p1a: Zamazenta\n|-boost|p1a: Zamazenta|def|2\n|\n|-heal|p1a: Zamazenta|31\/100|[from] item: Leftovers\n|upkeep\n|turn|2\n|\n|t:|1700864458\n|switch|p1a: Ribombee|Ribombee, M|100\/100\n|move|p2a: Munkidori|Psychic|p1a: Ribombee\n|-damage|p1a: Ribombee|24\/100\n|\n|upkeep\n|turn|3\n|\n|t:|1700864464\n|move|p2a: Munkidori|Psychic|p1a: Ribombee\n|-damage|p1a: Ribombee|0 fnt\n|faint|p1a: Ribombee\n|\n|upkeep\n|-message|sstimmylee forfeited.\n|\n|win|Oshwottking\n|raw|sstimmylee's rating: 1112 &rarr; <strong>1091<\/strong><br \/>(-21 for losing)\n|raw|Oshwottking's rating: 1173 &rarr; <strong>1194<\/strong><br \/>(+21 for winning)\n|l|\u2606sstimmylee\n","uploadtime":1700864470,"views":3,"p1id":"sstimmylee","p2id":"oshwottking","formatid":"gen9ou","rating":1091,"private":0,"password":""}