{"id":"gen9ou-1991935624","p1":"wyverbal","p2":"Dc12345","format":"[Gen 9] OU","log":"|j|\u2606wyverbal\n|j|\u2606Dc12345\n|t:|1700140101\n|gametype|singles\n|player|p1|wyverbal|101|1047\n|player|p2|Dc12345|cynthia-gen4|1029\n|teamsize|p1|6\n|teamsize|p2|6\n|gen|9\n|tier|[Gen 9] OU\n|rated|\n|rule|Sleep Clause Mod: Limit one foe put to sleep\n|rule|Species Clause: Limit one of each Pok\u00e9mon\n|rule|OHKO Clause: OHKO moves are banned\n|rule|Evasion Items Clause: Evasion items are banned\n|rule|Evasion Moves Clause: Evasion moves are banned\n|rule|Endless Battle Clause: Forcing endless battles is banned\n|rule|HP Percentage Mod: HP is shown in percentages\n|clearpoke\n|poke|p1|Dipplin, F|\n|poke|p1|Enamorus-Therian, F|\n|poke|p1|Swalot, M|\n|poke|p1|Okidogi, M|\n|poke|p1|Flareon, F|\n|poke|p1|Manaphy|\n|poke|p2|Ogerpon-Wellspring, F|\n|poke|p2|Ting-Lu|\n|poke|p2|Chesnaught, M|\n|poke|p2|Toxapex, F|\n|poke|p2|Kommo-o, M|\n|poke|p2|Sneasler, M|\n|teampreview\n|inactive|Battle timer is ON: inactive players will automatically lose when time's up. (requested by wyverbal)\n|\n|t:|1700140113\n|start\n|switch|p1a: Enamorus|Enamorus-Therian, F, shiny|100\/100\n|switch|p2a: Kommo-o|Kommo-o, M|100\/100\n|turn|1\n|\n|t:|1700140136\n|switch|p2a: Ting-Lu|Ting-Lu|100\/100\n|-ability|p2a: Ting-Lu|Vessel of Ruin\n|move|p1a: Enamorus|Agility|p1a: Enamorus\n|-boost|p1a: Enamorus|spe|2\n|\n|upkeep\n|turn|2\n|\n|t:|1700140145\n|move|p1a: Enamorus|Moonblast|p2a: Ting-Lu\n|-supereffective|p2a: Ting-Lu\n|-damage|p2a: Ting-Lu|36\/100\n|move|p2a: Ting-Lu|Spikes|p1a: Enamorus\n|-sidestart|p1: wyverbal|Spikes\n|\n|-heal|p2a: Ting-Lu|42\/100|[from] item: Leftovers\n|upkeep\n|turn|3\n|\n|t:|1700140166\n|switch|p2a: Kommo-o|Kommo-o, M|100\/100\n|move|p1a: Enamorus|Moonblast|p2a: Kommo-o\n|-supereffective|p2a: Kommo-o\n|-damage|p2a: Kommo-o|0 fnt\n|faint|p2a: Kommo-o\n|\n|upkeep\n|inactive|Dc12345 has 120 seconds left.\n|-message|Dc12345 forfeited.\n|\n|win|wyverbal\n|raw|wyverbal's rating: 1047 &rarr; <strong>1078<\/strong><br \/>(+31 for winning)\n|raw|Dc12345's rating: 1029 &rarr; <strong>1015<\/strong><br \/>(-14 for losing)\n|l|\u2606Dc12345\n","uploadtime":1700140183,"views":11,"p1id":"wyverbal","p2id":"dc12345","formatid":"gen9ou","rating":1015,"private":0,"password":""}