{"id":"gen9ou-1992120594","p1":"groovythunder","p2":"Mbetta1","format":"[Gen 9] OU","log":"|j|\u2606groovythunder\n|j|\u2606Mbetta1\n|t:|1700156767\n|gametype|singles\n|player|p1|groovythunder|2|1334\n|player|p2|Mbetta1|pokemonranger-gen4|1363\n|teamsize|p1|6\n|teamsize|p2|6\n|gen|9\n|tier|[Gen 9] OU\n|rated|\n|rule|Sleep Clause Mod: Limit one foe put to sleep\n|rule|Species Clause: Limit one of each Pok\u00e9mon\n|rule|OHKO Clause: OHKO moves are banned\n|rule|Evasion Items Clause: Evasion items are banned\n|rule|Evasion Moves Clause: Evasion moves are banned\n|rule|Endless Battle Clause: Forcing endless battles is banned\n|rule|HP Percentage Mod: HP is shown in percentages\n|clearpoke\n|poke|p1|Great Tusk|\n|poke|p1|Corviknight, M|\n|poke|p1|Arcanine-Hisui, M|\n|poke|p1|Dragapult, M|\n|poke|p1|Ogerpon-Wellspring, F|\n|poke|p1|Hatterene, F|\n|poke|p2|Skeledirge, M|\n|poke|p2|Walking Wake|\n|poke|p2|Dragonite, M|\n|poke|p2|Toxtricity, M|\n|poke|p2|Kingambit, F|\n|poke|p2|Torkoal, F|\n|teampreview\n|inactive|Battle timer is ON: inactive players will automatically lose when time's up. (requested by Mbetta1)\n|inactive|groovythunder has 120 seconds left.\n|inactive|Mbetta1 has 120 seconds left.\n|l|\u2606Mbetta1\n|inactive|Mbetta1 disconnected and has a minute to reconnect!\n|player|p2|\n|j|\u2606Mbetta1\n|inactive|Mbetta1 reconnected and has 100 seconds left.\n|player|p2|Mbetta1|pokemonranger-gen4\n|inactive|Mbetta1 has 90 seconds left.\n|inactive|Mbetta1 has 60 seconds left.\n|inactive|Mbetta1 has 30 seconds left.\n|inactive|Mbetta1 has 20 seconds left.\n|inactive|Mbetta1 has 15 seconds left.\n|inactive|Mbetta1 has 10 seconds left.\n|inactive|Mbetta1 has 5 seconds left.\n|\n|t:|1700156914\n|start\n|switch|p1a: Hatterene|Hatterene, F|100\/100\n|switch|p2a: Walking Wake|Walking Wake|100\/100\n|turn|1\n|\n|t:|1700156924\n|-end|p2a: Walking Wake|Protosynthesis|[silent]\n|switch|p2a: Skeledirge|Skeledirge, M|100\/100\n|move|p1a: Hatterene|Nuzzle|p2a: Skeledirge\n|-damage|p2a: Skeledirge|97\/100\n|-status|p2a: Skeledirge|par\n|\n|-heal|p2a: Skeledirge|100\/100 par|[from] item: Leftovers\n|upkeep\n|turn|2\n|\n|t:|1700156937\n|switch|p1a: Ogerpon|Ogerpon-Wellspring, F|100\/100\n|cant|p2a: Skeledirge|par\n|\n|upkeep\n|turn|3\n|inactive|Mbetta1 has 90 seconds left.\n|\n|t:|1700156953\n|move|p1a: Ogerpon|Substitute|p1a: Ogerpon\n|-start|p1a: Ogerpon|Substitute\n|-damage|p1a: Ogerpon|76\/100\n|cant|p2a: Skeledirge|par\n|\n|upkeep\n|turn|4\n|\n|t:|1700156961\n|move|p1a: Ogerpon|Swords Dance|p1a: Ogerpon\n|-boost|p1a: Ogerpon|atk|2\n|move|p2a: Skeledirge|Torch Song|p1a: Ogerpon\n|-damage|p1a: Ogerpon|37\/100\n|-boost|p2a: Skeledirge|spa|1\n|\n|upkeep\n|turn|5\n|\n|t:|1700156968\n|move|p1a: Ogerpon|Ivy Cudgel|p2a: Skeledirge|[anim] Ivy Cudgel Water\n|-supereffective|p2a: Skeledirge\n|-damage|p2a: Skeledirge|21\/100 par\n|move|p2a: Skeledirge|Torch Song|p1a: Ogerpon\n|-damage|p1a: Ogerpon|0 fnt\n|-boost|p2a: Skeledirge|spa|1\n|faint|p1a: Ogerpon\n|\n|-heal|p2a: Skeledirge|27\/100 par|[from] item: Leftovers\n|upkeep\n|\n|t:|1700156976\n|switch|p1a: Arcanine|Arcanine-Hisui, M|100\/100\n|turn|6\n|\n|t:|1700156988\n|move|p1a: Arcanine|Head Smash|p2a: Skeledirge\n|-supereffective|p2a: Skeledirge\n|-damage|p2a: Skeledirge|0 fnt\n|faint|p2a: Skeledirge\n|\n|upkeep\n|\n|t:|1700156997\n|switch|p2a: Walking Wake|Walking Wake|100\/100\n|turn|7\n|-message|groovythunder forfeited.\n|\n|win|Mbetta1\n|raw|groovythunder's rating: 1334 &rarr; <strong>1316<\/strong><br \/>(-18 for losing)\n|raw|Mbetta1's rating: 1363 &rarr; <strong>1381<\/strong><br \/>(+18 for winning)\n|l|\u2606groovythunder\n|l|\u2606Mbetta1\n","uploadtime":1700157162,"views":8,"p1id":"groovythunder","p2id":"mbetta1","formatid":"gen9ou","rating":1316,"private":0,"password":""}