{"id":"gen9ou-1988713449","p1":"cacate","p2":"seaside-fuecoco","format":"[Gen 9] OU","log":"|j|\u2606cacate\n|j|\u2606seaside-fuecoco\n|t:|1699753843\n|gametype|singles\n|player|p1|cacate|scientist|1078\n|player|p2|seaside-fuecoco|266|1000\n|teamsize|p1|6\n|teamsize|p2|6\n|gen|9\n|tier|[Gen 9] OU\n|rated|\n|rule|Sleep Clause Mod: Limit one foe put to sleep\n|rule|Species Clause: Limit one of each Pok\u00e9mon\n|rule|OHKO Clause: OHKO moves are banned\n|rule|Evasion Items Clause: Evasion items are banned\n|rule|Evasion Moves Clause: Evasion moves are banned\n|rule|Endless Battle Clause: Forcing endless battles is banned\n|rule|HP Percentage Mod: HP is shown in percentages\n|clearpoke\n|poke|p1|Kilowattrel, F|\n|poke|p1|Garchomp, M|\n|poke|p1|Typhlosion-Hisui, F|\n|poke|p1|Azumarill, M|\n|poke|p1|Lilligant-Hisui, F|\n|poke|p1|Slowking-Galar, F|\n|poke|p2|Ninetales-Alola, F|\n|poke|p2|Greninja-*, M|\n|poke|p2|Ursaluna, M|\n|poke|p2|Zapdos|\n|poke|p2|Skeledirge, F|\n|poke|p2|Grafaiai, F|\n|teampreview\n|inactive|Battle timer is ON: inactive players will automatically lose when time's up. (requested by seaside-fuecoco)\n|\n|t:|1699753864\n|start\n|switch|p1a: Typhlosion|Typhlosion-Hisui, F|100\/100\n|switch|p2a: Zapdos|Zapdos, shiny|100\/100\n|turn|1\n|-message|seaside-fuecoco forfeited.\n|\n|win|cacate\n|raw|cacate's rating: 1078 &rarr; <strong>1100<\/strong><br \/>(+22 for winning)\n|raw|seaside-fuecoco's rating: 1000 &rarr; <strong>1000<\/strong><br \/>(+0 for losing)\n|l|\u2606seaside-fuecoco\n","uploadtime":1699753872,"views":8,"p1id":"cacate","p2id":"seasidefuecoco","formatid":"gen9ou","rating":1000,"private":0,"password":""}