{"id":"gen9ou-2000560362","p1":"willucus","p2":"Say HO","format":"[Gen 9] OU","log":"|j|\u2606willucus\n|j|\u2606Say HO\n|t:|1701205385\n|gametype|singles\n|player|p1|willucus|265|1136\n|player|p2|Say HO|unknownf|1051\n|teamsize|p1|6\n|teamsize|p2|6\n|gen|9\n|tier|[Gen 9] OU\n|rated|\n|rule|Sleep Clause Mod: Limit one foe put to sleep\n|rule|Species Clause: Limit one of each Pok\u00e9mon\n|rule|OHKO Clause: OHKO moves are banned\n|rule|Evasion Items Clause: Evasion items are banned\n|rule|Evasion Moves Clause: Evasion moves are banned\n|rule|Endless Battle Clause: Forcing endless battles is banned\n|rule|HP Percentage Mod: HP is shown in percentages\n|clearpoke\n|poke|p1|Kingambit, M|\n|poke|p1|Vikavolt, F|\n|poke|p1|Greninja-*, M|\n|poke|p1|Meowscarada, M|\n|poke|p1|Skeledirge, M|\n|poke|p1|Corviknight, F|\n|poke|p2|Ogerpon-Wellspring, F|\n|poke|p2|Iron Treads|\n|poke|p2|Iron Thorns|\n|poke|p2|Kommo-o, F|\n|poke|p2|Zamazenta-*|\n|poke|p2|Skeledirge, M|\n|teampreview\n|\n|t:|1701205416\n|start\n|switch|p1a: Greninja|Greninja, M|100\/100\n|switch|p2a: Iron Treads|Iron Treads|100\/100\n|-enditem|p2a: Iron Treads|Booster Energy\n|-activate|p2a: Iron Treads|ability: Quark Drive|[fromitem]\n|-start|p2a: Iron Treads|quarkdrivespe\n|turn|1\n|\n|t:|1701205430\n|-terastallize|p1a: Greninja|Water\n|move|p2a: Iron Treads|Stealth Rock|p1a: Greninja\n|-sidestart|p1: willucus|move: Stealth Rock\n|move|p1a: Greninja|Surf|p2a: Iron Treads\n|-supereffective|p2a: Iron Treads\n|-damage|p2a: Iron Treads|0 fnt\n|faint|p2a: Iron Treads\n|-end|p2a: Iron Treads|Quark Drive|[silent]\n|-ability|p1a: Greninja|Battle Bond|boost\n|-boost|p1a: Greninja|atk|1\n|-boost|p1a: Greninja|spa|1\n|-boost|p1a: Greninja|spe|1\n|-activate|p1a: Greninja|ability: Battle Bond\n|-damage|p1a: Greninja|91\/100|[from] item: Life Orb\n|\n|upkeep\n|\n|t:|1701205447\n|switch|p2a: Iron Thorns|Iron Thorns|100\/100\n|-enditem|p2a: Iron Thorns|Booster Energy\n|-activate|p2a: Iron Thorns|ability: Quark Drive|[fromitem]\n|-start|p2a: Iron Thorns|quarkdriveatk\n|turn|2\n|\n|t:|1701205457\n|move|p1a: Greninja|Surf|p2a: Iron Thorns\n|-supereffective|p2a: Iron Thorns\n|-damage|p2a: Iron Thorns|0 fnt\n|faint|p2a: Iron Thorns\n|-end|p2a: Iron Thorns|Quark Drive|[silent]\n|-damage|p1a: Greninja|81\/100|[from] item: Life Orb\n|\n|upkeep\n|\n|t:|1701205468\n|switch|p2a: Ogerpon|Ogerpon-Wellspring, F|100\/100\n|turn|3\n|\n|t:|1701205473\n|move|p1a: Greninja|Dark Pulse|p2a: Ogerpon\n|-damage|p2a: Ogerpon|12\/100\n|-damage|p1a: Greninja|71\/100|[from] item: Life Orb\n|cant|p2a: Ogerpon|flinch\n|\n|upkeep\n|turn|4\n|-message|Say HO forfeited.\n|\n|win|willucus\n|raw|willucus's rating: 1114 &rarr; <strong>1135<\/strong><br \/>(+21 for winning)\n|raw|Say HO's rating: 1051 &rarr; <strong>1037<\/strong><br \/>(-14 for losing)\n|l|\u2606Say HO\n","uploadtime":1701205487,"views":0,"p1id":"willucus","p2id":"sayho","formatid":"gen9ou","rating":1037,"private":0,"password":""}