{"id":"gen9ou-1995865360","p1":"The Boy who cooked","p2":"JogadorCaro","format":"[Gen 9] OU","log":"|j|\u2606The Boy who cooked\n|j|\u2606JogadorCaro\n|t:|1700611209\n|gametype|singles\n|player|p1|The Boy who cooked|waiter-gen4dp|1106\n|player|p2|JogadorCaro|tate|1167\n|teamsize|p1|6\n|teamsize|p2|6\n|gen|9\n|tier|[Gen 9] OU\n|rated|\n|rule|Sleep Clause Mod: Limit one foe put to sleep\n|rule|Species Clause: Limit one of each Pok\u00e9mon\n|rule|OHKO Clause: OHKO moves are banned\n|rule|Evasion Items Clause: Evasion items are banned\n|rule|Evasion Moves Clause: Evasion moves are banned\n|rule|Endless Battle Clause: Forcing endless battles is banned\n|rule|HP Percentage Mod: HP is shown in percentages\n|clearpoke\n|poke|p1|Ursaluna, M|\n|poke|p1|Dragapult, F|\n|poke|p1|Kingambit, M|\n|poke|p1|Ogerpon-Wellspring, F|\n|poke|p1|Iron Moth|\n|poke|p1|Cinderace, M|\n|poke|p2|Great Tusk|\n|poke|p2|Ting-Lu|\n|poke|p2|Toxapex, M|\n|poke|p2|Dragapult, M|\n|poke|p2|Iron Valiant|\n|poke|p2|Gholdengo|\n|teampreview\n|\n|t:|1700611237\n|start\n|switch|p1a: Boogleahgehuh|Ursaluna, M|100\/100\n|switch|p2a: Ting-Lu|Ting-Lu|100\/100\n|-ability|p2a: Ting-Lu|Vessel of Ruin\n|turn|1\n|\n|t:|1700611244\n|move|p2a: Ting-Lu|Stealth Rock|p1a: Boogleahgehuh\n|-sidestart|p1: The Boy who cooked|move: Stealth Rock\n|move|p1a: Boogleahgehuh|Roar|p2a: Ting-Lu\n|drag|p2a: Dragapult|Dragapult, M|100\/100\n|\n|-status|p1a: Boogleahgehuh|brn|[from] item: Flame Orb\n|upkeep\n|turn|2\n|\n|t:|1700611262\n|move|p2a: Dragapult|U-turn|p1a: Boogleahgehuh\n|-damage|p1a: Boogleahgehuh|73\/100 brn\n|\n|t:|1700611269\n|switch|p2a: Great Tusk|Great Tusk|100\/100|[from] U-turn\n|move|p1a: Boogleahgehuh|Roar|p2a: Great Tusk\n|-end|p2a: Great Tusk|Protosynthesis|[silent]\n|drag|p2a: Dragapult|Dragapult, M|100\/100\n|\n|-damage|p1a: Boogleahgehuh|67\/100 brn|[from] brn\n|upkeep\n|turn|3\n|\n|t:|1700611300\n|move|p2a: Dragapult|Dragon Darts|p1a: Boogleahgehuh\n|-damage|p1a: Boogleahgehuh|36\/100 brn\n|-anim|p2a: Dragapult|Dragon Darts|p1a: Boogleahgehuh\n|-damage|p1a: Boogleahgehuh|7\/100 brn\n|move|p1a: Boogleahgehuh|Facade|p2a: Dragapult\n|-immune|p2a: Dragapult\n|\n|-damage|p1a: Boogleahgehuh|1\/100 brn|[from] brn\n|upkeep\n|turn|4\n|-message|The Boy who cooked forfeited.\n|\n|win|JogadorCaro\n|raw|The Boy who cooked's rating: 1106 &rarr; <strong>1085<\/strong><br \/>(-21 for losing)\n|raw|JogadorCaro's rating: 1167 &rarr; <strong>1188<\/strong><br \/>(+21 for winning)\n|l|\u2606The Boy who cooked\n","uploadtime":1700611312,"views":6,"p1id":"theboywhocooked","p2id":"jogadorcaro","formatid":"gen9ou","rating":1085,"private":0,"password":""}