{"id":"gen9ou-1989507898","p1":"greenknuckle","p2":"superiax","format":"[Gen 9] OU","log":"|j|\u2606greenknuckle\n|j|\u2606superiax\n|t:|1699862623\n|gametype|singles\n|player|p1|greenknuckle|169|1336\n|player|p2|superiax|whitney|1298\n|teamsize|p1|6\n|teamsize|p2|6\n|gen|9\n|tier|[Gen 9] OU\n|rated|\n|rule|Sleep Clause Mod: Limit one foe put to sleep\n|rule|Species Clause: Limit one of each Pok\u00e9mon\n|rule|OHKO Clause: OHKO moves are banned\n|rule|Evasion Items Clause: Evasion items are banned\n|rule|Evasion Moves Clause: Evasion moves are banned\n|rule|Endless Battle Clause: Forcing endless battles is banned\n|rule|HP Percentage Mod: HP is shown in percentages\n|clearpoke\n|poke|p1|Samurott-Hisui, F|\n|poke|p1|Ceruledge, F|\n|poke|p1|Thundurus-Therian, M|\n|poke|p1|Amoonguss, M|\n|poke|p1|Great Tusk|\n|poke|p1|Gholdengo|\n|poke|p2|Ribombee, F|\n|poke|p2|Ninetales-Alola, F|\n|poke|p2|Kingambit, M|\n|poke|p2|Iron Moth|\n|poke|p2|Gholdengo|\n|poke|p2|Ogerpon-Wellspring, F|\n|teampreview\n|inactive|Battle timer is ON: inactive players will automatically lose when time's up. (requested by superiax)\n|inactive|greenknuckle has 120 seconds left.\n|inactive|greenknuckle has 90 seconds left.\n|\n|t:|1699862701\n|start\n|switch|p1a: Samurott|Samurott-Hisui, F|100\/100\n|switch|p2a: Mirror Master|Ribombee, F, shiny|100\/100\n|turn|1\n|\n|t:|1699862708\n|move|p1a: Samurott|Flip Turn|p2a: Mirror Master\n|-damage|p2a: Mirror Master|44\/100\n|\n|t:|1699862715\n|switch|p1a: Gholdengo|Gholdengo|100\/100|[from] Flip Turn\n|move|p2a: Mirror Master|Sticky Web|p1a: Gholdengo\n|-sidestart|p1: greenknuckle|move: Sticky Web\n|\n|upkeep\n|turn|2\n|\n|t:|1699862727\n|switch|p2a: Heatwave|Iron Moth, shiny|100\/100\n|move|p1a: Gholdengo|Shadow Ball|p2a: Heatwave\n|-damage|p2a: Heatwave|63\/100\n|\n|upkeep\n|turn|3\n|\n|t:|1699862745\n|switch|p1a: Ceruledge|Ceruledge, F|100\/100\n|move|p2a: Heatwave|Fiery Dance|p1a: Ceruledge\n|-resisted|p1a: Ceruledge\n|-damage|p1a: Ceruledge|77\/100\n|-boost|p2a: Heatwave|spa|1\n|\n|upkeep\n|turn|4\n|\n|t:|1699862754\n|move|p2a: Heatwave|Fiery Dance|p1a: Ceruledge\n|-resisted|p1a: Ceruledge\n|-damage|p1a: Ceruledge|38\/100\n|move|p1a: Ceruledge|Bitter Blade|p2a: Heatwave\n|-resisted|p2a: Heatwave\n|-damage|p2a: Heatwave|17\/100\n|-heal|p1a: Ceruledge|62\/100|[from] drain|[of] p2a: Heatwave\n|\n|upkeep\n|turn|5\n|\n|t:|1699862768\n|-end|p2a: Heatwave|Quark Drive|[silent]\n|switch|p2a: Mirror Master|Ribombee, F, shiny|44\/100\n|move|p1a: Ceruledge|Shadow Sneak|p2a: Mirror Master\n|-damage|p2a: Mirror Master|0 fnt\n|faint|p2a: Mirror Master\n|\n|upkeep\n|\n|t:|1699862785\n|switch|p2a: Weather Wizard|Ogerpon-Wellspring, F|100\/100\n|turn|6\n|\n|t:|1699862789\n|move|p2a: Weather Wizard|Ivy Cudgel|p1a: Ceruledge\n|-supereffective|p1a: Ceruledge\n|-damage|p1a: Ceruledge|0 fnt\n|faint|p1a: Ceruledge\n|\n|upkeep\n|\n|t:|1699862791\n|switch|p1a: Great Tusk|Great Tusk|100\/100\n|-activate|p1a: Great Tusk|move: Sticky Web\n|-unboost|p1a: Great Tusk|spe|1\n|turn|7\n|l|\u2606greenknuckle\n|inactive|greenknuckle disconnected and has a minute to reconnect!\n|player|p1|\n|inactive|superiax has 120 seconds left.\n|\n|t:|1699862829\n|move|p2a: Weather Wizard|Ivy Cudgel|p1a: Great Tusk\n|-supereffective|p1a: Great Tusk\n|-crit|p1a: Great Tusk\n|-damage|p1a: Great Tusk|14\/100\n|move|p1a: Great Tusk|Ice Spinner|p2a: Weather Wizard\n|-damage|p2a: Weather Wizard|67\/100\n|\n|-heal|p1a: Great Tusk|21\/100|[from] item: Leftovers\n|upkeep\n|turn|8\n|inactive|superiax has 120 seconds left.\n|inactive|greenknuckle has 30 seconds to reconnect!\n|inactive|greenknuckle has 20 seconds to reconnect!\n|inactive|greenknuckle has 15 seconds to reconnect!\n|c|\u2606superiax|beezy\n|c|\u2606superiax|gg\n|inactive|greenknuckle has 10 seconds to reconnect!\n|inactive|greenknuckle has 5 seconds to reconnect!\n|-message|greenknuckle lost due to inactivity.\n|\n|win|superiax\n|raw|greenknuckle's rating: 1336 &rarr; <strong>1314<\/strong><br \/>(-22 for losing)\n|raw|superiax's rating: 1298 &rarr; <strong>1326<\/strong><br \/>(+28 for winning)\n","uploadtime":1699862895,"views":8,"p1id":"greenknuckle","p2id":"superiax","formatid":"gen9ou","rating":1314,"private":0,"password":""}