{"id":"gen9ou-1993891782","p1":"trialteam98","p2":"joncon69","format":"[Gen 9] OU","log":"|j|\u2606trialteam98\n|j|\u2606joncon69\n|t:|1700370979\n|gametype|singles\n|player|p1|trialteam98|lady-gen4|1210\n|player|p2|joncon69|169|1255\n|teamsize|p1|6\n|teamsize|p2|6\n|gen|9\n|tier|[Gen 9] OU\n|rated|\n|rule|Sleep Clause Mod: Limit one foe put to sleep\n|rule|Species Clause: Limit one of each Pok\u00e9mon\n|rule|OHKO Clause: OHKO moves are banned\n|rule|Evasion Items Clause: Evasion items are banned\n|rule|Evasion Moves Clause: Evasion moves are banned\n|rule|Endless Battle Clause: Forcing endless battles is banned\n|rule|HP Percentage Mod: HP is shown in percentages\n|clearpoke\n|poke|p1|Skeledirge, M|\n|poke|p1|Hippowdon, F|\n|poke|p1|Hatterene, F|\n|poke|p1|Blissey, F|\n|poke|p1|Chansey, F|\n|poke|p1|Clefable, M|\n|poke|p2|Dragapult, F|\n|poke|p2|Ceruledge, F|\n|poke|p2|Rillaboom, M|\n|poke|p2|Great Tusk|\n|poke|p2|Iron Moth|\n|poke|p2|Landorus-Therian, M|\n|teampreview\n|inactive|Battle timer is ON: inactive players will automatically lose when time's up. (requested by trialteam98)\n|\n|t:|1700371023\n|start\n|switch|p1a: Hippowdon|Hippowdon, F|100\/100\n|switch|p2a: Rillaboom|Rillaboom, M, shiny|100\/100\n|-fieldstart|move: Grassy Terrain|[from] ability: Grassy Surge|[of] p2a: Rillaboom\n|-weather|Sandstorm|[from] ability: Sand Stream|[of] p1a: Hippowdon\n|turn|1\n|\n|t:|1700371036\n|switch|p1a: Skeledirge|Skeledirge, M|100\/100\n|move|p2a: Rillaboom|Grassy Glide|p1a: Skeledirge\n|-resisted|p1a: Skeledirge\n|-damage|p1a: Skeledirge|83\/100\n|\n|-weather|Sandstorm|[upkeep]\n|-damage|p2a: Rillaboom|94\/100|[from] Sandstorm\n|-damage|p1a: Skeledirge|77\/100|[from] Sandstorm\n|-heal|p2a: Rillaboom|100\/100|[from] Grassy Terrain\n|-heal|p1a: Skeledirge|83\/100|[from] Grassy Terrain\n|-heal|p1a: Skeledirge|89\/100|[from] item: Leftovers\n|upkeep\n|turn|2\n|\n|t:|1700371055\n|move|p2a: Rillaboom|Knock Off|p1a: Skeledirge\n|-supereffective|p1a: Skeledirge\n|-damage|p1a: Skeledirge|31\/100\n|-enditem|p1a: Skeledirge|Leftovers|[from] move: Knock Off|[of] p2a: Rillaboom\n|move|p1a: Skeledirge|Will-O-Wisp|p2a: Rillaboom\n|-status|p2a: Rillaboom|brn\n|\n|-weather|Sandstorm|[upkeep]\n|-damage|p2a: Rillaboom|94\/100 brn|[from] Sandstorm\n|-damage|p1a: Skeledirge|25\/100|[from] Sandstorm\n|-heal|p2a: Rillaboom|100\/100 brn|[from] Grassy Terrain\n|-heal|p1a: Skeledirge|31\/100|[from] Grassy Terrain\n|-damage|p2a: Rillaboom|94\/100 brn|[from] brn\n|upkeep\n|turn|3\n|-message|joncon69 forfeited.\n|\n|win|trialteam98\n|raw|trialteam98's rating: 1210 &rarr; <strong>1238<\/strong><br \/>(+28 for winning)\n|raw|joncon69's rating: 1255 &rarr; <strong>1227<\/strong><br \/>(-28 for losing)\n|l|\u2606joncon69\n","uploadtime":1700371070,"views":19,"p1id":"trialteam98","p2id":"joncon69","formatid":"gen9ou","rating":1227,"private":0,"password":""}