{"id":"gen9ou-1989331287","p1":"Onte bad","p2":"gosuBX","format":"[Gen 9] OU","log":"|j|\u2606Onte bad\n|j|\u2606gosuBX\n|t:|1699837241\n|gametype|singles\n|player|p1|Onte bad|1|1096\n|player|p2|gosuBX|1|1118\n|teamsize|p1|6\n|teamsize|p2|6\n|gen|9\n|tier|[Gen 9] OU\n|rated|\n|rule|Sleep Clause Mod: Limit one foe put to sleep\n|rule|Species Clause: Limit one of each Pok\u00e9mon\n|rule|OHKO Clause: OHKO moves are banned\n|rule|Evasion Items Clause: Evasion items are banned\n|rule|Evasion Moves Clause: Evasion moves are banned\n|rule|Endless Battle Clause: Forcing endless battles is banned\n|rule|HP Percentage Mod: HP is shown in percentages\n|clearpoke\n|poke|p1|Gholdengo|\n|poke|p1|Glimmora, F|\n|poke|p1|Ribombee, M|\n|poke|p1|Cinderace, M|\n|poke|p1|Dragonite, M|\n|poke|p1|Thundurus-Therian, M|\n|poke|p2|Crabominable, M|\n|poke|p2|Ursaring, M|\n|poke|p2|Tinkaton, F|\n|poke|p2|Eelektross, F|\n|poke|p2|Iron Leaves|\n|poke|p2|Cloyster, M|\n|teampreview\n|inactive|Battle timer is ON: inactive players will automatically lose when time's up. (requested by gosuBX)\n|j| Dekarran\n|\n|t:|1699837250\n|start\n|switch|p1a: Thundurus|Thundurus-Therian, M|100\/100\n|switch|p2a: Cloyster|Cloyster, M, shiny|100\/100\n|turn|1\n|\n|t:|1699837255\n|-terastallize|p2a: Cloyster|Rock\n|move|p1a: Thundurus|Volt Switch|p2a: Cloyster\n|-damage|p2a: Cloyster|0 fnt\n|faint|p2a: Cloyster\n|l| Dekarran\n|\n|t:|1699837262\n|switch|p1a: Glimmora|Glimmora, F|100\/100|[from] Volt Switch\n|\n|upkeep\n|\n|t:|1699837275\n|switch|p2a: Tinkaton|Tinkaton, F|100\/100\n|-ability|p2a: Tinkaton|Mold Breaker\n|turn|2\n|\n|t:|1699837279\n|move|p2a: Tinkaton|Substitute|p2a: Tinkaton\n|-start|p2a: Tinkaton|Substitute\n|-damage|p2a: Tinkaton|75\/100\n|move|p1a: Glimmora|Earth Power|p2a: Tinkaton\n|-supereffective|p2a: Tinkaton\n|-end|p2a: Tinkaton|Substitute\n|\n|-heal|p2a: Tinkaton|82\/100|[from] item: Leftovers\n|upkeep\n|turn|3\n|\n|t:|1699837288\n|move|p2a: Tinkaton|Ice Hammer|p1a: Glimmora\n|-damage|p1a: Glimmora|76\/100\n|-unboost|p2a: Tinkaton|spe|1\n|-activate|p1a: Glimmora|ability: Toxic Debris\n|-sidestart|p2: gosuBX|move: Toxic Spikes\n|move|p1a: Glimmora|Stealth Rock|p2a: Tinkaton\n|-sidestart|p2: gosuBX|move: Stealth Rock\n|\n|-heal|p2a: Tinkaton|88\/100|[from] item: Leftovers\n|upkeep\n|turn|4\n|-message|gosuBX forfeited.\n|\n|win|Onte bad\n|raw|Onte bad's rating: 1096 &rarr; <strong>1123<\/strong><br \/>(+27 for winning)\n|raw|gosuBX's rating: 1118 &rarr; <strong>1091<\/strong><br \/>(-27 for losing)\n|l|\u2606gosuBX\n","uploadtime":1699837298,"views":16,"p1id":"ontebad","p2id":"gosubx","formatid":"gen9ou","rating":1091,"private":0,"password":""}