{"id":"gen9ou-1990957771","p1":"WASKDEFRIN","p2":"vJulius","format":"[Gen 9] OU","log":"|j|\u2606WASKDEFRIN\n|j|\u2606vJulius\n|t:|1700019730\n|gametype|singles\n|player|p1|WASKDEFRIN|shauntal|1203\n|player|p2|vJulius|iris-gen5bw2|1174\n|teamsize|p1|6\n|teamsize|p2|6\n|gen|9\n|tier|[Gen 9] OU\n|rated|\n|rule|Sleep Clause Mod: Limit one foe put to sleep\n|rule|Species Clause: Limit one of each Pok\u00e9mon\n|rule|OHKO Clause: OHKO moves are banned\n|rule|Evasion Items Clause: Evasion items are banned\n|rule|Evasion Moves Clause: Evasion moves are banned\n|rule|Endless Battle Clause: Forcing endless battles is banned\n|rule|HP Percentage Mod: HP is shown in percentages\n|clearpoke\n|poke|p1|Landorus-Therian, M|\n|poke|p1|Kingambit, M|\n|poke|p1|Rillaboom, F|\n|poke|p1|Slowking-Galar, F|\n|poke|p1|Iron Valiant|\n|poke|p1|Great Tusk|\n|poke|p2|Iron Moth|\n|poke|p2|Kommo-o, F|\n|poke|p2|Ninetales-Alola, F|\n|poke|p2|Hatterene, F|\n|poke|p2|Kingambit, M|\n|poke|p2|Great Tusk|\n|teampreview\n|inactive|Battle timer is ON: inactive players will automatically lose when time's up. (requested by vJulius)\n|\n|t:|1700019739\n|start\n|switch|p1a: Great Tusk|Great Tusk|100\/100\n|switch|p2a: Ninetales|Ninetales-Alola, F|100\/100\n|-weather|Snow|[from] ability: Snow Warning|[of] p2a: Ninetales\n|turn|1\n|\n|t:|1700019744\n|move|p2a: Ninetales|Freeze-Dry|p1a: Great Tusk\n|-supereffective|p1a: Great Tusk\n|-damage|p1a: Great Tusk|39\/100\n|-status|p1a: Great Tusk|frz\n|cant|p1a: Great Tusk|frz\n|\n|-weather|Snow|[upkeep]\n|upkeep\n|turn|2\n|-message|WASKDEFRIN forfeited.\n|\n|win|vJulius\n|raw|WASKDEFRIN's rating: 1203 &rarr; <strong>1176<\/strong><br \/>(-27 for losing)\n|raw|vJulius's rating: 1174 &rarr; <strong>1201<\/strong><br \/>(+27 for winning)\n|l|\u2606WASKDEFRIN\n","uploadtime":1700019754,"views":8,"p1id":"waskdefrin","p2id":"vjulius","formatid":"gen9ou","rating":1176,"private":0,"password":""}