{"id":"gen9ou-2000141250","p1":"waha8","p2":"Slifer274","format":"[Gen 9] OU","log":"|j|\u2606waha8\n|j|\u2606Slifer274\n|t:|1701162050\n|gametype|singles\n|player|p1|waha8|101|1485\n|player|p2|Slifer274|265|1391\n|teamsize|p1|6\n|teamsize|p2|6\n|gen|9\n|tier|[Gen 9] OU\n|rated|\n|rule|Sleep Clause Mod: Limit one foe put to sleep\n|rule|Species Clause: Limit one of each Pok\u00e9mon\n|rule|OHKO Clause: OHKO moves are banned\n|rule|Evasion Items Clause: Evasion items are banned\n|rule|Evasion Moves Clause: Evasion moves are banned\n|rule|Endless Battle Clause: Forcing endless battles is banned\n|rule|HP Percentage Mod: HP is shown in percentages\n|clearpoke\n|poke|p1|Glimmora, F|\n|poke|p1|Ninetales-Alola, F|\n|poke|p1|Dragonite, F|\n|poke|p1|Samurott-Hisui, M|\n|poke|p1|Pelipper, M|\n|poke|p1|Ribombee, M|\n|poke|p2|Ursaluna, M|\n|poke|p2|Ogerpon-Wellspring, F|\n|poke|p2|Ting-Lu|\n|poke|p2|Gholdengo|\n|poke|p2|Zapdos|\n|poke|p2|Great Tusk|\n|teampreview\n|inactive|Battle timer is ON: inactive players will automatically lose when time's up. (requested by Slifer274)\n|\n|t:|1701162064\n|start\n|switch|p1a: Ribombee|Ribombee, M|100\/100\n|switch|p2a: Zapdos|Zapdos|100\/100\n|turn|1\n|\n|t:|1701162076\n|move|p1a: Ribombee|Sticky Web|p2a: Zapdos\n|-sidestart|p2: Slifer274|move: Sticky Web\n|move|p2a: Zapdos|Hurricane|p1a: Ribombee|[miss]\n|-miss|p2a: Zapdos|p1a: Ribombee\n|\n|upkeep\n|turn|2\n|\n|t:|1701162082\n|move|p1a: Ribombee|Moonblast|p2a: Zapdos\n|-damage|p2a: Zapdos|65\/100\n|-unboost|p2a: Zapdos|spa|1\n|move|p2a: Zapdos|Hurricane|p1a: Ribombee|[miss]\n|-miss|p2a: Zapdos|p1a: Ribombee\n|\n|upkeep\n|turn|3\n|n|!Slifer274|slifer274\n|-message|Slifer274 forfeited.\n|\n|win|waha8\n|raw|waha8's rating: 1485 &rarr; <strong>1500<\/strong><br \/>(+15 for winning)\n|raw|Slifer274's rating: 1391 &rarr; <strong>1376<\/strong><br \/>(-15 for losing)\n|l|!Slifer274\n","uploadtime":1701162090,"views":2,"p1id":"waha8","p2id":"slifer274","formatid":"gen9ou","rating":1376,"private":0,"password":""}