{"id":"gen9ou-1995735958","p1":"Tokotorisaki","p2":"Mister Huang","format":"[Gen 9] OU","log":"|j|\u2606Tokotorisaki\n|j|\u2606Mister Huang\n|t:|1700598336\n|gametype|singles\n|player|p1|Tokotorisaki|caitlin-masters|1195\n|player|p2|Mister Huang|ghetsis|1160\n|teamsize|p1|6\n|teamsize|p2|6\n|gen|9\n|tier|[Gen 9] OU\n|rated|\n|rule|Sleep Clause Mod: Limit one foe put to sleep\n|rule|Species Clause: Limit one of each Pok\u00e9mon\n|rule|OHKO Clause: OHKO moves are banned\n|rule|Evasion Items Clause: Evasion items are banned\n|rule|Evasion Moves Clause: Evasion moves are banned\n|rule|Endless Battle Clause: Forcing endless battles is banned\n|rule|HP Percentage Mod: HP is shown in percentages\n|clearpoke\n|poke|p1|Haxorus, F|\n|poke|p1|Espeon, F|\n|poke|p1|Salazzle, F|\n|poke|p1|Magnezone|\n|poke|p1|Dragapult, M|\n|poke|p1|Ting-Lu|\n|poke|p2|Ribombee, M|\n|poke|p2|Dondozo, F|\n|poke|p2|Glimmora, M|\n|poke|p2|Gholdengo|\n|poke|p2|Meowscarada, M|\n|poke|p2|Kingambit, F|\n|teampreview\n|\n|t:|1700598348\n|start\n|switch|p1a: Fridge|Magnezone|100\/100\n|switch|p2a: Ribombee|Ribombee, M, shiny|100\/100\n|-item|p1a: Fridge|Air Balloon\n|turn|1\n|\n|t:|1700598351\n|switch|p1a: Alicia|Espeon, F|100\/100\n|move|p2a: Ribombee|Sticky Web|p1a: Alicia\n|move|p1a: Alicia|Sticky Web|p2a: Ribombee|[from]ability: Magic Bounce\n|-sidestart|p2: Mister Huang|move: Sticky Web\n|\n|upkeep\n|turn|2\n|\n|t:|1700598361\n|move|p2a: Ribombee|Reflect|p2a: Ribombee\n|-sidestart|p2: Mister Huang|Reflect\n|move|p1a: Alicia|Psychic|p2a: Ribombee\n|-enditem|p2a: Ribombee|Focus Sash\n|-damage|p2a: Ribombee|1\/100\n|\n|upkeep\n|turn|3\n|\n|t:|1700598365\n|move|p2a: Ribombee|Moonblast|p1a: Alicia\n|-damage|p1a: Alicia|60\/100\n|move|p1a: Alicia|Psychic|p2a: Ribombee\n|-damage|p2a: Ribombee|0 fnt\n|faint|p2a: Ribombee\n|\n|upkeep\n|\n|t:|1700598369\n|switch|p2a: Glimmora|Glimmora, M|100\/100\n|-activate|p2a: Glimmora|move: Sticky Web\n|-unboost|p2a: Glimmora|spe|1\n|turn|4\n|\n|t:|1700598374\n|switch|p1a: Fridge|Magnezone|100\/100\n|-item|p1a: Fridge|Air Balloon\n|move|p2a: Glimmora|Sludge Wave|p1a: Fridge\n|-immune|p1a: Fridge\n|\n|upkeep\n|turn|5\n|\n|t:|1700598378\n|move|p1a: Fridge|Flash Cannon|p2a: Glimmora\n|-supereffective|p2a: Glimmora\n|-damage|p2a: Glimmora|29\/100\n|move|p2a: Glimmora|Power Gem|p1a: Fridge\n|-resisted|p1a: Fridge\n|-damage|p1a: Fridge|73\/100\n|-enditem|p1a: Fridge|Air Balloon\n|\n|upkeep\n|turn|6\n|-message|Mister Huang forfeited.\n|\n|win|Tokotorisaki\n|raw|Tokotorisaki's rating: 1195 &rarr; <strong>1217<\/strong><br \/>(+22 for winning)\n|raw|Mister Huang's rating: 1160 &rarr; <strong>1138<\/strong><br \/>(-22 for losing)\n|l|\u2606Mister Huang\n","uploadtime":1700598390,"views":0,"p1id":"tokotorisaki","p2id":"misterhuang","formatid":"gen9ou","rating":1138,"private":0,"password":""}