{"id":"gen9ou-1995062689","p1":"Prav33n","p2":"RonVanClief","format":"[Gen 9] OU","log":"|j|\u2606Prav33n\n|j|\u2606RonVanClief\n|t:|1700518494\n|gametype|singles\n|player|p1|Prav33n|swimmer-gen4|1641\n|player|p2|RonVanClief|marshal|1556\n|teamsize|p1|6\n|teamsize|p2|6\n|gen|9\n|tier|[Gen 9] OU\n|rated|\n|rule|Sleep Clause Mod: Limit one foe put to sleep\n|rule|Species Clause: Limit one of each Pok\u00e9mon\n|rule|OHKO Clause: OHKO moves are banned\n|rule|Evasion Items Clause: Evasion items are banned\n|rule|Evasion Moves Clause: Evasion moves are banned\n|rule|Endless Battle Clause: Forcing endless battles is banned\n|rule|HP Percentage Mod: HP is shown in percentages\n|clearpoke\n|poke|p1|Cinderace, F|\n|poke|p1|Landorus-Therian, M|\n|poke|p1|Weavile, F|\n|poke|p1|Great Tusk|\n|poke|p1|Gholdengo|\n|poke|p1|Walking Wake|\n|poke|p2|Torkoal, M|\n|poke|p2|Walking Wake|\n|poke|p2|Kingambit, F|\n|poke|p2|Cinderace, M|\n|poke|p2|Great Tusk|\n|poke|p2|Heatran, M|\n|teampreview\n|inactive|Battle timer is ON: inactive players will automatically lose when time's up. (requested by Prav33n)\n|\n|t:|1700518521\n|start\n|switch|p1a: Walking Wake|Walking Wake|100\/100\n|switch|p2a: Great Tusk|Great Tusk|100\/100\n|-enditem|p1a: Walking Wake|Booster Energy\n|-activate|p1a: Walking Wake|ability: Protosynthesis|[fromitem]\n|-start|p1a: Walking Wake|protosynthesisspa\n|turn|1\n|j| Porycomingback\n|inactive|RonVanClief has 120 seconds left.\n|inactive|RonVanClief has 90 seconds left.\n|\n|t:|1700518587\n|-end|p2a: Great Tusk|Protosynthesis|[silent]\n|switch|p2a: Heatran|Heatran, M|100\/100\n|move|p1a: Walking Wake|Surf|p2a: Heatran\n|-supereffective|p2a: Heatran\n|-damage|p2a: Heatran|13\/100\n|\n|-heal|p2a: Heatran|19\/100|[from] item: Leftovers\n|upkeep\n|turn|2\n|\n|t:|1700518595\n|move|p2a: Heatran|Protect|p2a: Heatran\n|-singleturn|p2a: Heatran|Protect\n|move|p1a: Walking Wake|Agility|p1a: Walking Wake\n|-boost|p1a: Walking Wake|spe|2\n|\n|-heal|p2a: Heatran|25\/100|[from] item: Leftovers\n|upkeep\n|turn|3\n|-message|RonVanClief forfeited.\n|\n|win|Prav33n\n|raw|Prav33n's rating: 1641 &rarr; <strong>1656<\/strong><br \/>(+15 for winning)\n|raw|RonVanClief's rating: 1556 &rarr; <strong>1541<\/strong><br \/>(-15 for losing)\n|l|\u2606RonVanClief\n","uploadtime":1700518609,"views":5,"p1id":"prav33n","p2id":"ronvanclief","formatid":"gen9ou","rating":1541,"private":0,"password":""}