{"id":"gen9ou-1992016084","p1":"EthanShadow","p2":"Aviated_Froakie","format":"[Gen 9] OU","log":"|j|\u2606EthanShadow\n|j|\u2606Aviated_Froakie\n|t:|1700147969\n|gametype|singles\n|player|p1|EthanShadow|volkner|1057\n|player|p2|Aviated_Froakie|hoopster|1081\n|teamsize|p1|6\n|teamsize|p2|6\n|gen|9\n|tier|[Gen 9] OU\n|rated|\n|rule|Sleep Clause Mod: Limit one foe put to sleep\n|rule|Species Clause: Limit one of each Pok\u00e9mon\n|rule|OHKO Clause: OHKO moves are banned\n|rule|Evasion Items Clause: Evasion items are banned\n|rule|Evasion Moves Clause: Evasion moves are banned\n|rule|Endless Battle Clause: Forcing endless battles is banned\n|rule|HP Percentage Mod: HP is shown in percentages\n|clearpoke\n|poke|p1|Chandelure, M|\n|poke|p1|Enamorus, F|\n|poke|p1|Ninetales-Alola, F|\n|poke|p1|Maushold-Four|\n|poke|p1|Blissey, F|\n|poke|p1|Rotom-Wash|\n|poke|p2|Samurott-Hisui, M|\n|poke|p2|Cinderace, F|\n|poke|p2|Ogerpon, F|\n|poke|p2|Arcanine-Hisui, M|\n|poke|p2|Quaquaval, M|\n|poke|p2|Tornadus-Therian, M|\n|teampreview\n|j| blundoey\n|c|\u2606EthanShadow|Ok\n|\n|t:|1700147988\n|start\n|switch|p1a: Wall|Blissey, F|100\/100\n|switch|p2a: Goober|Ogerpon, F|100\/100\n|turn|1\n|\n|t:|1700147995\n|move|p2a: Goober|Swords Dance|p2a: Goober\n|-boost|p2a: Goober|atk|2\n|move|p1a: Wall|Stealth Rock|p2a: Goober\n|-sidestart|p2: Aviated_Froakie|move: Stealth Rock\n|\n|upkeep\n|turn|2\n|\n|t:|1700148004\n|move|p2a: Goober|Swords Dance|p2a: Goober\n|-boost|p2a: Goober|atk|2\n|move|p1a: Wall|Thunder Wave|p2a: Goober\n|-status|p2a: Goober|par\n|\n|upkeep\n|turn|3\n|\n|t:|1700148019\n|switch|p1a: Foxy|Ninetales-Alola, F|100\/100\n|-weather|Snow|[from] ability: Snow Warning|[of] p1a: Foxy\n|-terastallize|p2a: Goober|Grass\n|detailschange|p2a: Goober|Ogerpon-Teal-Tera, F, tera:Grass\n|-ability|p2a: Goober|Embody Aspect (Teal)|boost\n|-boost|p2a: Goober|spe|1\n|move|p2a: Goober|Ivy Cudgel|p1a: Foxy\n|-damage|p1a: Foxy|0 fnt\n|faint|p1a: Foxy\n|\n|-weather|Snow|[upkeep]\n|upkeep\n|\n|t:|1700148038\n|switch|p1a: Wall|Blissey, F|100\/100\n|turn|4\n|\n|t:|1700148045\n|cant|p2a: Goober|par\n|move|p1a: Wall|Trailblaze|p2a: Goober\n|-resisted|p2a: Goober\n|-damage|p2a: Goober|99\/100 par\n|-boost|p1a: Wall|spe|1\n|\n|-weather|Snow|[upkeep]\n|upkeep\n|turn|5\n|\n|t:|1700148055\n|switch|p1a: Vin Diesel|Maushold-Four|100\/100\n|cant|p2a: Goober|par\n|\n|-weather|Snow|[upkeep]\n|upkeep\n|turn|6\n|\n|t:|1700148062\n|move|p1a: Vin Diesel|Tidy Up|p1a: Vin Diesel\n|-sideend|p2: Aviated_Froakie|Stealth Rock\n|-activate|p1a: Vin Diesel|move: Tidy Up\n|-boost|p1a: Vin Diesel|atk|1\n|-boost|p1a: Vin Diesel|spe|1\n|move|p2a: Goober|Ivy Cudgel|p1a: Vin Diesel\n|-damage|p1a: Vin Diesel|0 fnt\n|faint|p1a: Vin Diesel\n|\n|-weather|Snow|[upkeep]\n|upkeep\n|-message|EthanShadow forfeited.\n|\n|win|Aviated_Froakie\n|raw|EthanShadow's rating: 1057 &rarr; <strong>1040<\/strong><br \/>(-17 for losing)\n|raw|Aviated_Froakie's rating: 1081 &rarr; <strong>1107<\/strong><br \/>(+26 for winning)\n|l|\u2606EthanShadow\n|c| blundoey|oof\n|l| blundoey\n","uploadtime":1700148079,"views":18,"p1id":"ethanshadow","p2id":"aviatedfroakie","formatid":"gen9ou","rating":1040,"private":0,"password":""}