{"id":"gen9ou-1991911964","p1":"defnotapenguin","p2":"Danclarocc","format":"[Gen 9] OU","log":"|j|\u2606defnotapenguin\n|j|\u2606Danclarocc\n|t:|1700137229\n|gametype|singles\n|player|p1|defnotapenguin|cameraman|1141\n|player|p2|Danclarocc|veteran|1118\n|teamsize|p1|6\n|teamsize|p2|6\n|gen|9\n|tier|[Gen 9] OU\n|rated|\n|rule|Sleep Clause Mod: Limit one foe put to sleep\n|rule|Species Clause: Limit one of each Pok\u00e9mon\n|rule|OHKO Clause: OHKO moves are banned\n|rule|Evasion Items Clause: Evasion items are banned\n|rule|Evasion Moves Clause: Evasion moves are banned\n|rule|Endless Battle Clause: Forcing endless battles is banned\n|rule|HP Percentage Mod: HP is shown in percentages\n|clearpoke\n|poke|p1|Alomomola, M|\n|poke|p1|Greninja-*, M|\n|poke|p1|Dragapult, M|\n|poke|p1|Manaphy|\n|poke|p1|Landorus-Therian, M|\n|poke|p1|Dragonite, F|\n|poke|p2|Skeledirge, F|\n|poke|p2|Ursaluna, M|\n|poke|p2|Slowking, M|\n|poke|p2|Corviknight, F|\n|poke|p2|Toxapex, M|\n|poke|p2|Kilowattrel, M|\n|teampreview\n|inactive|Battle timer is ON: inactive players will automatically lose when time's up. (requested by defnotapenguin)\n|\n|t:|1700137237\n|start\n|switch|p1a: Wellspringphy|Manaphy|100\/100\n|switch|p2a: Skeledirge|Skeledirge, F|100\/100\n|turn|1\n|\n|t:|1700137244\n|switch|p2a: Toxapex|Toxapex, M|100\/100\n|move|p1a: Wellspringphy|Tail Glow|p1a: Wellspringphy\n|-boost|p1a: Wellspringphy|spa|3\n|\n|upkeep\n|turn|2\n|\n|t:|1700137258\n|move|p1a: Wellspringphy|Energy Ball|p2a: Toxapex\n|-damage|p2a: Toxapex|50\/100\n|move|p2a: Toxapex|Toxic|p1a: Wellspringphy\n|-status|p1a: Wellspringphy|tox\n|\n|-heal|p2a: Toxapex|56\/100|[from] item: Leftovers\n|-damage|p1a: Wellspringphy|94\/100 tox|[from] psn\n|upkeep\n|turn|3\n|\n|t:|1700137268\n|move|p2a: Toxapex|Baneful Bunker|p2a: Toxapex\n|-singleturn|p2a: Toxapex|move: Protect\n|move|p1a: Wellspringphy|Tail Glow|p1a: Wellspringphy\n|-boost|p1a: Wellspringphy|spa|3\n|\n|-heal|p1a: Wellspringphy|100\/100 tox|[from] item: Leftovers\n|-heal|p2a: Toxapex|62\/100|[from] item: Leftovers\n|-damage|p1a: Wellspringphy|88\/100 tox|[from] psn\n|upkeep\n|turn|4\n|\n|t:|1700137278\n|switch|p2a: Kilowattrel|Kilowattrel, M|100\/100\n|move|p1a: Wellspringphy|Energy Ball|p2a: Kilowattrel\n|-resisted|p2a: Kilowattrel\n|-damage|p2a: Kilowattrel|0 fnt\n|faint|p2a: Kilowattrel\n|\n|-heal|p1a: Wellspringphy|94\/100 tox|[from] item: Leftovers\n|-damage|p1a: Wellspringphy|75\/100 tox|[from] psn\n|upkeep\n|\n|t:|1700137291\n|switch|p2a: Corviknight|Corviknight, F|100\/100\n|turn|5\n|\n|t:|1700137295\n|move|p1a: Wellspringphy|Surf|p2a: Corviknight\n|-damage|p2a: Corviknight|0 fnt\n|faint|p2a: Corviknight\n|\n|-heal|p1a: Wellspringphy|82\/100 tox|[from] item: Leftovers\n|-damage|p1a: Wellspringphy|57\/100 tox|[from] psn\n|upkeep\n|-message|Danclarocc forfeited.\n|\n|win|defnotapenguin\n|raw|defnotapenguin's rating: 1141 &rarr; <strong>1164<\/strong><br \/>(+23 for winning)\n|raw|Danclarocc's rating: 1118 &rarr; <strong>1095<\/strong><br \/>(-23 for losing)\n|l|\u2606Danclarocc\n","uploadtime":1700137474,"views":14,"p1id":"defnotapenguin","p2id":"danclarocc","formatid":"gen9ou","rating":1095,"private":0,"password":""}