{"id":"gen9ou-1989313199","p1":"TransRightsRamona","p2":"Nanielito","format":"[Gen 9] OU","log":"|j|\u2606TransRightsRamona\n|j|\u2606Nanielito\n|t:|1699835161\n|gametype|singles\n|player|p1|TransRightsRamona|lady-gen4|1445\n|player|p2|Nanielito|102|1413\n|teamsize|p1|6\n|teamsize|p2|6\n|gen|9\n|tier|[Gen 9] OU\n|rated|\n|rule|Sleep Clause Mod: Limit one foe put to sleep\n|rule|Species Clause: Limit one of each Pok\u00e9mon\n|rule|OHKO Clause: OHKO moves are banned\n|rule|Evasion Items Clause: Evasion items are banned\n|rule|Evasion Moves Clause: Evasion moves are banned\n|rule|Endless Battle Clause: Forcing endless battles is banned\n|rule|HP Percentage Mod: HP is shown in percentages\n|clearpoke\n|poke|p1|Landorus-Therian, M|\n|poke|p1|Hatterene, F|\n|poke|p1|Manaphy|\n|poke|p1|Samurott-Hisui, F|\n|poke|p1|Ogerpon-Cornerstone, F|\n|poke|p1|Iron Moth|\n|poke|p2|Ceruledge, M|\n|poke|p2|Maushold|\n|poke|p2|Ninetales-Alola, M|\n|poke|p2|Rillaboom, M|\n|poke|p2|Sneasler, F|\n|poke|p2|Dragonite, M|\n|teampreview\n|inactive|Battle timer is ON: inactive players will automatically lose when time's up. (requested by TransRightsRamona)\n|\n|t:|1699835182\n|start\n|switch|p1a: Manaphy|Manaphy|100\/100\n|switch|p2a: Ninetales|Ninetales-Alola, M|100\/100\n|-weather|Snow|[from] ability: Snow Warning|[of] p2a: Ninetales\n|turn|1\n|\n|t:|1699835188\n|move|p2a: Ninetales|Aurora Veil|p2a: Ninetales\n|-sidestart|p2: Nanielito|move: Aurora Veil\n|move|p1a: Manaphy|Tail Glow|p1a: Manaphy\n|-boost|p1a: Manaphy|spa|3\n|\n|-weather|Snow|[upkeep]\n|upkeep\n|turn|2\n|\n|t:|1699835194\n|move|p2a: Ninetales|Encore|p1a: Manaphy\n|-start|p1a: Manaphy|Encore\n|move|p1a: Manaphy|Tail Glow|p1a: Manaphy\n|-boost|p1a: Manaphy|spa|3\n|\n|-weather|Snow|[upkeep]\n|upkeep\n|turn|3\n|\n|t:|1699835196\n|switch|p2a: Maushold|Maushold|100\/100\n|move|p1a: Manaphy|Tail Glow|p1a: Manaphy\n|-boost|p1a: Manaphy|spa|0\n|\n|-weather|Snow|[upkeep]\n|upkeep\n|turn|4\n|\n|t:|1699835199\n|move|p2a: Maushold|Tidy Up|p2a: Maushold\n|-boost|p2a: Maushold|atk|1\n|-boost|p2a: Maushold|spe|1\n|move|p1a: Manaphy|Tail Glow|p1a: Manaphy\n|-boost|p1a: Manaphy|spa|0\n|\n|-weather|Snow|[upkeep]\n|-end|p1a: Manaphy|Encore\n|upkeep\n|turn|5\n|\n|t:|1699835209\n|move|p2a: Maushold|Encore|p1a: Manaphy\n|-start|p1a: Manaphy|Encore\n|move|p1a: Manaphy|Tail Glow|p1a: Manaphy\n|-boost|p1a: Manaphy|spa|0\n|\n|-weather|none\n|upkeep\n|turn|6\n|-message|TransRightsRamona forfeited.\n|\n|win|Nanielito\n|raw|TransRightsRamona's rating: 1445 &rarr; <strong>1423<\/strong><br \/>(-22 for losing)\n|raw|Nanielito's rating: 1413 &rarr; <strong>1435<\/strong><br \/>(+22 for winning)\n|l|\u2606TransRightsRamona\n","uploadtime":1699835226,"views":31,"p1id":"transrightsramona","p2id":"nanielito","formatid":"gen9ou","rating":1423,"private":0,"password":""}