{"id":"gen9ou-1988424863","p1":"wattinculo","p2":"46cm","format":"[Gen 9] OU","log":"|j|\u2606wattinculo\n|j|\u260646cm\n|t:|1699721515\n|gametype|singles\n|player|p1|wattinculo|2|1591\n|player|p2|46cm|1|1562\n|teamsize|p1|6\n|teamsize|p2|6\n|gen|9\n|tier|[Gen 9] OU\n|rated|\n|rule|Sleep Clause Mod: Limit one foe put to sleep\n|rule|Species Clause: Limit one of each Pok\u00e9mon\n|rule|OHKO Clause: OHKO moves are banned\n|rule|Evasion Items Clause: Evasion items are banned\n|rule|Evasion Moves Clause: Evasion moves are banned\n|rule|Endless Battle Clause: Forcing endless battles is banned\n|rule|HP Percentage Mod: HP is shown in percentages\n|clearpoke\n|poke|p1|Cinderace, F|\n|poke|p1|Corviknight, M|\n|poke|p1|Ninetales-Alola, M|\n|poke|p1|Ogerpon-Wellspring, F|\n|poke|p1|Mamoswine, M|\n|poke|p1|Iron Valiant|\n|poke|p2|Alomomola, F|\n|poke|p2|Slowking-Galar, M|\n|poke|p2|Regidrago|\n|poke|p2|Great Tusk|\n|poke|p2|Samurott-Hisui, M|\n|poke|p2|Gholdengo|\n|teampreview\n|\n|t:|1699721542\n|start\n|switch|p1a: Cinderace|Cinderace, F|100\/100\n|switch|p2a: Gholdengo|Gholdengo|100\/100\n|-item|p2a: Gholdengo|Air Balloon\n|turn|1\n|inactive|Battle timer is ON: inactive players will automatically lose when time's up. (requested by 46cm)\n|\n|t:|1699721550\n|switch|p2a: Alomomola|Alomomola, F|100\/100\n|move|p1a: Cinderace|Pyro Ball|p2a: Alomomola\n|-resisted|p2a: Alomomola\n|-damage|p2a: Alomomola|88\/100\n|\n|upkeep\n|turn|2\n|\n|t:|1699721553\n|move|p1a: Cinderace|Will-O-Wisp|p2a: Alomomola\n|-status|p2a: Alomomola|brn\n|move|p2a: Alomomola|Flip Turn|p1a: Cinderace\n|-supereffective|p1a: Cinderace\n|-damage|p1a: Cinderace|81\/100\n|\n|t:|1699721558\n|switch|p2a: Samurott|Samurott-Hisui, M|100\/100|[from] Flip Turn\n|\n|upkeep\n|turn|3\n|\n|t:|1699721560\n|move|p2a: Samurott|Razor Shell|p1a: Cinderace\n|-supereffective|p1a: Cinderace\n|-damage|p1a: Cinderace|0 fnt\n|faint|p1a: Cinderace\n|\n|upkeep\n|\n|t:|1699721565\n|switch|p1a: Ogerpon|Ogerpon-Wellspring, F|100\/100\n|turn|4\n|\n|t:|1699721568\n|switch|p2a: Gholdengo|Gholdengo|100\/100\n|-item|p2a: Gholdengo|Air Balloon\n|move|p1a: Ogerpon|Swords Dance|p1a: Ogerpon\n|-boost|p1a: Ogerpon|atk|2\n|\n|upkeep\n|turn|5\n|\n|t:|1699721575\n|move|p1a: Ogerpon|Ivy Cudgel|p2a: Gholdengo\n|-damage|p2a: Gholdengo|16\/100\n|-enditem|p2a: Gholdengo|Air Balloon\n|move|p2a: Gholdengo|Shadow Ball|p1a: Ogerpon\n|-damage|p1a: Ogerpon|62\/100\n|\n|upkeep\n|turn|6\n|\n|t:|1699721582\n|move|p1a: Ogerpon|Trailblaze|p2a: Gholdengo\n|-resisted|p2a: Gholdengo\n|-damage|p2a: Gholdengo|0 fnt\n|-boost|p1a: Ogerpon|spe|1\n|faint|p2a: Gholdengo\n|\n|upkeep\n|\n|t:|1699721586\n|switch|p2a: Regidrago|Regidrago|100\/100\n|turn|7\n|\n|t:|1699721590\n|move|p1a: Ogerpon|Play Rough|p2a: Regidrago\n|-supereffective|p2a: Regidrago\n|-damage|p2a: Regidrago|0 fnt\n|faint|p2a: Regidrago\n|\n|upkeep\n|-message|46cm forfeited.\n|\n|win|wattinculo\n|raw|wattinculo's rating: 1591 &rarr; <strong>1609<\/strong><br \/>(+18 for winning)\n|raw|46cm's rating: 1562 &rarr; <strong>1544<\/strong><br \/>(-18 for losing)\n|l|\u260646cm\n","uploadtime":1699721634,"views":16,"p1id":"wattinculo","p2id":"46cm","formatid":"gen9ou","rating":1544,"private":0,"password":""}