{"id":"gen9ou-1989061768","p1":"yodaminnesota","p2":"1TemperedSteel1","format":"[Gen 9] OU","log":"|j|\u2606yodaminnesota\n|j|\u26061TemperedSteel1\n|t:|1699807951\n|gametype|singles\n|player|p1|yodaminnesota|265|1379\n|player|p2|1TemperedSteel1|winona|1282\n|teamsize|p1|6\n|teamsize|p2|6\n|gen|9\n|tier|[Gen 9] OU\n|rated|\n|rule|Sleep Clause Mod: Limit one foe put to sleep\n|rule|Species Clause: Limit one of each Pok\u00e9mon\n|rule|OHKO Clause: OHKO moves are banned\n|rule|Evasion Items Clause: Evasion items are banned\n|rule|Evasion Moves Clause: Evasion moves are banned\n|rule|Endless Battle Clause: Forcing endless battles is banned\n|rule|HP Percentage Mod: HP is shown in percentages\n|clearpoke\n|poke|p1|Haxorus, M|\n|poke|p1|Moltres|\n|poke|p1|Alomomola, M|\n|poke|p1|Goodra-Hisui, F|\n|poke|p1|Great Tusk|\n|poke|p1|Kingambit, F|\n|poke|p2|Samurott-Hisui, F|\n|poke|p2|Ceruledge, F|\n|poke|p2|Thundurus-Therian, M|\n|poke|p2|Amoonguss, M|\n|poke|p2|Great Tusk|\n|poke|p2|Gholdengo|\n|teampreview\n|\n|t:|1699807960\n|start\n|switch|p1a: Haxorus|Haxorus, M|100\/100\n|switch|p2a: Thor|Thundurus-Therian, M, shiny|100\/100\n|-ability|p1a: Haxorus|Mold Breaker\n|turn|1\n|\n|t:|1699807970\n|-terastallize|p2a: Thor|Ice\n|move|p2a: Thor|Tera Blast|p1a: Haxorus|[anim] Tera Blast Ice\n|-supereffective|p1a: Haxorus\n|-damage|p1a: Haxorus|0 fnt\n|faint|p1a: Haxorus\n|\n|upkeep\n|\n|t:|1699807973\n|switch|p1a: Moltres|Moltres|100\/100\n|turn|2\n|\n|t:|1699807977\n|move|p2a: Thor|Volt Switch|p1a: Moltres\n|-supereffective|p1a: Moltres\n|-damage|p1a: Moltres|0 fnt\n|faint|p1a: Moltres\n|\n|t:|1699807980\n|switch|p2a: Sekiro|Samurott-Hisui, F, shiny|100\/100|[from] Volt Switch\n|\n|upkeep\n|-message|yodaminnesota forfeited.\n|\n|win|1TemperedSteel1\n|raw|yodaminnesota's rating: 1379 &rarr; <strong>1354<\/strong><br \/>(-25 for losing)\n|raw|1TemperedSteel1's rating: 1282 &rarr; <strong>1314<\/strong><br \/>(+32 for winning)\n|l|\u2606yodaminnesota\n","uploadtime":1699807986,"views":9,"p1id":"yodaminnesota","p2id":"1temperedsteel1","formatid":"gen9ou","rating":1314,"private":0,"password":""}