{"id":"gen9ou-1991088477","p1":"ggvfjfyfdhffhfygf","p2":"ShinyStardust","format":"[Gen 9] OU","log":"|j|\u2606ggvfjfyfdhffhfygf\n|j|\u2606ShinyStardust\n|t:|1700041029\n|gametype|singles\n|player|p1|ggvfjfyfdhffhfygf|2|1024\n|player|p2|ShinyStardust|lucas|1040\n|teamsize|p1|6\n|teamsize|p2|1\n|gen|9\n|tier|[Gen 9] OU\n|rated|\n|rule|Sleep Clause Mod: Limit one foe put to sleep\n|rule|Species Clause: Limit one of each Pok\u00e9mon\n|rule|OHKO Clause: OHKO moves are banned\n|rule|Evasion Items Clause: Evasion items are banned\n|rule|Evasion Moves Clause: Evasion moves are banned\n|rule|Endless Battle Clause: Forcing endless battles is banned\n|rule|HP Percentage Mod: HP is shown in percentages\n|clearpoke\n|poke|p1|Cinderace, F|\n|poke|p1|Landorus-Therian, M|\n|poke|p1|Ribombee, M|\n|poke|p1|Alomomola, M|\n|poke|p1|Ogerpon-Wellspring, F|\n|poke|p1|Kingambit, M|\n|poke|p2|Mamoswine, F|\n|teampreview\n|inactive|Battle timer is ON: inactive players will automatically lose when time's up. (requested by ShinyStardust)\n|\n|t:|1700041031\n|start\n|switch|p1a: Ribombee|Ribombee, M|100\/100\n|switch|p2a: Mamoswine|Mamoswine, F|100\/100\n|turn|1\n|\n|t:|1700041040\n|-terastallize|p2a: Mamoswine|Grass\n|move|p1a: Ribombee|Sticky Web|p2a: Mamoswine\n|-sidestart|p2: ShinyStardust|move: Sticky Web\n|move|p2a: Mamoswine|Trailblaze|p1a: Ribombee\n|-resisted|p1a: Ribombee\n|-damage|p1a: Ribombee|72\/100\n|-boost|p2a: Mamoswine|spe|1\n|\n|upkeep\n|turn|2\n|\n|t:|1700041061\n|move|p2a: Mamoswine|Icicle Crash|p1a: Ribombee\n|-damage|p1a: Ribombee|0 fnt\n|faint|p1a: Ribombee\n|\n|upkeep\n|\n|t:|1700041073\n|switch|p1a: Landorus|Landorus-Therian, M|100\/100\n|-ability|p1a: Landorus|Intimidate|boost\n|-unboost|p2a: Mamoswine|atk|1\n|turn|3\n|\n|t:|1700041080\n|move|p2a: Mamoswine|Icicle Crash|p1a: Landorus\n|-supereffective|p1a: Landorus\n|-damage|p1a: Landorus|0 fnt\n|faint|p1a: Landorus\n|\n|upkeep\n|-message|ggvfjfyfdhffhfygf forfeited.\n|\n|win|ShinyStardust\n|raw|ggvfjfyfdhffhfygf's rating: 1024 &rarr; <strong>1011<\/strong><br \/>(-13 for losing)\n|raw|ShinyStardust's rating: 1040 &rarr; <strong>1072<\/strong><br \/>(+32 for winning)\n|l|\u2606ggvfjfyfdhffhfygf\n","uploadtime":1700041086,"views":12,"p1id":"ggvfjfyfdhffhfygf","p2id":"shinystardust","formatid":"gen9ou","rating":1011,"private":0,"password":""}