{"id":"gen9ou-1994971072","p1":"Lionfire 17","p2":"dragapultbestmon","format":"[Gen 9] OU","log":"|j|\u2606Lionfire 17\n|j|\u2606dragapultbestmon\n|t:|1700509205\n|gametype|singles\n|player|p1|Lionfire 17|169|1072\n|player|p2|dragapultbestmon|raihan|1092\n|teamsize|p1|6\n|teamsize|p2|6\n|gen|9\n|tier|[Gen 9] OU\n|rated|\n|rule|Sleep Clause Mod: Limit one foe put to sleep\n|rule|Species Clause: Limit one of each Pok\u00e9mon\n|rule|OHKO Clause: OHKO moves are banned\n|rule|Evasion Items Clause: Evasion items are banned\n|rule|Evasion Moves Clause: Evasion moves are banned\n|rule|Endless Battle Clause: Forcing endless battles is banned\n|rule|HP Percentage Mod: HP is shown in percentages\n|clearpoke\n|poke|p1|Dragonite, M|\n|poke|p1|Heatran, M|\n|poke|p1|Landorus-Therian, M|\n|poke|p1|Rillaboom, M|\n|poke|p1|Samurott-Hisui, F|\n|poke|p1|Ogerpon-Wellspring, F|\n|poke|p2|Clefable, M|\n|poke|p2|Thundurus-Therian, M|\n|poke|p2|Gholdengo|\n|poke|p2|Toxapex, M|\n|poke|p2|Ogerpon-Cornerstone, F|\n|poke|p2|Cinderace, M|\n|teampreview\n|inactive|Battle timer is ON: inactive players will automatically lose when time's up. (requested by dragapultbestmon)\n|j| c17q\n|c| c17q|ihateniggers\n|c|\u2606dragapultbestmon|dam\n|inactive|dragapultbestmon has 120 seconds left.\n|inactive|dragapultbestmon has 90 seconds left.\n|\n|t:|1700509276\n|start\n|switch|p1a: Landorus|Landorus-Therian, M|100\/100\n|switch|p2a: Ogerpoger da goger|Ogerpon-Cornerstone, F|100\/100\n|-ability|p1a: Landorus|Intimidate|boost\n|-unboost|p2a: Ogerpoger da goger|atk|1\n|turn|1\n|\n|t:|1700509285\n|move|p1a: Landorus|Earthquake|p2a: Ogerpoger da goger\n|-damage|p2a: Ogerpoger da goger|29\/100\n|move|p2a: Ogerpoger da goger|Swords Dance|p2a: Ogerpoger da goger\n|-boost|p2a: Ogerpoger da goger|atk|2\n|\n|upkeep\n|turn|2\n|inactive|dragapultbestmon has 120 seconds left.\n|\n|t:|1700509332\n|move|p1a: Landorus|Earthquake|p2a: Ogerpoger da goger\n|-crit|p2a: Ogerpoger da goger\n|-damage|p2a: Ogerpoger da goger|0 fnt\n|faint|p2a: Ogerpoger da goger\n|\n|upkeep\n|\n|t:|1700509352\n|switch|p2a: thunda bunda|Thundurus-Therian, M|100\/100\n|turn|3\n|j|@Venous\n|inactive|dragapultbestmon has 90 seconds left.\n|inactive|dragapultbestmon has 60 seconds left.\n|\n|t:|1700509411\n|switch|p1a: Heatran|Heatran, M|100\/100\n|-item|p1a: Heatran|Air Balloon\n|switch|p2a: kaka|Toxapex, M|100\/100\n|\n|upkeep\n|turn|4\n|inactive|dragapultbestmon has 60 seconds left.\n|\n|t:|1700509435\n|move|p2a: kaka|Baneful Bunker|p2a: kaka\n|-singleturn|p2a: kaka|move: Protect\n|move|p1a: Heatran|Earth Power|p2a: kaka\n|-activate|p2a: kaka|move: Protect\n|\n|upkeep\n|turn|5\n|inactive|dragapultbestmon has 60 seconds left.\n|\n|t:|1700509448\n|switch|p2a: thunda bunda|Thundurus-Therian, M|100\/100\n|move|p1a: Heatran|Taunt|p2a: thunda bunda\n|-start|p2a: thunda bunda|move: Taunt\n|\n|upkeep\n|turn|6\n|inactive|dragapultbestmon has 60 seconds left.\n|\n|t:|1700509463\n|move|p2a: thunda bunda|Volt Switch|p1a: Heatran\n|-damage|p1a: Heatran|65\/100\n|-enditem|p1a: Heatran|Air Balloon\n|\n|t:|1700509469\n|switch|p2a: cindabinda|Cinderace, M|100\/100|[from] Volt Switch\n|move|p1a: Heatran|Stealth Rock|p2a: cindabinda\n|-sidestart|p2: dragapultbestmon|move: Stealth Rock\n|\n|upkeep\n|turn|7\n|inactive|dragapultbestmon has 60 seconds left.\n|\n|t:|1700509490\n|move|p2a: cindabinda|High Jump Kick|p1a: Heatran\n|-start|p2a: cindabinda|typechange|Fighting|[from] ability: Libero\n|-supereffective|p1a: Heatran\n|-damage|p1a: Heatran|0 fnt\n|faint|p1a: Heatran\n|\n|upkeep\n|l|@Venous\n|inactive|Lionfire 17 has 120 seconds left.\n|c|\u2606dragapultbestmon|thanks venous\n|\n|t:|1700509519\n|switch|p1a: Ogerpon|Ogerpon-Wellspring, F|100\/100\n|turn|8\n|\n|t:|1700509524\n|move|p2a: cindabinda|U-turn|p1a: Ogerpon\n|-supereffective|p1a: Ogerpon\n|-damage|p1a: Ogerpon|43\/100\n|-message|Lionfire 17 forfeited.\n|\n|win|dragapultbestmon\n|raw|Lionfire 17's rating: 1072 &rarr; <strong>1052<\/strong><br \/>(-20 for losing)\n|raw|dragapultbestmon's rating: 1092 &rarr; <strong>1117<\/strong><br \/>(+25 for winning)\n|l|\u2606Lionfire 17\n","uploadtime":1700509225,"views":6,"p1id":"lionfire17","p2id":"dragapultbestmon","formatid":"gen9ou","rating":1052,"private":0,"password":""}