{"id":"gen9ou-1995177027","p1":"NotTony69","p2":"ApplinFan773","format":"[Gen 9] OU","log":"|j|\u2606NotTony69\n|j|\u2606ApplinFan773\n|t:|1700531215\n|gametype|singles\n|player|p1|NotTony69|266|\n|player|p2|ApplinFan773|cilan|\n|teamsize|p1|6\n|teamsize|p2|6\n|gen|9\n|tier|[Gen 9] OU\n|rule|Sleep Clause Mod: Limit one foe put to sleep\n|rule|Species Clause: Limit one of each Pok\u00e9mon\n|rule|OHKO Clause: OHKO moves are banned\n|rule|Evasion Items Clause: Evasion items are banned\n|rule|Evasion Moves Clause: Evasion moves are banned\n|rule|Endless Battle Clause: Forcing endless battles is banned\n|rule|HP Percentage Mod: HP is shown in percentages\n|clearpoke\n|poke|p1|Kingambit, M|\n|poke|p1|Tinkaton, F|\n|poke|p1|Dusclops, F|\n|poke|p1|Snorlax, M|\n|poke|p1|Chandelure, F|\n|poke|p1|Clefairy, F|\n|poke|p2|Torterra, M|\n|poke|p2|Rillaboom, M|\n|poke|p2|Basculegion-F, F|\n|poke|p2|Dragapult, F|\n|poke|p2|Sinistcha|\n|poke|p2|Chandelure, F|\n|teampreview\n|inactive|Battle timer is ON: inactive players will automatically lose when time's up. (requested by ApplinFan773)\n|c|\u2606NotTony69|Oh?\n|c|\u2606ApplinFan773|Guz said round 3 is 3v3 singles\n|c|\u2606ApplinFan773|But no format does that\n|c|\u2606ApplinFan773|So we just pick 3\n|inactive|NotTony69 has 270 seconds left.\n|inactive|ApplinFan773 has 270 seconds left.\n|c|\u2606ApplinFan773|And when those 3 faint, we forfeit\n|inactiveoff|Battle timer is now OFF.\n|c|\u2606NotTony69|ok\n|\n|t:|1700531257\n|start\n|switch|p1a: Kingambit|Kingambit, M, shiny|100\/100\n|switch|p2a: Hector|Rillaboom, M|100\/100\n|-fieldstart|move: Grassy Terrain|[from] ability: Grassy Surge|[of] p2a: Hector\n|turn|1\n|\n|t:|1700531303\n|move|p2a: Hector|High Horsepower|p1a: Kingambit\n|-supereffective|p1a: Kingambit\n|-damage|p1a: Kingambit|15\/100\n|move|p1a: Kingambit|Swords Dance|p1a: Kingambit\n|-boost|p1a: Kingambit|atk|2\n|\n|-heal|p1a: Kingambit|21\/100|[from] Grassy Terrain\n|upkeep\n|turn|2\n|\n|t:|1700531315\n|-terastallize|p1a: Kingambit|Dark\n|move|p1a: Kingambit|Sucker Punch|p2a: Hector\n|-crit|p2a: Hector\n|-damage|p2a: Hector|0 fnt\n|faint|p2a: Hector\n|\n|-heal|p1a: Kingambit|27\/100|[from] Grassy Terrain\n|upkeep\n|c|\u2606ApplinFan773|Oh ffs\n|c|\u2606NotTony69|Yep I knew it\n|\n|t:|1700531330\n|switch|p2a: Mauteh|Sinistcha, shiny|100\/100\n|turn|3\n|\n|t:|1700531338\n|-terastallize|p2a: Mauteh|Water\n|move|p1a: Kingambit|Sucker Punch|p2a: Mauteh\n|-damage|p2a: Mauteh|0 fnt\n|faint|p2a: Mauteh\n|\n|-heal|p1a: Kingambit|33\/100|[from] Grassy Terrain\n|upkeep\n|\n|t:|1700531347\n|switch|p2a: Vincent|Torterra, M, shiny|100\/100\n|turn|4\n|c|\u2606ApplinFan773|Ah well\n|\n|t:|1700531354\n|move|p2a: Vincent|Shell Smash|p2a: Vincent\n|-unboost|p2a: Vincent|def|1\n|-unboost|p2a: Vincent|spd|1\n|-boost|p2a: Vincent|atk|2\n|-boost|p2a: Vincent|spa|2\n|-boost|p2a: Vincent|spe|2\n|move|p1a: Kingambit|Night Slash|p2a: Vincent\n|-damage|p2a: Vincent|0 fnt\n|faint|p2a: Vincent\n|\n|-heal|p1a: Kingambit|39\/100|[from] Grassy Terrain\n|upkeep\n|c|\u2606NotTony69|gg\n|c|\u2606ApplinFan773|Nothing i could really do, gg\n|-message|ApplinFan773 forfeited.\n|\n|win|NotTony69\n|c|\u2606NotTony69|lol\n|l|\u2606NotTony69\n","uploadtime":1700531374,"views":13,"p1id":"nottony69","p2id":"applinfan773","formatid":"gen9ou","rating":0,"private":0,"password":""}