{"id":"gen9ou-1997638042","p1":"RUMYMOME","p2":"arkeis","format":"[Gen 9] OU","log":"|j|\u2606RUMYMOME\n|j|\u2606arkeis\n|inactive|Battle timer is ON: inactive players will automatically lose when time's up.\n|t:|1700836084\n|gametype|singles\n|player|p1|RUMYMOME|marshal|\n|player|p2|arkeis|drayden|\n|teamsize|p1|6\n|teamsize|p2|6\n|gen|9\n|tier|[Gen 9] OU\n|rated|Tournament battle\n|rule|Sleep Clause Mod: Limit one foe put to sleep\n|rule|Species Clause: Limit one of each Pok\u00e9mon\n|rule|OHKO Clause: OHKO moves are banned\n|rule|Evasion Items Clause: Evasion items are banned\n|rule|Evasion Moves Clause: Evasion moves are banned\n|rule|Endless Battle Clause: Forcing endless battles is banned\n|rule|HP Percentage Mod: HP is shown in percentages\n|rule|Category Swap Mod: All physical moves become special, and vice versa\n|rule|Flipped Mod: Pokemon have their stats flipped (HP becomes Spe, vice versa).\n|clearpoke\n|poke|p1|Great Tusk|\n|poke|p1|Ting-Lu|\n|poke|p1|Gholdengo|\n|poke|p1|Iron Hands|\n|poke|p1|Okidogi, M|\n|poke|p1|Braviary-Hisui, M|\n|poke|p2|Dragapult, F|\n|poke|p2|Great Tusk|\n|poke|p2|Blissey, F|\n|poke|p2|Ceruledge, F|\n|poke|p2|Gengar, F|\n|poke|p2|Chesnaught, M|\n|teampreview\n|j|*Lady Monita \u2746\n|inactive|RUMYMOME has 120 seconds left.\n|inactive|RUMYMOME has 90 seconds left.\n|inactive|RUMYMOME has 60 seconds left.\n|inactive|RUMYMOME has 30 seconds left.\n|inactive|RUMYMOME has 20 seconds left.\n|inactive|RUMYMOME has 15 seconds left.\n|inactive|RUMYMOME has 10 seconds left.\n|\n|t:|1700836227\n|start\n|switch|p1a: Great Tusk|Great Tusk|100\/100\n|switch|p2a: Chesnaught|Chesnaught, M|100\/100\n|turn|1\n|j| Jello1231\n|\n|t:|1700836238\n|move|p1a: Great Tusk|Knock Off|p2a: Chesnaught\n|-resisted|p2a: Chesnaught\n|-damage|p2a: Chesnaught|91\/100\n|-enditem|p2a: Chesnaught|Leftovers|[from] move: Knock Off|[of] p1a: Great Tusk\n|move|p2a: Chesnaught|Leech Seed|p1a: Great Tusk\n|-start|p1a: Great Tusk|move: Leech Seed\n|\n|-damage|p1a: Great Tusk|88\/100|[from] Leech Seed|[of] p2a: Chesnaught\n|-heal|p2a: Chesnaught|100\/100|[silent]\n|upkeep\n|turn|2\n|inactive|RUMYMOME has 60 seconds left.\n|inactive|RUMYMOME has 30 seconds left.\n|inactive|RUMYMOME has 20 seconds left.\n|inactive|RUMYMOME has 15 seconds left.\n|inactive|RUMYMOME has 10 seconds left.\n|inactive|RUMYMOME has 5 seconds left.\n|-message|RUMYMOME lost due to inactivity.\n|\n|win|arkeis\n|n|\u2606RUMYMOME|rumymome\n|n|\u2606arkeis|arkeis\n|n|*Lady Monita \u2746|ladymonita\n|n| Jello1231|jello1231\n","uploadtime":1700836324,"views":5,"p1id":"rumymome","p2id":"arkeis","formatid":"gen9ou","rating":0,"private":0,"password":""}