{"id":"gen9ou-1999452472","p1":"cangcang3","p2":"wyverbal","format":"[Gen 9] OU","log":"|j|\u2606cangcang3\n|j|\u2606wyverbal\n|t:|1701082798\n|gametype|singles\n|player|p1|cangcang3|265|1241\n|player|p2|wyverbal|265|1132\n|teamsize|p1|6\n|teamsize|p2|6\n|gen|9\n|tier|[Gen 9] OU\n|rated|\n|rule|Sleep Clause Mod: Limit one foe put to sleep\n|rule|Species Clause: Limit one of each Pok\u00e9mon\n|rule|OHKO Clause: OHKO moves are banned\n|rule|Evasion Items Clause: Evasion items are banned\n|rule|Evasion Moves Clause: Evasion moves are banned\n|rule|Endless Battle Clause: Forcing endless battles is banned\n|rule|HP Percentage Mod: HP is shown in percentages\n|clearpoke\n|poke|p1|Manaphy|\n|poke|p1|Ribombee, M|\n|poke|p1|Iron Moth|\n|poke|p1|Dragonite, F|\n|poke|p1|Garganacl, F|\n|poke|p1|Landorus-Therian, M|\n|poke|p2|Dipplin, F|\n|poke|p2|Enamorus-Therian, F|\n|poke|p2|Glimmora, M|\n|poke|p2|Alomomola, M|\n|poke|p2|Grimmsnarl, M|\n|poke|p2|Kommo-o, F|\n|teampreview\n|inactive|Battle timer is ON: inactive players will automatically lose when time's up. (requested by wyverbal)\n|inactive|cangcang3 also wants the timer to be on.\n|\n|t:|1701082810\n|start\n|switch|p1a: Ribombee|Ribombee, M|100\/100\n|switch|p2a: Enamorus|Enamorus-Therian, F, shiny|100\/100\n|turn|1\n|\n|t:|1701082819\n|move|p1a: Ribombee|Sticky Web|p2a: Enamorus\n|-sidestart|p2: wyverbal|move: Sticky Web\n|move|p2a: Enamorus|Agility|p2a: Enamorus\n|-boost|p2a: Enamorus|spe|2\n|\n|upkeep\n|turn|2\n|\n|t:|1701082828\n|move|p2a: Enamorus|Agility|p2a: Enamorus\n|-boost|p2a: Enamorus|spe|2\n|move|p1a: Ribombee|Moonblast|p2a: Enamorus\n|-damage|p2a: Enamorus|57\/100\n|\n|upkeep\n|turn|3\n|\n|t:|1701082851\n|move|p2a: Enamorus|Moonblast|p1a: Ribombee\n|-damage|p1a: Ribombee|5\/100\n|move|p1a: Ribombee|Stun Spore|p2a: Enamorus\n|-immune|p2a: Enamorus|[from] ability: Overcoat\n|\n|upkeep\n|turn|4\n|\n|t:|1701082863\n|move|p2a: Enamorus|Moonblast|p1a: Ribombee\n|-damage|p1a: Ribombee|0 fnt\n|faint|p1a: Ribombee\n|\n|upkeep\n|\n|t:|1701082868\n|switch|p1a: Iron Moth|Iron Moth|100\/100\n|-enditem|p1a: Iron Moth|Booster Energy\n|-activate|p1a: Iron Moth|ability: Quark Drive|[fromitem]\n|-start|p1a: Iron Moth|quarkdrivespa\n|turn|5\n|\n|t:|1701082873\n|move|p2a: Enamorus|Earth Power|p1a: Iron Moth\n|-supereffective|p1a: Iron Moth\n|-damage|p1a: Iron Moth|0 fnt\n|faint|p1a: Iron Moth\n|-end|p1a: Iron Moth|Quark Drive|[silent]\n|\n|upkeep\n|-message|cangcang3 forfeited.\n|\n|win|wyverbal\n|raw|cangcang3's rating: 1241 &rarr; <strong>1208<\/strong><br \/>(-33 for losing)\n|raw|wyverbal's rating: 1132 &rarr; <strong>1165<\/strong><br \/>(+33 for winning)\n|l|\u2606cangcang3\n","uploadtime":1701082886,"views":2,"p1id":"cangcang3","p2id":"wyverbal","formatid":"gen9ou","rating":1165,"private":0,"password":""}