{"id":"gen9ou-1989450096","p1":"Onte bad","p2":"TheArcaneAce13","format":"[Gen 9] OU","log":"|j|\u2606Onte bad\n|j|\u2606TheArcaneAce13\n|t:|1699852276\n|gametype|singles\n|player|p1|Onte bad|2|1109\n|player|p2|TheArcaneAce13|ingo|1176\n|teamsize|p1|6\n|teamsize|p2|6\n|gen|9\n|tier|[Gen 9] OU\n|rated|\n|rule|Sleep Clause Mod: Limit one foe put to sleep\n|rule|Species Clause: Limit one of each Pok\u00e9mon\n|rule|OHKO Clause: OHKO moves are banned\n|rule|Evasion Items Clause: Evasion items are banned\n|rule|Evasion Moves Clause: Evasion moves are banned\n|rule|Endless Battle Clause: Forcing endless battles is banned\n|rule|HP Percentage Mod: HP is shown in percentages\n|clearpoke\n|poke|p1|Gholdengo|\n|poke|p1|Glimmora, F|\n|poke|p1|Ribombee, M|\n|poke|p1|Cinderace, M|\n|poke|p1|Dragonite, F|\n|poke|p1|Thundurus-Therian, M|\n|poke|p2|Mamoswine, M|\n|poke|p2|Hawlucha, M|\n|poke|p2|Rillaboom, M|\n|poke|p2|Goodra-Hisui, F|\n|poke|p2|Mimikyu, M|\n|poke|p2|Garganacl, M|\n|teampreview\n|inactive|Battle timer is ON: inactive players will automatically lose when time's up. (requested by TheArcaneAce13)\n|\n|t:|1699852286\n|start\n|switch|p1a: Thundurus|Thundurus-Therian, M|100\/100\n|switch|p2a: Moo?|Mamoswine, M|100\/100\n|turn|1\n|\n|t:|1699852291\n|move|p1a: Thundurus|Grass Knot|p2a: Moo?\n|-supereffective|p2a: Moo?\n|-damage|p2a: Moo?|0 fnt\n|faint|p2a: Moo?\n|\n|upkeep\n|-message|TheArcaneAce13 forfeited.\n|\n|win|Onte bad\n|raw|Onte bad's rating: 1109 &rarr; <strong>1139<\/strong><br \/>(+30 for winning)\n|raw|TheArcaneAce13's rating: 1176 &rarr; <strong>1146<\/strong><br \/>(-30 for losing)\n|l|\u2606TheArcaneAce13\n","uploadtime":1699852298,"views":9,"p1id":"ontebad","p2id":"thearcaneace13","formatid":"gen9ou","rating":1139,"private":0,"password":""}