{"id":"gen9ou-1991260904","p1":"cheddarblasted","p2":"Welcometoearth420","format":"[Gen 9] OU","log":"|j|\u2606cheddarblasted\n|j|\u2606Welcometoearth420\n|t:|1700062204\n|gametype|singles\n|player|p1|cheddarblasted|giovanni|1399\n|player|p2|Welcometoearth420|101|1515\n|teamsize|p1|6\n|teamsize|p2|6\n|gen|9\n|tier|[Gen 9] OU\n|rated|\n|rule|Sleep Clause Mod: Limit one foe put to sleep\n|rule|Species Clause: Limit one of each Pok\u00e9mon\n|rule|OHKO Clause: OHKO moves are banned\n|rule|Evasion Items Clause: Evasion items are banned\n|rule|Evasion Moves Clause: Evasion moves are banned\n|rule|Endless Battle Clause: Forcing endless battles is banned\n|rule|HP Percentage Mod: HP is shown in percentages\n|clearpoke\n|poke|p1|Sneasler, F|\n|poke|p1|Samurott-Hisui, F|\n|poke|p1|Cinderace, M|\n|poke|p1|Zapdos|\n|poke|p1|Dragapult, F|\n|poke|p1|Kingambit, F|\n|poke|p2|Samurott-Hisui, M|\n|poke|p2|Ogerpon-Wellspring, F|\n|poke|p2|Great Tusk|\n|poke|p2|Dragonite, M|\n|poke|p2|Clefable, M|\n|poke|p2|Dragapult, M|\n|teampreview\n|\n|t:|1700062214\n|start\n|switch|p1a: Sneasler|Sneasler, F|100\/100\n|switch|p2a: Samurott|Samurott-Hisui, M|100\/100\n|turn|1\n|\n|t:|1700062222\n|move|p1a: Sneasler|U-turn|p2a: Samurott\n|-supereffective|p2a: Samurott\n|-damage|p2a: Samurott|48\/100\n|\n|t:|1700062229\n|switch|p1a: Cinderace|Cinderace, M|100\/100|[from] U-turn\n|move|p2a: Samurott|Razor Shell|p1a: Cinderace\n|-supereffective|p1a: Cinderace\n|-damage|p1a: Cinderace|0 fnt\n|faint|p1a: Cinderace\n|\n|upkeep\n|\n|t:|1700062246\n|switch|p1a: Sneasler|Sneasler, F|100\/100\n|turn|2\n|\n|t:|1700062250\n|move|p2a: Samurott|Aqua Jet|p1a: Sneasler\n|-damage|p1a: Sneasler|73\/100\n|move|p1a: Sneasler|U-turn|p2a: Samurott\n|-supereffective|p2a: Samurott\n|-damage|p2a: Samurott|0 fnt\n|faint|p2a: Samurott\n|\n|t:|1700062258\n|switch|p1a: Samurott|Samurott-Hisui, F|100\/100|[from] U-turn\n|\n|upkeep\n|\n|t:|1700062263\n|switch|p2a: Ogerpon|Ogerpon-Wellspring, F|100\/100\n|turn|3\n|\n|t:|1700062272\n|switch|p1a: Zapdos|Zapdos|100\/100\n|move|p2a: Ogerpon|Swords Dance|p2a: Ogerpon\n|-boost|p2a: Ogerpon|atk|2\n|\n|upkeep\n|turn|4\n|\n|t:|1700062276\n|-terastallize|p2a: Ogerpon|Water\n|detailschange|p2a: Ogerpon|Ogerpon-Wellspring-Tera, F, tera:Water\n|-ability|p2a: Ogerpon|Embody Aspect (Wellspring)|boost\n|-boost|p2a: Ogerpon|spd|1\n|move|p2a: Ogerpon|Ivy Cudgel|p1a: Zapdos|[anim] Ivy Cudgel Water\n|-damage|p1a: Zapdos|0 fnt\n|faint|p1a: Zapdos\n|\n|upkeep\n|\n|t:|1700062284\n|switch|p1a: Dragapult|Dragapult, F|100\/100\n|turn|5\n|\n|t:|1700062289\n|move|p1a: Dragapult|Draco Meteor|p2a: Ogerpon|[miss]\n|-miss|p1a: Dragapult|p2a: Ogerpon\n|move|p2a: Ogerpon|Ivy Cudgel|p1a: Dragapult|[anim] Ivy Cudgel Water\n|-resisted|p1a: Dragapult\n|-damage|p1a: Dragapult|0 fnt\n|faint|p1a: Dragapult\n|\n|upkeep\n|-message|cheddarblasted forfeited.\n|\n|win|Welcometoearth420\n|raw|cheddarblasted's rating: 1399 &rarr; <strong>1385<\/strong><br \/>(-14 for losing)\n|raw|Welcometoearth420's rating: 1515 &rarr; <strong>1529<\/strong><br \/>(+14 for winning)\n|l|\u2606cheddarblasted\n","uploadtime":1700062296,"views":6,"p1id":"cheddarblasted","p2id":"welcometoearth420","formatid":"gen9ou","rating":1385,"private":0,"password":""}