{"id":"gen9ou-1991053660","p1":"emrysthemay","p2":"kokoalikecocoa","format":"[Gen 9] OU","log":"|j|\u2606emrysthemay\n|j|\u2606kokoalikecocoa\n|t:|1700035318\n|gametype|singles\n|player|p1|emrysthemay|169|1004\n|player|p2|kokoalikecocoa|102|1081\n|teamsize|p1|6\n|teamsize|p2|6\n|gen|9\n|tier|[Gen 9] OU\n|rated|\n|rule|Sleep Clause Mod: Limit one foe put to sleep\n|rule|Species Clause: Limit one of each Pok\u00e9mon\n|rule|OHKO Clause: OHKO moves are banned\n|rule|Evasion Items Clause: Evasion items are banned\n|rule|Evasion Moves Clause: Evasion moves are banned\n|rule|Endless Battle Clause: Forcing endless battles is banned\n|rule|HP Percentage Mod: HP is shown in percentages\n|clearpoke\n|poke|p1|Dondozo, F|\n|poke|p1|Pelipper, F|\n|poke|p1|Azumarill, M|\n|poke|p1|Garchomp, F|\n|poke|p1|Vaporeon, M|\n|poke|p1|Basculegion-F, F|\n|poke|p2|Drednaw, F|\n|poke|p2|Morpeko, M|\n|poke|p2|Sneasler, M|\n|poke|p2|Grimmsnarl, M|\n|poke|p2|Persian-Alola, M|\n|poke|p2|Cloyster, F|\n|teampreview\n|j| shyguyry\n|\n|t:|1700035328\n|start\n|switch|p1a: Pelipper|Pelipper, F|100\/100\n|switch|p2a: Cloyster|Cloyster, F|100\/100\n|-weather|RainDance|[from] ability: Drizzle|[of] p1a: Pelipper\n|turn|1\n|j| vxheme\n|\n|t:|1700035337\n|move|p2a: Cloyster|Rock Blast|p1a: Pelipper\n|-supereffective|p1a: Pelipper\n|-damage|p1a: Pelipper|89\/100\n|-supereffective|p1a: Pelipper\n|-damage|p1a: Pelipper|77\/100\n|-supereffective|p1a: Pelipper\n|-damage|p1a: Pelipper|65\/100\n|-supereffective|p1a: Pelipper\n|-damage|p1a: Pelipper|52\/100\n|-supereffective|p1a: Pelipper\n|-damage|p1a: Pelipper|39\/100\n|-hitcount|p1a: Pelipper|5\n|move|p1a: Pelipper|Hurricane|p2a: Cloyster\n|-damage|p2a: Cloyster|6\/100\n|\n|-weather|RainDance|[upkeep]\n|upkeep\n|turn|2\n|\n|t:|1700035355\n|switch|p1a: Jimbo Ding|Azumarill, M|100\/100\n|move|p2a: Cloyster|Icicle Spear|p1a: Jimbo Ding\n|-resisted|p1a: Jimbo Ding\n|-damage|p1a: Jimbo Ding|95\/100\n|-resisted|p1a: Jimbo Ding\n|-damage|p1a: Jimbo Ding|89\/100\n|-resisted|p1a: Jimbo Ding\n|-damage|p1a: Jimbo Ding|83\/100\n|-resisted|p1a: Jimbo Ding\n|-damage|p1a: Jimbo Ding|77\/100\n|-resisted|p1a: Jimbo Ding\n|-damage|p1a: Jimbo Ding|71\/100\n|-hitcount|p1a: Jimbo Ding|5\n|-heal|p2a: Cloyster|12\/100|[from] item: Shell Bell|[of] p1a: Jimbo Ding\n|\n|-weather|RainDance|[upkeep]\n|upkeep\n|turn|3\n|\n|t:|1700035373\n|move|p1a: Jimbo Ding|Aqua Jet|p2a: Cloyster\n|-resisted|p2a: Cloyster\n|-damage|p2a: Cloyster|0 fnt\n|faint|p2a: Cloyster\n|\n|-weather|RainDance|[upkeep]\n|upkeep\n|\n|t:|1700035380\n|switch|p2a: Drednaw|Drednaw, F|100\/100\n|turn|4\n|\n|t:|1700035394\n|move|p2a: Drednaw|Crunch|p1a: Jimbo Ding\n|-resisted|p1a: Jimbo Ding\n|-damage|p1a: Jimbo Ding|49\/100\n|move|p1a: Jimbo Ding|Liquidation|p2a: Drednaw\n|-damage|p2a: Drednaw|0 fnt\n|faint|p2a: Drednaw\n|\n|-weather|RainDance|[upkeep]\n|upkeep\n|l| vxheme\n|-message|kokoalikecocoa forfeited.\n|\n|win|emrysthemay\n|raw|emrysthemay's rating: 1004 &rarr; <strong>1052<\/strong><br \/>(+48 for winning)\n|raw|kokoalikecocoa's rating: 1081 &rarr; <strong>1054<\/strong><br \/>(-27 for losing)\n|l|\u2606kokoalikecocoa\n|j| vxheme\n|l| shyguyry\n|l| vxheme\n|j| vxheme\n|l| vxheme\n","uploadtime":1700036842,"views":8,"p1id":"emrysthemay","p2id":"kokoalikecocoa","formatid":"gen9ou","rating":1052,"private":0,"password":""}