{"id":"gen9ou-1990233416","p1":"pk-hunter","p2":"Fazticeiro","format":"[Gen 9] OU","log":"|j|\u2606pk-hunter\n|j|\u2606Fazticeiro\n|t:|1699941592\n|gametype|singles\n|player|p1|pk-hunter|265|1091\n|player|p2|Fazticeiro|marley|1078\n|teamsize|p1|6\n|teamsize|p2|6\n|gen|9\n|tier|[Gen 9] OU\n|rated|\n|rule|Sleep Clause Mod: Limit one foe put to sleep\n|rule|Species Clause: Limit one of each Pok\u00e9mon\n|rule|OHKO Clause: OHKO moves are banned\n|rule|Evasion Items Clause: Evasion items are banned\n|rule|Evasion Moves Clause: Evasion moves are banned\n|rule|Endless Battle Clause: Forcing endless battles is banned\n|rule|HP Percentage Mod: HP is shown in percentages\n|clearpoke\n|poke|p1|Luxray, M|\n|poke|p1|Breloom, M|\n|poke|p1|Garchomp, F|\n|poke|p1|Gardevoir, F|\n|poke|p1|Hippowdon, M|\n|poke|p1|Whiscash, M|\n|poke|p2|Greninja-*, F|\n|poke|p2|Garchomp, F|\n|poke|p2|Shaymin|\n|poke|p2|Eelektross, M|\n|poke|p2|Hatterene, F|\n|poke|p2|Sneasler, F|\n|teampreview\n|\n|t:|1699941605\n|start\n|switch|p1a: Breloom|Breloom, M|100\/100\n|switch|p2a: Hatterene|Hatterene, F|100\/100\n|turn|1\n|\n|t:|1699941622\n|-terastallize|p1a: Breloom|Poison\n|move|p1a: Breloom|Poison Jab|p2a: Hatterene\n|-supereffective|p2a: Hatterene\n|-damage|p2a: Hatterene|0 fnt\n|faint|p2a: Hatterene\n|\n|upkeep\n|\n|t:|1699941635\n|switch|p2a: Yoruichi|Greninja, F, shiny|100\/100\n|turn|2\n|\n|t:|1699941642\n|move|p2a: Yoruichi|Extrasensory|p1a: Breloom\n|-supereffective|p1a: Breloom\n|-enditem|p1a: Breloom|Focus Sash\n|-damage|p1a: Breloom|1\/100\n|move|p1a: Breloom|Spore|p2a: Yoruichi\n|-status|p2a: Yoruichi|slp|[from] move: Spore\n|\n|upkeep\n|turn|3\n|-message|Fazticeiro forfeited.\n|\n|win|pk-hunter\n|raw|pk-hunter's rating: 1091 &rarr; <strong>1116<\/strong><br \/>(+25 for winning)\n|raw|Fazticeiro's rating: 1078 &rarr; <strong>1057<\/strong><br \/>(-21 for losing)\n|l|\u2606Fazticeiro\n","uploadtime":1699941670,"views":27,"p1id":"pkhunter","p2id":"fazticeiro","formatid":"gen9ou","rating":1057,"private":0,"password":""}