{"id":"gen9ou-1991696800","p1":"hydromissfocushit","p2":"karpmer","format":"[Gen 9] OU","log":"|j|\u2606hydromissfocushit\n|j|\u2606karpmer\n|t:|1700103817\n|gametype|singles\n|player|p1|hydromissfocushit|266|1316\n|player|p2|karpmer|hugh|1320\n|teamsize|p1|6\n|teamsize|p2|6\n|gen|9\n|tier|[Gen 9] OU\n|rated|\n|rule|Sleep Clause Mod: Limit one foe put to sleep\n|rule|Species Clause: Limit one of each Pok\u00e9mon\n|rule|OHKO Clause: OHKO moves are banned\n|rule|Evasion Items Clause: Evasion items are banned\n|rule|Evasion Moves Clause: Evasion moves are banned\n|rule|Endless Battle Clause: Forcing endless battles is banned\n|rule|HP Percentage Mod: HP is shown in percentages\n|clearpoke\n|poke|p1|Empoleon, M|\n|poke|p1|Iron Moth|\n|poke|p1|Landorus-Therian, M|\n|poke|p1|Scizor, F|\n|poke|p1|Zamazenta-*|\n|poke|p1|Zapdos|\n|poke|p2|Dragapult, F|\n|poke|p2|Ogerpon-Wellspring, F|\n|poke|p2|Hatterene, F|\n|poke|p2|Ribombee, M|\n|poke|p2|Great Tusk|\n|poke|p2|Gholdengo|\n|teampreview\n|inactive|Battle timer is ON: inactive players will automatically lose when time's up. (requested by karpmer)\n|\n|t:|1700103832\n|start\n|switch|p1a: Scizor|Scizor, F|100\/100\n|switch|p2a: Hatterene|Hatterene, F|100\/100\n|turn|1\n|\n|t:|1700103837\n|switch|p1a: Empoleon|Empoleon, M|100\/100\n|switch|p2a: Great Tusk|Great Tusk|100\/100\n|\n|upkeep\n|turn|2\n|\n|t:|1700103845\n|switch|p1a: Zapdos|Zapdos|100\/100\n|move|p2a: Great Tusk|Knock Off|p1a: Zapdos\n|-damage|p1a: Zapdos|66\/100\n|-enditem|p1a: Zapdos|Heavy-Duty Boots|[from] move: Knock Off|[of] p2a: Great Tusk\n|\n|upkeep\n|turn|3\n|c|\u2606karpmer|ugh\n|\n|t:|1700103860\n|-end|p2a: Great Tusk|Protosynthesis|[silent]\n|switch|p2a: Gholdengo|Gholdengo|100\/100\n|move|p1a: Zapdos|Hurricane|p2a: Gholdengo|[miss]\n|-miss|p1a: Zapdos|p2a: Gholdengo\n|\n|upkeep\n|turn|4\n|\n|t:|1700103864\n|move|p2a: Gholdengo|Make It Rain|p1a: Zapdos\n|-resisted|p1a: Zapdos\n|-damage|p1a: Zapdos|44\/100\n|-unboost|p2a: Gholdengo|spa|1\n|move|p1a: Zapdos|Roost|p1a: Zapdos\n|-heal|p1a: Zapdos|94\/100\n|-singleturn|p1a: Zapdos|move: Roost\n|\n|upkeep\n|turn|5\n|\n|t:|1700103873\n|switch|p2a: Hatterene|Hatterene, F|100\/100\n|move|p1a: Zapdos|Discharge|p2a: Hatterene\n|-damage|p2a: Hatterene|75\/100\n|\n|upkeep\n|turn|6\n|\n|t:|1700103879\n|move|p1a: Zapdos|Discharge|p2a: Hatterene\n|-damage|p2a: Hatterene|50\/100\n|move|p2a: Hatterene|Light Screen|p2a: Hatterene\n|-sidestart|p2: karpmer|move: Light Screen\n|\n|upkeep\n|turn|7\n|\n|t:|1700103883\n|move|p1a: Zapdos|Discharge|p2a: Hatterene\n|-damage|p2a: Hatterene|37\/100\n|-status|p2a: Hatterene|par\n|move|p2a: Hatterene|Reflect|p2a: Hatterene\n|-sidestart|p2: karpmer|Reflect\n|\n|upkeep\n|turn|8\n|\n|t:|1700103891\n|switch|p1a: Empoleon|Empoleon, M|100\/100\n|switch|p2a: Ribombee|Ribombee, M|100\/100\n|\n|upkeep\n|turn|9\n|\n|t:|1700103896\n|move|p2a: Ribombee|Quiver Dance|p2a: Ribombee\n|-boost|p2a: Ribombee|spa|1\n|-boost|p2a: Ribombee|spd|1\n|-boost|p2a: Ribombee|spe|1\n|move|p1a: Empoleon|Flash Cannon|p2a: Ribombee\n|-supereffective|p2a: Ribombee\n|-damage|p2a: Ribombee|51\/100\n|-enditem|p2a: Ribombee|Weakness Policy\n|-boost|p2a: Ribombee|atk|2|[from] item: Weakness Policy\n|-boost|p2a: Ribombee|spa|2|[from] item: Weakness Policy\n|\n|upkeep\n|turn|10\n|\n|t:|1700103914\n|move|p2a: Ribombee|Stored Power|p1a: Empoleon\n|-resisted|p1a: Empoleon\n|-damage|p1a: Empoleon|45\/100\n|move|p1a: Empoleon|Flash Cannon|p2a: Ribombee\n|-supereffective|p2a: Ribombee\n|-damage|p2a: Ribombee|1\/100\n|\n|-heal|p1a: Empoleon|51\/100|[from] item: Leftovers\n|upkeep\n|turn|11\n|c|\u2606karpmer|damn\n|\n|t:|1700103923\n|move|p2a: Ribombee|Stored Power|p1a: Empoleon\n|-resisted|p1a: Empoleon\n|-damage|p1a: Empoleon|0 fnt\n|faint|p1a: Empoleon\n|\n|upkeep\n|\n|t:|1700103925\n|switch|p1a: Scizor|Scizor, F|100\/100\n|turn|12\n|\n|t:|1700103934\n|move|p1a: Scizor|Bullet Punch|p2a: Ribombee\n|-supereffective|p2a: Ribombee\n|-damage|p2a: Ribombee|0 fnt\n|faint|p2a: Ribombee\n|\n|upkeep\n|\n|t:|1700103946\n|switch|p2a: Ogerpon|Ogerpon-Wellspring, F|100\/100\n|turn|13\n|\n|t:|1700103953\n|move|p2a: Ogerpon|Swords Dance|p2a: Ogerpon\n|-boost|p2a: Ogerpon|atk|2\n|move|p1a: Scizor|Dual Wingbeat|p2a: Ogerpon\n|-supereffective|p2a: Ogerpon\n|-damage|p2a: Ogerpon|85\/100\n|-supereffective|p2a: Ogerpon\n|-damage|p2a: Ogerpon|70\/100\n|-hitcount|p2a: Ogerpon|2\n|\n|-sideend|p2: karpmer|move: Light Screen\n|upkeep\n|turn|14\n|\n|t:|1700103965\n|move|p2a: Ogerpon|Swords Dance|p2a: Ogerpon\n|-boost|p2a: Ogerpon|atk|2\n|move|p1a: Scizor|U-turn|p2a: Ogerpon\n|-supereffective|p2a: Ogerpon\n|-damage|p2a: Ogerpon|31\/100\n|\n|t:|1700103969\n|switch|p1a: Iron Moth|Iron Moth|100\/100|[from] U-turn\n|-enditem|p1a: Iron Moth|Booster Energy\n|-activate|p1a: Iron Moth|ability: Quark Drive|[fromitem]\n|-start|p1a: Iron Moth|quarkdrivespe\n|\n|-sideend|p2: karpmer|Reflect\n|upkeep\n|turn|15\n|\n|t:|1700103976\n|move|p1a: Iron Moth|Sludge Wave|p2a: Ogerpon\n|-supereffective|p2a: Ogerpon\n|-damage|p2a: Ogerpon|0 fnt\n|faint|p2a: Ogerpon\n|\n|upkeep\n|c|\u2606karpmer|hate it\n|c|\u2606karpmer|HATE IT\n|\n|t:|1700103983\n|switch|p2a: Gholdengo|Gholdengo|100\/100\n|turn|16\n|\n|t:|1700103986\n|move|p1a: Iron Moth|Fiery Dance|p2a: Gholdengo\n|-supereffective|p2a: Gholdengo\n|-damage|p2a: Gholdengo|3\/100\n|-boost|p1a: Iron Moth|spa|1\n|move|p2a: Gholdengo|Shadow Ball|p1a: Iron Moth\n|-damage|p1a: Iron Moth|59\/100\n|-unboost|p1a: Iron Moth|spd|1\n|\n|upkeep\n|turn|17\n|c|\u2606karpmer|due\n|\n|t:|1700103993\n|move|p1a: Iron Moth|Fiery Dance|p2a: Gholdengo\n|-supereffective|p2a: Gholdengo\n|-damage|p2a: Gholdengo|0 fnt\n|-boost|p1a: Iron Moth|spa|1\n|faint|p2a: Gholdengo\n|\n|upkeep\n|c|\u2606karpmer|DUDE\n|\n|t:|1700103997\n|switch|p2a: Dragapult|Dragapult, F|100\/100\n|turn|18\n|\n|t:|1700104000\n|-terastallize|p1a: Iron Moth|Fairy\n|move|p2a: Dragapult|Sucker Punch|p1a: Iron Moth\n|-resisted|p1a: Iron Moth\n|-damage|p1a: Iron Moth|35\/100\n|-damage|p2a: Dragapult|91\/100|[from] item: Life Orb\n|move|p1a: Iron Moth|Dazzling Gleam|p2a: Dragapult\n|-supereffective|p2a: Dragapult\n|-damage|p2a: Dragapult|0 fnt\n|faint|p2a: Dragapult\n|\n|upkeep\n|c|\u2606karpmer|hate this\n|\n|t:|1700104004\n|switch|p2a: Hatterene|Hatterene, F|37\/100 par\n|turn|19\n|c|\u2606karpmer|RIGGED\n|c|\u2606karpmer|RIGGED\n|\n|t:|1700104011\n|move|p1a: Iron Moth|Sludge Wave|p2a: Hatterene\n|-supereffective|p2a: Hatterene\n|-crit|p2a: Hatterene\n|-damage|p2a: Hatterene|0 fnt\n|faint|p2a: Hatterene\n|\n|upkeep\n|\n|t:|1700104013\n|switch|p2a: Great Tusk|Great Tusk|100\/100\n|turn|20\n|\n|t:|1700104020\n|move|p1a: Iron Moth|Dazzling Gleam|p2a: Great Tusk\n|-supereffective|p2a: Great Tusk\n|-damage|p2a: Great Tusk|0 fnt\n|faint|p2a: Great Tusk\n|-end|p2a: Great Tusk|Protosynthesis|[silent]\n|\n|win|hydromissfocushit\n|raw|hydromissfocushit's rating: 1316 &rarr; <strong>1336<\/strong><br \/>(+20 for winning)\n|raw|karpmer's rating: 1320 &rarr; <strong>1300<\/strong><br \/>(-20 for losing)\n|c|\u2606hydromissfocushit|using daul screens lol\n|c|\u2606karpmer|totally rigged\n|c|\u2606hydromissfocushit|calling me cheap\n|c|\u2606karpmer|you rigged this game\n|c|\u2606karpmer|yeah dual screens\n|c|\u2606karpmer|had you beat with ribombee\n|c|\u2606karpmer|but you got lucky\n|c|\u2606hydromissfocushit|pro what\n|c|\u2606karpmer|yeah had you entirely beat\n|c|\u2606karpmer|no chance\n|c|\u2606hydromissfocushit|had bp\n|c|\u2606karpmer|you lost\n|c|\u2606hydromissfocushit|no what\n|c|\u2606karpmer|i dont understand\n|c|\u2606karpmer|yes\n|c|\u2606karpmer|let me explain something to you\n|c|\u2606karpmer|only reason you beat ribombee is because you tanked a ridiculous stored power\n|c|\u2606karpmer|and then he had 1 percent left and you just had a priority move\n|c|\u2606hydromissfocushit|had bullet punch how did it win?\n|c|\u2606karpmer|if it wasnt for that, youlost\n|c|\u2606karpmer|i was behind reflect\n|c|\u2606hydromissfocushit|bro of course i lived stored power\n|c|\u2606karpmer|with weakness power and stored power\n|c|\u2606karpmer|base 160!\n|c|\u2606karpmer|then i pack tera fire\n|c|\u2606karpmer|you bp me\n|c|\u2606karpmer|i tera\n|c|\u2606karpmer|and kill your scizor with tera blast\n|c|\u2606karpmer|but you got lucky\n|c|\u2606karpmer|if i hit the tera fire, you lose\n|c|\u2606karpmer|but no\n|c|\u2606karpmer|you of course tank the hit and leave me in 1 percent\n|c|\u2606karpmer|so that would happen\n|c|\u2606karpmer|i see\n|c|\u2606karpmer|do you understand now?\n|c|\u2606hydromissfocushit|sounds like you missplayed\n|c|\u2606karpmer|im just trying to teach how to visualize the game\n|c|\u2606hydromissfocushit|gotta hit the calc\n|c|\u2606karpmer|calc is for lames\n|c|\u2606hydromissfocushit|ya you\n|c|\u2606karpmer|if you need calc, you don't know how to play\n|c|\u2606karpmer|it's like cheating\n|c|\u2606hydromissfocushit|i know hoe to click tera tho\n|c|\u2606hydromissfocushit|cheating?\n|c|\u2606karpmer|what do ppl say when you use a calc on a math test\n|c|\u2606hydromissfocushit|omg bro\n|c|\u2606karpmer|it is cheatin\n|c|\u2606karpmer|so you did cheat\n|c|\u2606karpmer|go figure\n|c|\u2606hydromissfocushit|you can do it how is that cheat?\n|c|\u2606karpmer|it literally tells you what is going to happen\n|c|\u2606karpmer|that is cheating\n|c|\u2606karpmer|a calc is cheating\n|c|\u2606hydromissfocushit|no i says what CAN happen\n|c|\u2606karpmer|you did cheat tho, won't deny that\n|j| Elpathion\n|c|\u2606hydromissfocushit|believe what you want boss\n|c|\u2606karpmer|it isn't what i believe\n|c|\u2606karpmer|im just applying it to a general consensus\n|c|\u2606karpmer|ask anyone on this site if calc is cheating. it is!\n|l|\u2606karpmer\n|c|\u2606hydromissfocushit|bro literally any body worth there salt will disagree\n|l|\u2606hydromissfocushit\n","uploadtime":1700104732,"views":10,"p1id":"hydromissfocushit","p2id":"karpmer","formatid":"gen9ou","rating":1300,"private":0,"password":""}