{"id":"gen9ou-1998319396","p1":"RUMYMOME","p2":"TheGriffinKing2O","format":"[Gen 9] OU","log":"|j|\u2606RUMYMOME\n|j|\u2606TheGriffinKing2O\n|inactive|Battle timer is ON: inactive players will automatically lose when time's up.\n|t:|1700928948\n|gametype|singles\n|player|p1|RUMYMOME|marshal|\n|player|p2|TheGriffinKing2O|n-masters3|\n|teamsize|p1|6\n|teamsize|p2|6\n|gen|9\n|tier|[Gen 9] OU\n|rated|Tournament battle\n|rule|Sleep Clause Mod: Limit one foe put to sleep\n|rule|Species Clause: Limit one of each Pok\u00e9mon\n|rule|OHKO Clause: OHKO moves are banned\n|rule|Evasion Items Clause: Evasion items are banned\n|rule|Evasion Moves Clause: Evasion moves are banned\n|rule|Endless Battle Clause: Forcing endless battles is banned\n|rule|HP Percentage Mod: HP is shown in percentages\n|clearpoke\n|poke|p1|Torterra, M|\n|poke|p1|Walking Wake|\n|poke|p1|Torkoal, M|\n|poke|p1|Dragonite, M|\n|poke|p1|Arceus|\n|poke|p1|Glimmora, F|\n|poke|p2|Greninja-*, M|\n|poke|p2|Dragapult, F|\n|poke|p2|Kingambit, F|\n|poke|p2|Goodra, M|\n|poke|p2|Garganacl, F|\n|poke|p2|Iron Moth|\n|teampreview\n|j|*Lady Monita \u2746\n|c|\u2606RUMYMOME|Gl\n|c|\u2606TheGriffinKing2O|i am terrified\n|c|\u2606TheGriffinKing2O|and sleepy\n|inactive|TheGriffinKing2O has 120 seconds left.\n|c|\u2606TheGriffinKing2O|hf\n|\n|t:|1700928982\n|start\n|switch|p1a: Torterra|Torterra, M|100\/100\n|switch|p2a: Dragapult|Dragapult, F|100\/100\n|turn|1\n|\n|t:|1700928986\n|move|p2a: Dragapult|Dragon Dance|p2a: Dragapult\n|-boost|p2a: Dragapult|atk|1\n|-boost|p2a: Dragapult|spe|1\n|move|p1a: Torterra|Shell Smash|p1a: Torterra\n|-unboost|p1a: Torterra|def|1\n|-unboost|p1a: Torterra|spd|1\n|-boost|p1a: Torterra|atk|2\n|-boost|p1a: Torterra|spa|2\n|-boost|p1a: Torterra|spe|2\n|\n|upkeep\n|turn|2\n|\n|t:|1700929006\n|move|p2a: Dragapult|Dragon Darts|p1a: Torterra\n|-crit|p1a: Torterra\n|-damage|p1a: Torterra|13\/100\n|-anim|p2a: Dragapult|Dragon Darts|p1a: Torterra\n|-crit|p1a: Torterra\n|-damage|p1a: Torterra|0 fnt\n|faint|p1a: Torterra\n|\n|upkeep\n|c|\u2606TheGriffinKing2O|oof\n|\n|t:|1700929013\n|switch|p1a: Dragonite|Dragonite, M|100\/100\n|turn|3\n|c|\u2606TheGriffinKing2O|dual crit\n|\n|t:|1700929019\n|-terastallize|p1a: Dragonite|Normal\n|move|p2a: Dragapult|Dragon Darts|p1a: Dragonite\n|-crit|p1a: Dragonite\n|-damage|p1a: Dragonite|65\/100\n|-anim|p2a: Dragapult|Dragon Darts|p1a: Dragonite\n|-damage|p1a: Dragonite|24\/100\n|move|p1a: Dragonite|Dragon Dance|p1a: Dragonite\n|-boost|p1a: Dragonite|atk|1\n|-boost|p1a: Dragonite|spe|1\n|\n|upkeep\n|turn|4\n|inactive|TheGriffinKing2O has 120 seconds left.\n|c|\u2606TheGriffinKing2O|wow\n|\n|t:|1700929057\n|move|p2a: Dragapult|Dragon Darts|p1a: Dragonite\n|-damage|p1a: Dragonite|0 fnt\n|faint|p1a: Dragonite\n|\n|upkeep\n|inactive|RUMYMOME has 120 seconds left.\n|inactive|RUMYMOME has 90 seconds left.\n|inactive|RUMYMOME has 60 seconds left.\n|inactive|RUMYMOME has 30 seconds left.\n|inactive|RUMYMOME has 20 seconds left.\n|inactive|RUMYMOME has 15 seconds left.\n|inactive|RUMYMOME has 10 seconds left.\n|inactive|RUMYMOME has 5 seconds left.\n|-message|RUMYMOME lost due to inactivity.\n|\n|win|TheGriffinKing2O\n|n|\u2606RUMYMOME|rumymome\n|n|\u2606TheGriffinKing2O|thegriffinking2o\n|n|*Lady Monita \u2746|ladymonita\n","uploadtime":1700929208,"views":4,"p1id":"rumymome","p2id":"thegriffinking2o","formatid":"gen9ou","rating":0,"private":0,"password":""}