{"id":"gen9ou-1997099379","p1":"HolisticMystic","p2":"DarthSeven","format":"[Gen 9] OU","log":"|j|\u2606HolisticMystic\n|j|\u2606DarthSeven\n|t:|1700764430\n|gametype|singles\n|player|p1|HolisticMystic|biker-gen4|1078\n|player|p2|DarthSeven|allister-masters|1062\n|teamsize|p1|6\n|teamsize|p2|6\n|gen|9\n|tier|[Gen 9] OU\n|rated|\n|rule|Sleep Clause Mod: Limit one foe put to sleep\n|rule|Species Clause: Limit one of each Pok\u00e9mon\n|rule|OHKO Clause: OHKO moves are banned\n|rule|Evasion Items Clause: Evasion items are banned\n|rule|Evasion Moves Clause: Evasion moves are banned\n|rule|Endless Battle Clause: Forcing endless battles is banned\n|rule|HP Percentage Mod: HP is shown in percentages\n|clearpoke\n|poke|p1|Hawlucha, F|\n|poke|p1|Arbok, M|\n|poke|p1|Arcanine, M|\n|poke|p1|Noivern, F|\n|poke|p1|Bruxish, M|\n|poke|p1|Mudsdale, M|\n|poke|p2|Kingambit, M|\n|poke|p2|Meowscarada, F|\n|poke|p2|Armarouge, M|\n|poke|p2|Iron Valiant|\n|poke|p2|Garganacl, M|\n|poke|p2|Pawmot, F|\n|teampreview\n|inactive|Battle timer is ON: inactive players will automatically lose when time's up. (requested by DarthSeven)\n|\n|t:|1700764436\n|start\n|switch|p1a: Noivern|Noivern, F|100\/100\n|switch|p2a: Garganacl|Garganacl, M|100\/100\n|turn|1\n|c|\u2606HolisticMystic|Glhf\n|\n|t:|1700764447\n|move|p1a: Noivern|U-turn|p2a: Garganacl\n|-damage|p2a: Garganacl|94\/100\n|\n|t:|1700764452\n|switch|p1a: Mudsdale|Mudsdale, M|100\/100|[from] U-turn\n|move|p2a: Garganacl|Iron Defense|p2a: Garganacl\n|-boost|p2a: Garganacl|def|2\n|\n|upkeep\n|turn|2\n|\n|t:|1700764461\n|-terastallize|p2a: Garganacl|Ghost\n|move|p2a: Garganacl|Iron Defense|p2a: Garganacl\n|-boost|p2a: Garganacl|def|2\n|move|p1a: Mudsdale|Earthquake|p2a: Garganacl\n|-damage|p2a: Garganacl|86\/100\n|\n|upkeep\n|turn|3\n|\n|t:|1700764482\n|switch|p1a: Arbok|Arbok, M|100\/100\n|move|p2a: Garganacl|Iron Defense|p2a: Garganacl\n|-boost|p2a: Garganacl|def|2\n|\n|upkeep\n|turn|4\n|\n|t:|1700764491\n|move|p1a: Arbok|Gunk Shot|p2a: Garganacl\n|-resisted|p2a: Garganacl\n|-damage|p2a: Garganacl|82\/100\n|move|p2a: Garganacl|Body Press|p1a: Arbok\n|-resisted|p1a: Arbok\n|-damage|p1a: Arbok|23\/100\n|\n|-heal|p1a: Arbok|29\/100|[from] item: Black Sludge\n|upkeep\n|turn|5\n|j| HotheadIsTheGoat\n|l| HotheadIsTheGoat\n|\n|t:|1700764501\n|move|p1a: Arbok|Gunk Shot|p2a: Garganacl|[miss]\n|-miss|p1a: Arbok|p2a: Garganacl\n|move|p2a: Garganacl|Body Press|p1a: Arbok\n|-resisted|p1a: Arbok\n|-damage|p1a: Arbok|0 fnt\n|faint|p1a: Arbok\n|\n|upkeep\n|-message|HolisticMystic forfeited.\n|\n|win|DarthSeven\n|raw|HolisticMystic's rating: 1078 &rarr; <strong>1055<\/strong><br \/>(-23 for losing)\n|raw|DarthSeven's rating: 1062 &rarr; <strong>1094<\/strong><br \/>(+32 for winning)\n|l|\u2606HolisticMystic\n|c|\u2606DarthSeven|Lol\n","uploadtime":1700764519,"views":4,"p1id":"holisticmystic","p2id":"darthseven","formatid":"gen9ou","rating":1055,"private":0,"password":""}