{"id":"gen9ou-1992088062","p1":"Skaraptor2.1","p2":"ShinyLibby","format":"[Gen 9] OU","log":"|j|\u2606Skaraptor2.1\n|j|\u2606ShinyLibby\n|t:|1700154060\n|gametype|singles\n|player|p1|Skaraptor2.1|emma|1261\n|player|p2|ShinyLibby|brycenman|1269\n|teamsize|p1|6\n|teamsize|p2|6\n|gen|9\n|tier|[Gen 9] OU\n|rated|\n|rule|Sleep Clause Mod: Limit one foe put to sleep\n|rule|Species Clause: Limit one of each Pok\u00e9mon\n|rule|OHKO Clause: OHKO moves are banned\n|rule|Evasion Items Clause: Evasion items are banned\n|rule|Evasion Moves Clause: Evasion moves are banned\n|rule|Endless Battle Clause: Forcing endless battles is banned\n|rule|HP Percentage Mod: HP is shown in percentages\n|clearpoke\n|poke|p1|Ribombee, M|\n|poke|p1|Ogerpon-Wellspring, F|\n|poke|p1|Great Tusk|\n|poke|p1|Zamazenta-*|\n|poke|p1|Iron Valiant|\n|poke|p1|Kingambit, F|\n|poke|p2|Kingambit, F|\n|poke|p2|Great Tusk|\n|poke|p2|Dragapult, F|\n|poke|p2|Ogerpon-Wellspring, F|\n|poke|p2|Blissey, F|\n|poke|p2|Zapdos|\n|teampreview\n|inactive|Battle timer is ON: inactive players will automatically lose when time's up. (requested by ShinyLibby)\n|inactive|Skaraptor2.1 also wants the timer to be on.\n|\n|t:|1700154065\n|start\n|switch|p1a: Twink|Ribombee, M|100\/100\n|switch|p2a: Blissey|Blissey, F|100\/100\n|turn|1\n|\n|t:|1700154074\n|move|p1a: Twink|Skill Swap|p2a: Blissey\n|-activate|p1a: Twink|move: Skill Swap|Natural Cure|Shield Dust|[of] p2a: Blissey\n|move|p2a: Blissey|Stealth Rock|p1a: Twink\n|-sidestart|p1: Skaraptor2.1|move: Stealth Rock\n|\n|upkeep\n|turn|2\n|c|\u2606Skaraptor2.1|Listen, it was planned\n|inactive|ShinyLibby has 120 seconds left.\n|\n|t:|1700154105\n|switch|p2a: Zapdos|Zapdos|100\/100\n|move|p1a: Twink|Sticky Web|p2a: Zapdos\n|-sidestart|p2: ShinyLibby|move: Sticky Web\n|\n|upkeep\n|turn|3\n|\n|t:|1700154113\n|move|p1a: Twink|Moonblast|p2a: Zapdos\n|-damage|p2a: Zapdos|69\/100\n|move|p2a: Zapdos|Hurricane|p1a: Twink\n|-supereffective|p1a: Twink\n|-enditem|p1a: Twink|Focus Sash\n|-damage|p1a: Twink|1\/100\n|\n|upkeep\n|turn|4\n|\n|t:|1700154124\n|move|p1a: Twink|Moonblast|p2a: Zapdos\n|-damage|p2a: Zapdos|36\/100\n|move|p2a: Zapdos|Roost|p2a: Zapdos\n|-heal|p2a: Zapdos|86\/100\n|-singleturn|p2a: Zapdos|move: Roost\n|\n|upkeep\n|turn|5\n|\n|t:|1700154131\n|move|p1a: Twink|Skill Swap|p2a: Zapdos\n|-activate|p1a: Twink|move: Skill Swap|Static|Natural Cure|[of] p2a: Zapdos\n|move|p2a: Zapdos|Volt Switch|p1a: Twink\n|-damage|p1a: Twink|0 fnt\n|faint|p1a: Twink\n|inactive|ShinyLibby has 120 seconds left.\n|\n|t:|1700154162\n|switch|p2a: Blissey|Blissey, F|100\/100|[from] Volt Switch\n|\n|upkeep\n|l|\u2606ShinyLibby\n|inactive|ShinyLibby disconnected and has a minute to reconnect!\n|player|p2|\n|\n|t:|1700154171\n|switch|p1a: Raging Queer|Great Tusk|100\/100\n|turn|6\n|j|\u2606ShinyLibby\n|inactive|ShinyLibby reconnected and has 125 seconds left.\n|player|p2|ShinyLibby|brycenman\n|inactive|ShinyLibby has 120 seconds left.\n|\n|t:|1700154197\n|move|p1a: Raging Queer|Knock Off|p2a: Blissey\n|-damage|p2a: Blissey|67\/100\n|-enditem|p2a: Blissey|Heavy-Duty Boots|[from] move: Knock Off|[of] p1a: Raging Queer\n|move|p2a: Blissey|Stealth Rock||[still]\n|-fail|p2a: Blissey\n|\n|upkeep\n|turn|7\n|inactive|ShinyLibby has 90 seconds left.\n|\n|t:|1700154222\n|move|p1a: Raging Queer|Rapid Spin|p2a: Blissey\n|-damage|p2a: Blissey|51\/100\n|-boost|p1a: Raging Queer|spe|1\n|-sideend|p1: Skaraptor2.1|Stealth Rock|[from] move: Rapid Spin|[of] p1a: Raging Queer\n|move|p2a: Blissey|Soft-Boiled|p2a: Blissey\n|-heal|p2a: Blissey|100\/100\n|\n|upkeep\n|turn|8\n|\n|t:|1700154228\n|switch|p2a: Dragapult|Dragapult, F|100\/100\n|-activate|p2a: Dragapult|move: Sticky Web\n|-unboost|p2a: Dragapult|spe|1\n|move|p1a: Raging Queer|Bulk Up|p1a: Raging Queer\n|-boost|p1a: Raging Queer|atk|1\n|-boost|p1a: Raging Queer|def|1\n|\n|upkeep\n|turn|9\n|inactive|ShinyLibby has 90 seconds left.\n|\n|t:|1700154259\n|move|p1a: Raging Queer|Knock Off|p2a: Dragapult\n|-supereffective|p2a: Dragapult\n|-damage|p2a: Dragapult|0 fnt\n|-enditem|p2a: Dragapult|Choice Specs|[from] move: Knock Off|[of] p1a: Raging Queer\n|faint|p2a: Dragapult\n|\n|upkeep\n|-message|ShinyLibby forfeited.\n|\n|win|Skaraptor2.1\n|raw|Skaraptor2.1's rating: 1261 &rarr; <strong>1287<\/strong><br \/>(+26 for winning)\n|raw|ShinyLibby's rating: 1269 &rarr; <strong>1243<\/strong><br \/>(-26 for losing)\n|l|\u2606ShinyLibby\n|j|\u2606ShinyLibby\n|player|p2|ShinyLibby|brycenman\n","uploadtime":1700154268,"views":7,"p1id":"skaraptor21","p2id":"shinylibby","formatid":"gen9ou","rating":1243,"private":0,"password":""}