{"id":"gen9ou-2000462856","p1":"JustForFunOne","p2":"yyyyyyyyyy_uopop","format":"[Gen 9] OU","log":"|j|\u2606JustForFunOne\n|j|\u2606yyyyyyyyyy_uopop\n|t:|1701196889\n|gametype|singles\n|player|p1|JustForFunOne|170|1021\n|player|p2|yyyyyyyyyy_uopop|cynthia-gen4|1000\n|teamsize|p1|6\n|teamsize|p2|1\n|gen|9\n|tier|[Gen 9] OU\n|rated|\n|rule|Sleep Clause Mod: Limit one foe put to sleep\n|rule|Species Clause: Limit one of each Pok\u00e9mon\n|rule|OHKO Clause: OHKO moves are banned\n|rule|Evasion Items Clause: Evasion items are banned\n|rule|Evasion Moves Clause: Evasion moves are banned\n|rule|Endless Battle Clause: Forcing endless battles is banned\n|rule|HP Percentage Mod: HP is shown in percentages\n|clearpoke\n|poke|p1|Cryogonal|\n|poke|p1|Charizard, M|\n|poke|p1|Gengar, M|\n|poke|p1|Dragonite, M|\n|poke|p1|Mightyena, M|\n|poke|p1|Espeon, F|\n|poke|p2|Seedot, M|\n|teampreview\n|c|\u2606JustForFunOne|IM GONNA HONOR YOU\n|c|\u2606JustForFunOne|WITH THE BEST POK\u00e9 EVAH\n|\n|t:|1701196907\n|start\n|switch|p1a: Best pok\u00e9 evah|Cryogonal|100\/100\n|switch|p2a: free elo|Seedot, M|100\/100\n|turn|1\n|c|\u2606JustForFunOne|BEHOOOOLD\n|\n|t:|1701196918\n|-terastallize|p1a: Best pok\u00e9 evah|Electric\n|move|p1a: Best pok\u00e9 evah|Tera Blast|p2a: free elo|[anim] Tera Blast Electric\n|-resisted|p2a: free elo\n|-damage|p2a: free elo|52\/100\n|move|p2a: free elo|Explosion|p1a: Best pok\u00e9 evah\n|-damage|p1a: Best pok\u00e9 evah|34\/100\n|faint|p2a: free elo\n|\n|win|JustForFunOne\n|raw|JustForFunOne's rating: 1021 &rarr; <strong>1056<\/strong><br \/>(+35 for winning)\n|raw|yyyyyyyyyy_uopop's rating: 1000 &rarr; <strong>1000<\/strong><br \/>(+0 for losing)\n","uploadtime":1701196923,"views":1,"p1id":"justforfunone","p2id":"yyyyyyyyyyuopop","formatid":"gen9ou","rating":1000,"private":0,"password":""}