{"id":"gen9ou-1992711622","p1":"lucaless","p2":"jasonlc","format":"[Gen 9] OU","log":"|j|\u2606lucaless\n|j|\u2606jasonlc\n|t:|1700228032\n|gametype|singles\n|player|p1|lucaless|102|1358\n|player|p2|jasonlc|hoopster|1299\n|teamsize|p1|6\n|teamsize|p2|6\n|gen|9\n|tier|[Gen 9] OU\n|rated|\n|rule|Sleep Clause Mod: Limit one foe put to sleep\n|rule|Species Clause: Limit one of each Pok\u00e9mon\n|rule|OHKO Clause: OHKO moves are banned\n|rule|Evasion Items Clause: Evasion items are banned\n|rule|Evasion Moves Clause: Evasion moves are banned\n|rule|Endless Battle Clause: Forcing endless battles is banned\n|rule|HP Percentage Mod: HP is shown in percentages\n|clearpoke\n|poke|p1|Probopass, M|\n|poke|p1|Moltres-Galar|\n|poke|p1|Glimmora, M|\n|poke|p1|Iron Valiant|\n|poke|p1|Gholdengo|\n|poke|p1|Iron Hands|\n|poke|p2|Alomomola, M|\n|poke|p2|Rillaboom, M|\n|poke|p2|Ninetales-Alola, M|\n|poke|p2|Dragapult, F|\n|poke|p2|Hatterene, F|\n|poke|p2|Heatran, F|\n|teampreview\n|inactive|Battle timer is ON: inactive players will automatically lose when time's up. (requested by jasonlc)\n|inactive|lucaless also wants the timer to be on.\n|inactive|jasonlc has 120 seconds left.\n|\n|t:|1700228073\n|start\n|switch|p1a: Glimmora|Glimmora, M|100\/100\n|switch|p2a: Dragapult|Dragapult, F|100\/100\n|turn|1\n|\n|t:|1700228080\n|switch|p2a: Hatterene|Hatterene, F|100\/100\n|move|p1a: Glimmora|Sludge Bomb|p2a: Hatterene\n|-supereffective|p2a: Hatterene\n|-damage|p2a: Hatterene|0 fnt\n|faint|p2a: Hatterene\n|\n|upkeep\n|\n|t:|1700228089\n|switch|p2a: Heatran|Heatran, F|100\/100\n|turn|2\n|\n|t:|1700228093\n|move|p1a: Glimmora|Earth Power|p2a: Heatran\n|-supereffective|p2a: Heatran\n|-damage|p2a: Heatran|0 fnt\n|faint|p2a: Heatran\n|\n|upkeep\n|-message|jasonlc forfeited.\n|\n|win|lucaless\n|raw|lucaless's rating: 1358 &rarr; <strong>1375<\/strong><br \/>(+17 for winning)\n|raw|jasonlc's rating: 1299 &rarr; <strong>1278<\/strong><br \/>(-21 for losing)\n|l|\u2606jasonlc\n","uploadtime":1700228111,"views":10,"p1id":"lucaless","p2id":"jasonlc","formatid":"gen9ou","rating":1278,"private":0,"password":""}