{"id":"gen9ou-1993901644","p1":"summery46","p2":"11221122k","format":"[Gen 9] OU","log":"|j|\u2606summery46\n|j|\u260611221122k\n|t:|1700372521\n|gametype|singles\n|player|p1|summery46|lyra|\n|player|p2|11221122k|lucas|\n|teamsize|p1|1\n|teamsize|p2|1\n|gen|9\n|tier|[Gen 9] OU\n|rule|Sleep Clause Mod: Limit one foe put to sleep\n|rule|Species Clause: Limit one of each Pok\u00e9mon\n|rule|OHKO Clause: OHKO moves are banned\n|rule|Evasion Items Clause: Evasion items are banned\n|rule|Evasion Moves Clause: Evasion moves are banned\n|rule|Endless Battle Clause: Forcing endless battles is banned\n|rule|HP Percentage Mod: HP is shown in percentages\n|clearpoke\n|poke|p1|Flapple, F|\n|poke|p2|Cinderace, F|\n|teampreview\n|\n|t:|1700372530\n|start\n|switch|p1a: Flapple|Flapple, F, shiny|100\/100\n|switch|p2a: Cinderace|Cinderace, F, shiny|100\/100\n|turn|1\n|\n|t:|1700372536\n|move|p2a: Cinderace|Will-O-Wisp|p1a: Flapple\n|-status|p1a: Flapple|brn\n|move|p1a: Flapple|Dragon Dance|p1a: Flapple\n|-boost|p1a: Flapple|atk|1\n|-boost|p1a: Flapple|spe|1\n|\n|-damage|p1a: Flapple|94\/100 brn|[from] brn\n|upkeep\n|turn|2\n|c|\u260611221122k|this time my turn\n|\n|t:|1700372548\n|-terastallize|p2a: Cinderace|Fairy\n|-terastallize|p1a: Flapple|Dragon\n|move|p2a: Cinderace|Pyro Ball|p1a: Flapple\n|-resisted|p1a: Flapple\n|-damage|p1a: Flapple|43\/100 brn\n|-damage|p2a: Cinderace|91\/100|[from] item: Life Orb\n|move|p1a: Flapple|Outrage|p2a: Cinderace\n|-immune|p2a: Cinderace\n|\n|-damage|p1a: Flapple|37\/100 brn|[from] brn\n|upkeep\n|turn|3\n|c|\u260611221122k|whahah\n|c|\u260611221122k|a\n|j| BewearPranay\n|c|\u260611221122k|wahhaha\n|c| BewearPranay|yucks shiny cinda looks tanned\n|c|\u260611221122k|lol\n|\n|t:|1700372568\n|move|p2a: Cinderace|Protect|p2a: Cinderace\n|-singleturn|p2a: Cinderace|Protect\n|move|p1a: Flapple|Air Slash|p2a: Cinderace\n|-activate|p2a: Cinderace|move: Protect\n|\n|-damage|p1a: Flapple|31\/100 brn|[from] brn\n|upkeep\n|turn|4\n|c|\u2606summery46|see?\n|c| BewearPranay|flinch hax\n|c|\u2606summery46|only works first time\n|c|\u260611221122k|haha\n|\n|t:|1700372578\n|move|p2a: Cinderace|Quick Attack|p1a: Flapple\n|-damage|p1a: Flapple|7\/100 brn\n|-damage|p2a: Cinderace|81\/100|[from] item: Life Orb\n|move|p1a: Flapple|Air Slash|p2a: Cinderace\n|-damage|p2a: Cinderace|57\/100\n|\n|-damage|p1a: Flapple|0 fnt|[from] brn\n|faint|p1a: Flapple\n|\n|win|11221122k\n|upkeep\n|c|\u260611221122k|gg\n|c| BewearPranay|rip\n|c|\u2606summery46|gg\n|c|\u260611221122k|hehe\n","uploadtime":1700372591,"views":13,"p1id":"summery46","p2id":"11221122k","formatid":"gen9ou","rating":0,"private":0,"password":""}