{"id":"gen9ou-1995377342","p1":"vandonick","p2":"Ansoni777","format":"[Gen 9] OU","log":"|j|\u2606vandonick\n|j|\u2606Ansoni777\n|t:|1700562400\n|gametype|singles\n|player|p1|vandonick|2|1204\n|player|p2|Ansoni777|steven|1124\n|teamsize|p1|6\n|teamsize|p2|6\n|gen|9\n|tier|[Gen 9] OU\n|rated|\n|rule|Sleep Clause Mod: Limit one foe put to sleep\n|rule|Species Clause: Limit one of each Pok\u00e9mon\n|rule|OHKO Clause: OHKO moves are banned\n|rule|Evasion Items Clause: Evasion items are banned\n|rule|Evasion Moves Clause: Evasion moves are banned\n|rule|Endless Battle Clause: Forcing endless battles is banned\n|rule|HP Percentage Mod: HP is shown in percentages\n|clearpoke\n|poke|p1|Cinderace, F|\n|poke|p1|Landorus-Therian, M|\n|poke|p1|Goodra, M|\n|poke|p1|Walking Wake|\n|poke|p1|Gholdengo|\n|poke|p1|Zapdos|\n|poke|p2|Landorus-Therian, M|\n|poke|p2|Rillaboom, M|\n|poke|p2|Ogerpon-Wellspring, F|\n|poke|p2|Iron Moth|\n|poke|p2|Mandibuzz, F|\n|poke|p2|Garganacl, F|\n|teampreview\n|\n|t:|1700562417\n|start\n|switch|p1a: Cinderace|Cinderace, F|100\/100\n|switch|p2a: Ogerpon|Ogerpon-Wellspring, F|100\/100\n|turn|1\n|\n|t:|1700562444\n|switch|p1a: Zapdos|Zapdos|100\/100\n|-terastallize|p2a: Ogerpon|Water\n|detailschange|p2a: Ogerpon|Ogerpon-Wellspring-Tera, F, tera:Water\n|-ability|p2a: Ogerpon|Embody Aspect (Wellspring)|boost\n|-boost|p2a: Ogerpon|spd|1\n|move|p2a: Ogerpon|Swords Dance|p2a: Ogerpon\n|-boost|p2a: Ogerpon|atk|2\n|\n|upkeep\n|turn|2\n|inactive|Battle timer is ON: inactive players will automatically lose when time's up. (requested by Ansoni777)\n|inactive|Ansoni777 has 120 seconds left.\n|\n|t:|1700562478\n|move|p2a: Ogerpon|Ivy Cudgel|p1a: Zapdos|[anim] Ivy Cudgel Water\n|-damage|p1a: Zapdos|0 fnt\n|faint|p1a: Zapdos\n|\n|upkeep\n|\n|t:|1700562484\n|switch|p1a: Walking Wake|Walking Wake|100\/100\n|turn|3\n|\n|t:|1700562508\n|-terastallize|p1a: Walking Wake|Water\n|move|p2a: Ogerpon|Horn Leech|p1a: Walking Wake\n|-supereffective|p1a: Walking Wake\n|-damage|p1a: Walking Wake|0 fnt\n|faint|p1a: Walking Wake\n|-end|p1a: Walking Wake|Protosynthesis|[silent]\n|\n|upkeep\n|\n|t:|1700562514\n|switch|p1a: Landorus|Landorus-Therian, M|100\/100\n|-ability|p1a: Landorus|Intimidate|boost\n|-unboost|p2a: Ogerpon|atk|1\n|turn|4\n|\n|t:|1700562520\n|switch|p1a: Gholdengo|Gholdengo|100\/100\n|move|p2a: Ogerpon|Ivy Cudgel|p1a: Gholdengo|[anim] Ivy Cudgel Water\n|-crit|p1a: Gholdengo\n|-damage|p1a: Gholdengo|0 fnt\n|faint|p1a: Gholdengo\n|\n|upkeep\n|-message|vandonick forfeited.\n|\n|win|Ansoni777\n|raw|vandonick's rating: 1204 &rarr; <strong>1173<\/strong><br \/>(-31 for losing)\n|raw|Ansoni777's rating: 1124 &rarr; <strong>1155<\/strong><br \/>(+31 for winning)\n|l|\u2606vandonick\n","uploadtime":1700562537,"views":4,"p1id":"vandonick","p2id":"ansoni777","formatid":"gen9ou","rating":1155,"private":0,"password":""}