{"id":"gen9ou-1991554794","p1":"DGNASGAN","p2":"AnvilPro","format":"[Gen 9] OU","log":"|j|\u2606DGNASGAN\n|j|\u2606AnvilPro\n|t:|1700087870\n|gametype|singles\n|player|p1|DGNASGAN|169|1080\n|player|p2|AnvilPro|backersf|1175\n|teamsize|p1|6\n|teamsize|p2|6\n|gen|9\n|tier|[Gen 9] OU\n|rated|\n|rule|Sleep Clause Mod: Limit one foe put to sleep\n|rule|Species Clause: Limit one of each Pok\u00e9mon\n|rule|OHKO Clause: OHKO moves are banned\n|rule|Evasion Items Clause: Evasion items are banned\n|rule|Evasion Moves Clause: Evasion moves are banned\n|rule|Endless Battle Clause: Forcing endless battles is banned\n|rule|HP Percentage Mod: HP is shown in percentages\n|clearpoke\n|poke|p1|Zamazenta-*|\n|poke|p1|Iron Moth|\n|poke|p1|Great Tusk|\n|poke|p1|Iron Valiant|\n|poke|p1|Zapdos|\n|poke|p1|Kommo-o, F|\n|poke|p2|Ogerpon-Cornerstone, F|\n|poke|p2|Clefable, M|\n|poke|p2|Dragonite, F|\n|poke|p2|Walking Wake|\n|poke|p2|Hatterene, F|\n|poke|p2|Great Tusk|\n|teampreview\n|inactive|Battle timer is ON: inactive players will automatically lose when time's up. (requested by DGNASGAN)\n|\n|t:|1700087880\n|start\n|switch|p1a: Iron Valiant|Iron Valiant|100\/100\n|switch|p2a: Clefable|Clefable, M|100\/100\n|-enditem|p1a: Iron Valiant|Booster Energy\n|-activate|p1a: Iron Valiant|ability: Quark Drive|[fromitem]\n|-start|p1a: Iron Valiant|quarkdrivespe\n|turn|1\n|\n|t:|1700087884\n|move|p1a: Iron Valiant|Swords Dance|p1a: Iron Valiant\n|-boost|p1a: Iron Valiant|atk|2\n|move|p2a: Clefable|Trick|p1a: Iron Valiant\n|-activate|p2a: Clefable|move: Trick|[of] p1a: Iron Valiant\n|-item|p1a: Iron Valiant|Lagging Tail|[from] move: Trick\n|-enditem|p2a: Clefable|Lagging Tail|[silent]|[from] move: Trick\n|\n|upkeep\n|turn|2\n|-message|DGNASGAN forfeited.\n|\n|win|AnvilPro\n|raw|DGNASGAN's rating: 1080 &rarr; <strong>1064<\/strong><br \/>(-16 for losing)\n|raw|AnvilPro's rating: 1175 &rarr; <strong>1193<\/strong><br \/>(+18 for winning)\n|l|\u2606DGNASGAN\n","uploadtime":1700087899,"views":7,"p1id":"dgnasgan","p2id":"anvilpro","formatid":"gen9ou","rating":1064,"private":0,"password":""}