{"id":"smogtours-gen9ou-729910","p1":"DAHLI","p2":"jetblackdevilhorns","format":"[Gen 9] OU","log":"|inactive|Battle timer is ON: inactive players will automatically lose when time's up.\n|t:|1699722453\n|gametype|singles\n|player|p1|DAHLI|whitney|\n|player|p2|jetblackdevilhorns|unknownf|\n|teamsize|p1|6\n|teamsize|p2|6\n|gen|9\n|tier|[Gen 9] OU\n|rule|Sleep Clause Mod: Limit one foe put to sleep\n|rule|Species Clause: Limit one of each Pok\u00e9mon\n|rule|OHKO Clause: OHKO moves are banned\n|rule|Evasion Items Clause: Evasion items are banned\n|rule|Evasion Moves Clause: Evasion moves are banned\n|rule|Endless Battle Clause: Forcing endless battles is banned\n|rule|HP Percentage Mod: HP is shown in percentages\n|clearpoke\n|poke|p1|Rotom-Wash|\n|poke|p1|Rillaboom, M|\n|poke|p1|Great Tusk|\n|poke|p1|Manaphy|\n|poke|p1|Heatran, F|\n|poke|p1|Sneasler, F|\n|poke|p2|Milotic, F|\n|poke|p2|Skeledirge, M|\n|poke|p2|Gliscor, M|\n|poke|p2|Mandibuzz, F|\n|poke|p2|Clefable, F|\n|poke|p2|Dondozo, M|\n|teampreview\n|c|\u2606DAHLI|hf\n|inactive|DAHLI has 270 seconds left.\n|inactive|jetblackdevilhorns has 270 seconds left.\n|inactive|DAHLI has 240 seconds left.\n|inactive|jetblackdevilhorns has 240 seconds left.\n|\n|t:|1699722547\n|start\n|switch|p1a: Rillaboom|Rillaboom, M|100\/100\n|switch|p2a: Mandibuzz|Mandibuzz, F|100\/100\n|-fieldstart|move: Grassy Terrain|[from] ability: Grassy Surge|[of] p1a: Rillaboom\n|turn|1\n|\n|t:|1699722555\n|move|p1a: Rillaboom|U-turn|p2a: Mandibuzz\n|-damage|p2a: Mandibuzz|80\/100\n|inactive|DAHLI has 270 seconds left.\n|\n|t:|1699722574\n|switch|p1a: Heatran|Heatran, F|100\/100|[from] U-turn\n|-item|p1a: Heatran|Air Balloon\n|move|p2a: Mandibuzz|Knock Off|p1a: Heatran\n|-damage|p1a: Heatran|76\/100\n|-enditem|p1a: Heatran|Air Balloon\n|\n|-heal|p1a: Heatran|82\/100|[from] Grassy Terrain\n|upkeep\n|turn|2\n|\n|t:|1699722591\n|switch|p2a: Gliscor|Gliscor, M|100\/100\n|move|p1a: Heatran|Stealth Rock|p2a: Gliscor\n|-sidestart|p2: jetblackdevilhorns|move: Stealth Rock\n|\n|-heal|p1a: Heatran|88\/100|[from] Grassy Terrain\n|-status|p2a: Gliscor|tox|[from] item: Toxic Orb\n|upkeep\n|turn|3\n|\n|t:|1699722602\n|move|p1a: Heatran|Magma Storm|p2a: Gliscor\n|-crit|p2a: Gliscor\n|-damage|p2a: Gliscor|35\/100 tox\n|-activate|p2a: Gliscor|move: Magma Storm|[of] p1a: Heatran\n|move|p2a: Gliscor|Toxic Spikes|p1a: Heatran\n|-sidestart|p1: DAHLI|move: Toxic Spikes\n|\n|-heal|p1a: Heatran|95\/100|[from] Grassy Terrain\n|-heal|p2a: Gliscor|48\/100 tox|[from] ability: Poison Heal\n|-damage|p2a: Gliscor|35\/100 tox|[from] move: Magma Storm|[partiallytrapped]\n|upkeep\n|turn|4\n|\n|t:|1699722615\n|move|p2a: Gliscor|Protect|p2a: Gliscor\n|-singleturn|p2a: Gliscor|Protect\n|move|p1a: Heatran|Magma Storm|p2a: Gliscor\n|-activate|p2a: Gliscor|move: Protect\n|\n|-heal|p1a: Heatran|100\/100|[from] Grassy Terrain\n|-heal|p2a: Gliscor|48\/100 tox|[from] ability: Poison Heal\n|-damage|p2a: Gliscor|35\/100 tox|[from] move: Magma Storm|[partiallytrapped]\n|upkeep\n|turn|5\n|\n|t:|1699722633\n|move|p1a: Heatran|Magma Storm|p2a: Gliscor\n|-damage|p2a: Gliscor|0 fnt\n|faint|p2a: Gliscor\n|\n|-fieldend|move: Grassy Terrain\n|upkeep\n|\n|t:|1699722639\n|switch|p2a: Milotic|Milotic, F|100\/100\n|turn|6\n|\n|t:|1699722644\n|switch|p1a: Rotom|Rotom-Wash|100\/100\n|move|p2a: Milotic|Scald|p1a: Rotom\n|-resisted|p1a: Rotom\n|-damage|p1a: Rotom|87\/100\n|-status|p1a: Rotom|brn\n|\n|-heal|p1a: Rotom|94\/100 brn|[from] item: Leftovers\n|-damage|p1a: Rotom|87\/100 brn|[from] brn\n|upkeep\n|turn|7\n|inactive|jetblackdevilhorns has 270 seconds left.\n|\n|t:|1699722688\n|switch|p2a: Skeledirge|Skeledirge, M|100\/100\n|move|p1a: Rotom|Discharge|p2a: Skeledirge\n|-damage|p2a: Skeledirge|81\/100\n|-status|p2a: Skeledirge|par\n|\n|-heal|p1a: Rotom|94\/100 brn|[from] item: Leftovers\n|-damage|p1a: Rotom|87\/100 brn|[from] brn\n|upkeep\n|turn|8\n|inactive|DAHLI has 270 seconds left.\n|\n|t:|1699722722\n|switch|p1a: Heatran|Heatran, F|100\/100\n|-terastallize|p2a: Skeledirge|Electric\n|move|p2a: Skeledirge|Slack Off|p2a: Skeledirge\n|-heal|p2a: Skeledirge|100\/100 par\n|\n|upkeep\n|turn|9\n|inactive|DAHLI has 270 seconds left.\n|\n|t:|1699722737\n|switch|p2a: Milotic|Milotic, F|100\/100\n|move|p1a: Heatran|Magma Storm|p2a: Milotic\n|-resisted|p2a: Milotic\n|-damage|p2a: Milotic|87\/100\n|-activate|p2a: Milotic|move: Magma Storm|[of] p1a: Heatran\n|\n|-damage|p2a: Milotic|75\/100|[from] move: Magma Storm|[partiallytrapped]\n|upkeep\n|turn|10\n|inactive|DAHLI has 270 seconds left.\n|\n|t:|1699722750\n|switch|p1a: Rotom|Rotom-Wash|87\/100 brn\n|move|p2a: Milotic|Recover|p2a: Milotic\n|-heal|p2a: Milotic|100\/100\n|\n|-heal|p1a: Rotom|94\/100 brn|[from] item: Leftovers\n|-damage|p1a: Rotom|87\/100 brn|[from] brn\n|-end|p2a: Milotic|Magma Storm|[partiallytrapped]|[silent]\n|upkeep\n|turn|11\n|inactive|DAHLI has 270 seconds left.\n|\n|t:|1699722766\n|switch|p1a: Sneasler|Sneasler, F|100\/100\n|-sideend|p1: DAHLI|move: Toxic Spikes|[of] p1a: Sneasler\n|move|p2a: Milotic|Wrap|p1a: Sneasler|[miss]\n|-miss|p2a: Milotic|p1a: Sneasler\n|\n|upkeep\n|turn|12\n|inactive|DAHLI has 270 seconds left.\n|inactive|jetblackdevilhorns has 240 seconds left.\n|inactive|jetblackdevilhorns has 210 seconds left.\n|\n|t:|1699722832\n|switch|p1a: Rotom|Rotom-Wash|87\/100 brn\n|move|p2a: Milotic|Scald|p1a: Rotom\n|-resisted|p1a: Rotom\n|-damage|p1a: Rotom|73\/100 brn\n|\n|-heal|p1a: Rotom|79\/100 brn|[from] item: Leftovers\n|-damage|p1a: Rotom|73\/100 brn|[from] brn\n|upkeep\n|turn|13\n|\n|t:|1699722842\n|switch|p2a: Skeledirge|Skeledirge, M, tera:Electric|100\/100 par\n|move|p1a: Rotom|Discharge|p2a: Skeledirge\n|-resisted|p2a: Skeledirge\n|-damage|p2a: Skeledirge|91\/100 par\n|\n|-heal|p1a: Rotom|79\/100 brn|[from] item: Leftovers\n|-damage|p1a: Rotom|73\/100 brn|[from] brn\n|upkeep\n|turn|14\n|inactive|jetblackdevilhorns has 210 seconds left.\n|inactive|jetblackdevilhorns has 180 seconds left.\n|\n|t:|1699722901\n|switch|p1a: Heatran|Heatran, F|100\/100\n|switch|p2a: Milotic|Milotic, F|100\/100\n|\n|upkeep\n|turn|15\n|\n|t:|1699722909\n|switch|p1a: Rotom|Rotom-Wash|73\/100 brn\n|move|p2a: Milotic|Wrap|p1a: Rotom|[miss]\n|-miss|p2a: Milotic|p1a: Rotom\n|\n|-heal|p1a: Rotom|79\/100 brn|[from] item: Leftovers\n|-damage|p1a: Rotom|73\/100 brn|[from] brn\n|upkeep\n|turn|16\n|inactive|DAHLI has 240 seconds left.\n|c|+Fakee|[13:13:24] +Enzonana: rooting for the dynamos\n|c|+blarghlfarghl|ok\n|\n|t:|1699722949\n|move|p1a: Rotom|Discharge|p2a: Milotic\n|-supereffective|p2a: Milotic\n|-damage|p2a: Milotic|69\/100\n|move|p2a: Milotic|Scald|p1a: Rotom\n|-resisted|p1a: Rotom\n|-damage|p1a: Rotom|60\/100 brn\n|\n|-heal|p1a: Rotom|67\/100 brn|[from] item: Leftovers\n|-damage|p1a: Rotom|60\/100 brn|[from] brn\n|upkeep\n|turn|17\n|\n|t:|1699722962\n|move|p1a: Rotom|Discharge|p2a: Milotic\n|-supereffective|p2a: Milotic\n|-damage|p2a: Milotic|37\/100\n|-status|p2a: Milotic|par\n|move|p2a: Milotic|Recover|p2a: Milotic\n|-heal|p2a: Milotic|87\/100 par\n|\n|-heal|p1a: Rotom|67\/100 brn|[from] item: Leftovers\n|-damage|p1a: Rotom|60\/100 brn|[from] brn\n|upkeep\n|turn|18\n|inactive|DAHLI has 240 seconds left.\n|\n|t:|1699722969\n|switch|p2a: Skeledirge|Skeledirge, M, tera:Electric|91\/100 par\n|move|p1a: Rotom|Nasty Plot|p1a: Rotom\n|-boost|p1a: Rotom|spa|2\n|\n|-heal|p1a: Rotom|67\/100 brn|[from] item: Leftovers\n|-damage|p1a: Rotom|60\/100 brn|[from] brn\n|upkeep\n|turn|19\n|\n|t:|1699722980\n|switch|p1a: Heatran|Heatran, F|100\/100\n|move|p2a: Skeledirge|Hex|p1a: Heatran\n|-damage|p1a: Heatran|74\/100\n|\n|upkeep\n|turn|20\n|\n|t:|1699722990\n|switch|p2a: Milotic|Milotic, F|87\/100 par\n|move|p1a: Heatran|Magma Storm|p2a: Milotic|[miss]\n|-miss|p1a: Heatran|p2a: Milotic\n|\n|upkeep\n|turn|21\n|\n|t:|1699723002\n|switch|p1a: Rotom|Rotom-Wash|60\/100 brn\n|move|p2a: Milotic|Scald|p1a: Rotom\n|-resisted|p1a: Rotom\n|-damage|p1a: Rotom|47\/100 brn\n|\n|-heal|p1a: Rotom|53\/100 brn|[from] item: Leftovers\n|-damage|p1a: Rotom|47\/100 brn|[from] brn\n|upkeep\n|turn|22\n|\n|t:|1699723008\n|move|p1a: Rotom|Discharge|p2a: Milotic\n|-supereffective|p2a: Milotic\n|-damage|p2a: Milotic|53\/100 par\n|move|p2a: Milotic|Scald|p1a: Rotom\n|-resisted|p1a: Rotom\n|-damage|p1a: Rotom|33\/100 brn\n|\n|-heal|p1a: Rotom|39\/100 brn|[from] item: Leftovers\n|-damage|p1a: Rotom|33\/100 brn|[from] brn\n|upkeep\n|turn|23\n|\n|t:|1699723018\n|switch|p1a: Rillaboom|Rillaboom, M|100\/100\n|-fieldstart|move: Grassy Terrain|[from] ability: Grassy Surge|[of] p1a: Rillaboom\n|switch|p2a: Skeledirge|Skeledirge, M, tera:Electric|91\/100 par\n|\n|-heal|p2a: Skeledirge|97\/100 par|[from] Grassy Terrain\n|upkeep\n|turn|24\n|inactive|DAHLI has 270 seconds left.\n|\n|t:|1699723030\n|switch|p2a: Mandibuzz|Mandibuzz, F|80\/100\n|move|p1a: Rillaboom|U-turn|p2a: Mandibuzz\n|-damage|p2a: Mandibuzz|59\/100\n|\n|t:|1699723041\n|switch|p1a: Manaphy|Manaphy|100\/100|[from] U-turn\n|\n|upkeep\n|turn|25\n|\n|t:|1699723046\n|switch|p2a: Skeledirge|Skeledirge, M, tera:Electric|97\/100 par\n|move|p1a: Manaphy|Tail Glow|p1a: Manaphy\n|-boost|p1a: Manaphy|spa|3\n|\n|-heal|p2a: Skeledirge|100\/100 par|[from] Grassy Terrain\n|upkeep\n|turn|26\n|\n|t:|1699723050\n|switch|p1a: Heatran|Heatran, F|74\/100\n|move|p2a: Skeledirge|Will-O-Wisp|p1a: Heatran\n|-start|p1a: Heatran|ability: Flash Fire\n|\n|-heal|p1a: Heatran|81\/100|[from] Grassy Terrain\n|upkeep\n|turn|27\n|inactive|jetblackdevilhorns has 210 seconds left.\n|\n|t:|1699723061\n|switch|p2a: Milotic|Milotic, F|53\/100 par\n|move|p1a: Heatran|Magma Storm|p2a: Milotic\n|-resisted|p2a: Milotic\n|-damage|p2a: Milotic|31\/100 par\n|-activate|p2a: Milotic|move: Magma Storm|[of] p1a: Heatran\n|\n|-heal|p1a: Heatran|87\/100|[from] Grassy Terrain\n|-heal|p2a: Milotic|37\/100 par|[from] Grassy Terrain\n|-damage|p2a: Milotic|24\/100 par|[from] move: Magma Storm|[partiallytrapped]\n|-fieldend|move: Grassy Terrain\n|upkeep\n|turn|28\n|\n|t:|1699723067\n|move|p1a: Heatran|Taunt|p2a: Milotic\n|-start|p2a: Milotic|move: Taunt\n|cant|p2a: Milotic|move: Taunt|Recover\n|\n|-damage|p2a: Milotic|12\/100 par|[from] move: Magma Storm|[partiallytrapped]\n|upkeep\n|turn|29\n|\n|t:|1699723072\n|move|p1a: Heatran|Earth Power|p2a: Milotic\n|-damage|p2a: Milotic|0 fnt\n|faint|p2a: Milotic\n|\n|upkeep\n|\n|t:|1699723094\n|switch|p2a: Dondozo|Dondozo, M|100\/100\n|turn|30\n|inactive|jetblackdevilhorns has 210 seconds left.\n|inactive|DAHLI has 270 seconds left.\n|inactive|jetblackdevilhorns has 180 seconds left.\n|\n|t:|1699723141\n|-end|p1a: Heatran|ability: Flash Fire|[silent]\n|switch|p1a: Rotom|Rotom-Wash|33\/100 brn\n|move|p2a: Dondozo|Waterfall|p1a: Rotom\n|-resisted|p1a: Rotom\n|-damage|p1a: Rotom|22\/100 brn\n|\n|-heal|p1a: Rotom|28\/100 brn|[from] item: Leftovers\n|-damage|p1a: Rotom|22\/100 brn|[from] brn\n|upkeep\n|turn|31\n|inactive|DAHLI has 270 seconds left.\n|\n|t:|1699723148\n|switch|p2a: Clefable|Clefable, F|100\/100\n|move|p1a: Rotom|Discharge|p2a: Clefable\n|-damage|p2a: Clefable|74\/100\n|\n|-heal|p1a: Rotom|28\/100 brn|[from] item: Leftovers\n|-damage|p1a: Rotom|22\/100 brn|[from] brn\n|upkeep\n|turn|32\n|inactive|DAHLI has 270 seconds left.\n|\n|t:|1699723161\n|switch|p1a: Heatran|Heatran, F|87\/100\n|move|p2a: Clefable|Stealth Rock|p1a: Heatran\n|-sidestart|p1: DAHLI|move: Stealth Rock\n|\n|upkeep\n|turn|33\n|\n|t:|1699723171\n|switch|p2a: Dondozo|Dondozo, M|100\/100\n|move|p1a: Heatran|Magma Storm|p2a: Dondozo\n|-resisted|p2a: Dondozo\n|-damage|p2a: Dondozo|76\/100\n|-activate|p2a: Dondozo|move: Magma Storm|[of] p1a: Heatran\n|\n|-damage|p2a: Dondozo|64\/100|[from] move: Magma Storm|[partiallytrapped]\n|upkeep\n|turn|34\n|\n|t:|1699723179\n|move|p1a: Heatran|Earth Power|p2a: Dondozo\n|-damage|p2a: Dondozo|34\/100\n|move|p2a: Dondozo|Waterfall|p1a: Heatran\n|-supereffective|p1a: Heatran\n|-damage|p1a: Heatran|33\/100\n|\n|-damage|p2a: Dondozo|22\/100|[from] move: Magma Storm|[partiallytrapped]\n|upkeep\n|turn|35\n|\n|t:|1699723185\n|move|p1a: Heatran|Earth Power|p2a: Dondozo\n|-damage|p2a: Dondozo|0 fnt\n|faint|p2a: Dondozo\n|\n|upkeep\n|inactive|jetblackdevilhorns has 180 seconds left.\n|\n|t:|1699723223\n|switch|p2a: Clefable|Clefable, F|74\/100\n|turn|36\n|inactive|jetblackdevilhorns has 180 seconds left.\n|\n|t:|1699723238\n|move|p1a: Heatran|Taunt|p2a: Clefable\n|-start|p2a: Clefable|move: Taunt\n|move|p2a: Clefable|Moonblast|p1a: Heatran\n|-resisted|p1a: Heatran\n|-damage|p1a: Heatran|25\/100\n|\n|upkeep\n|turn|37\n|inactive|jetblackdevilhorns has 180 seconds left.\n|\n|t:|1699723253\n|move|p1a: Heatran|Magma Storm|p2a: Clefable|[miss]\n|-miss|p1a: Heatran|p2a: Clefable\n|move|p2a: Clefable|Moonblast|p1a: Heatran\n|-resisted|p1a: Heatran\n|-damage|p1a: Heatran|18\/100\n|\n|upkeep\n|turn|38\n|inactive|jetblackdevilhorns has 180 seconds left.\n|\n|t:|1699723270\n|switch|p2a: Mandibuzz|Mandibuzz, F|59\/100\n|move|p1a: Heatran|Earth Power|p2a: Mandibuzz\n|-immune|p2a: Mandibuzz\n|\n|upkeep\n|turn|39\n|\n|t:|1699723288\n|move|p1a: Heatran|Taunt|p2a: Mandibuzz\n|-start|p2a: Mandibuzz|move: Taunt\n|move|p2a: Mandibuzz|Foul Play|p1a: Heatran\n|-damage|p1a: Heatran|0 fnt\n|faint|p1a: Heatran\n|\n|upkeep\n|inactive|DAHLI has 270 seconds left.\n|inactive|DAHLI has 240 seconds left.\n|\n|t:|1699723378\n|switch|p1a: Manaphy|Manaphy|100\/100\n|-damage|p1a: Manaphy|88\/100|[from] Stealth Rock\n|turn|40\n|\n|t:|1699723380\n|switch|p2a: Skeledirge|Skeledirge, M, tera:Electric|100\/100 par\n|move|p1a: Manaphy|Tail Glow|p1a: Manaphy\n|-boost|p1a: Manaphy|spa|3\n|\n|upkeep\n|turn|41\n|inactive|jetblackdevilhorns has 180 seconds left.\n|\n|t:|1699723397\n|switch|p2a: Mandibuzz|Mandibuzz, F|59\/100\n|move|p1a: Manaphy|Surf|p2a: Mandibuzz\n|-damage|p2a: Mandibuzz|0 fnt\n|faint|p2a: Mandibuzz\n|\n|upkeep\n|\n|t:|1699723401\n|switch|p2a: Skeledirge|Skeledirge, M, tera:Electric|100\/100 par\n|turn|42\n|\n|t:|1699723408\n|move|p1a: Manaphy|Surf|p2a: Skeledirge\n|-damage|p2a: Skeledirge|74\/100 par\n|cant|p2a: Skeledirge|par\n|\n|upkeep\n|turn|43\n|\n|t:|1699723414\n|move|p1a: Manaphy|Surf|p2a: Skeledirge\n|-damage|p2a: Skeledirge|45\/100 par\n|move|p2a: Skeledirge|Slack Off|p2a: Skeledirge\n|-heal|p2a: Skeledirge|95\/100 par\n|\n|upkeep\n|turn|44\n|\n|t:|1699723417\n|move|p1a: Manaphy|Surf|p2a: Skeledirge\n|-damage|p2a: Skeledirge|68\/100 par\n|move|p2a: Skeledirge|Will-O-Wisp|p1a: Manaphy\n|-status|p1a: Manaphy|brn\n|\n|-damage|p1a: Manaphy|82\/100 brn|[from] brn\n|upkeep\n|turn|45\n|\n|t:|1699723420\n|move|p1a: Manaphy|Surf|p2a: Skeledirge\n|-damage|p2a: Skeledirge|40\/100 par\n|move|p2a: Skeledirge|Slack Off|p2a: Skeledirge\n|-heal|p2a: Skeledirge|90\/100 par\n|\n|-damage|p1a: Manaphy|76\/100 brn|[from] brn\n|upkeep\n|turn|46\n|\n|t:|1699723423\n|move|p1a: Manaphy|Surf|p2a: Skeledirge\n|-damage|p2a: Skeledirge|62\/100 par\n|move|p2a: Skeledirge|Hex|p1a: Manaphy\n|-damage|p1a: Manaphy|29\/100 brn\n|\n|-damage|p1a: Manaphy|23\/100 brn|[from] brn\n|upkeep\n|turn|47\n|\n|t:|1699723426\n|move|p1a: Manaphy|Surf|p2a: Skeledirge\n|-damage|p2a: Skeledirge|35\/100 par\n|move|p2a: Skeledirge|Slack Off|p2a: Skeledirge\n|-heal|p2a: Skeledirge|85\/100 par\n|\n|-damage|p1a: Manaphy|17\/100 brn|[from] brn\n|upkeep\n|turn|48\n|\n|t:|1699723429\n|move|p1a: Manaphy|Surf|p2a: Skeledirge\n|-damage|p2a: Skeledirge|56\/100 par\n|move|p2a: Skeledirge|Slack Off|p2a: Skeledirge\n|-heal|p2a: Skeledirge|100\/100 par\n|\n|-damage|p1a: Manaphy|11\/100 brn|[from] brn\n|upkeep\n|turn|49\n|\n|t:|1699723433\n|move|p1a: Manaphy|Surf|p2a: Skeledirge\n|-damage|p2a: Skeledirge|72\/100 par\n|cant|p2a: Skeledirge|par\n|\n|-damage|p1a: Manaphy|5\/100 brn|[from] brn\n|upkeep\n|turn|50\n|\n|t:|1699723436\n|move|p1a: Manaphy|Surf|p2a: Skeledirge\n|-crit|p2a: Skeledirge\n|-damage|p2a: Skeledirge|32\/100 par\n|move|p2a: Skeledirge|Slack Off|p2a: Skeledirge\n|-heal|p2a: Skeledirge|82\/100 par\n|\n|-damage|p1a: Manaphy|0 fnt|[from] brn\n|faint|p1a: Manaphy\n|upkeep\n|inactive|DAHLI has 270 seconds left.\n|\n|t:|1699723489\n|switch|p1a: Rillaboom|Rillaboom, M|100\/100\n|-damage|p1a: Rillaboom|88\/100|[from] Stealth Rock\n|-fieldstart|move: Grassy Terrain|[from] ability: Grassy Surge|[of] p1a: Rillaboom\n|turn|51\n|inactive|jetblackdevilhorns has 270 seconds left.\n|\n|t:|1699723500\n|-terastallize|p1a: Rillaboom|Grass\n|move|p1a: Rillaboom|Wood Hammer|p2a: Skeledirge\n|-damage|p2a: Skeledirge|0 fnt\n|faint|p2a: Skeledirge\n|-damage|p1a: Rillaboom|58\/100|[from] Recoil\n|\n|-heal|p1a: Rillaboom|64\/100|[from] Grassy Terrain\n|upkeep\n|inactive|jetblackdevilhorns disconnected and has 300 seconds to reconnect!\n|player|p2|\n|c|\u2606DAHLI|gg\n|inactive|jetblackdevilhorns has 270 seconds to reconnect!\n|inactive|jetblackdevilhorns has 240 seconds to reconnect!\n|inactive|jetblackdevilhorns has 210 seconds to reconnect!\n|c|+Expulso|!randpoke 30\n|c|+Expulso|\/raw <div class=\"infobox\"><a href=\"\/\/dex.pokemonshowdown.com\/pokemon\/abomasnow\" target=\"_blank\" class=\"subtle\" style=\"white-space:nowrap\"><psicon pokemon=\"Abomasnow\" style=\"vertical-align:-7px;margin:-2px\" \/>Abomasnow<\/a>, <a href=\"\/\/dex.pokemonshowdown.com\/pokemon\/bellibolt\" target=\"_blank\" class=\"subtle\" style=\"white-space:nowrap\"><psicon pokemon=\"Bellibolt\" style=\"vertical-align:-7px;margin:-2px\" \/>Bellibolt<\/a>, <a href=\"\/\/dex.pokemonshowdown.com\/pokemon\/bisharp\" target=\"_blank\" class=\"subtle\" style=\"white-space:nowrap\"><psicon pokemon=\"Bisharp\" style=\"vertical-align:-7px;margin:-2px\" \/>Bisharp<\/a>, <a href=\"\/\/dex.pokemonshowdown.com\/pokemon\/braixen\" target=\"_blank\" class=\"subtle\" style=\"white-space:nowrap\"><psicon pokemon=\"Braixen\" style=\"vertical-align:-7px;margin:-2px\" \/>Braixen<\/a>, <a href=\"\/\/dex.pokemonshowdown.com\/pokemon\/camerupt\" target=\"_blank\" class=\"subtle\" style=\"white-space:nowrap\"><psicon pokemon=\"Camerupt\" style=\"vertical-align:-7px;margin:-2px\" \/>Camerupt<\/a>, <a href=\"\/\/dex.pokemonshowdown.com\/pokemon\/ceruledge\" target=\"_blank\" class=\"subtle\" style=\"white-space:nowrap\"><psicon pokemon=\"Ceruledge\" style=\"vertical-align:-7px;margin:-2px\" \/>Ceruledge<\/a>, <a href=\"\/\/dex.pokemonshowdown.com\/pokemon\/cubchoo\" target=\"_blank\" class=\"subtle\" style=\"white-space:nowrap\"><psicon pokemon=\"Cubchoo\" style=\"vertical-align:-7px;margin:-2px\" \/>Cubchoo<\/a>, <a href=\"\/\/dex.pokemonshowdown.com\/pokemon\/dewott\" target=\"_blank\" class=\"subtle\" style=\"white-space:nowrap\"><psicon pokemon=\"Dewott\" style=\"vertical-align:-7px;margin:-2px\" \/>Dewott<\/a>, <a href=\"\/\/dex.pokemonshowdown.com\/pokemon\/fezandipiti\" target=\"_blank\" class=\"subtle\" style=\"white-space:nowrap\"><psicon pokemon=\"Fezandipiti\" style=\"vertical-align:-7px;margin:-2px\" \/>Fezandipiti<\/a>, <a href=\"\/\/dex.pokemonshowdown.com\/pokemon\/frogadier\" target=\"_blank\" class=\"subtle\" style=\"white-space:nowrap\"><psicon pokemon=\"Frogadier\" style=\"vertical-align:-7px;margin:-2px\" \/>Frogadier<\/a>, <a href=\"\/\/dex.pokemonshowdown.com\/pokemon\/grimer\" target=\"_blank\" class=\"subtle\" style=\"white-space:nowrap\"><psicon pokemon=\"Grimer\" style=\"vertical-align:-7px;margin:-2px\" \/>Grimer<\/a>, <a href=\"\/\/dex.pokemonshowdown.com\/pokemon\/masquerain\" target=\"_blank\" class=\"subtle\" style=\"white-space:nowrap\"><psicon pokemon=\"Masquerain\" style=\"vertical-align:-7px;margin:-2px\" \/>Masquerain<\/a>, <a href=\"\/\/dex.pokemonshowdown.com\/pokemon\/mew\" target=\"_blank\" class=\"subtle\" style=\"white-space:nowrap\"><psicon pokemon=\"Mew\" style=\"vertical-align:-7px;margin:-2px\" \/>Mew<\/a>, <a href=\"\/\/dex.pokemonshowdown.com\/pokemon\/monferno\" target=\"_blank\" class=\"subtle\" style=\"white-space:nowrap\"><psicon pokemon=\"Monferno\" style=\"vertical-align:-7px;margin:-2px\" \/>Monferno<\/a>, <a href=\"\/\/dex.pokemonshowdown.com\/pokemon\/murkrow\" target=\"_blank\" class=\"subtle\" style=\"white-space:nowrap\"><psicon pokemon=\"Murkrow\" style=\"vertical-align:-7px;margin:-2px\" \/>Murkrow<\/a>, <a href=\"\/\/dex.pokemonshowdown.com\/pokemon\/nacli\" target=\"_blank\" class=\"subtle\" style=\"white-space:nowrap\"><psicon pokemon=\"Nacli\" style=\"vertical-align:-7px;margin:-2px\" \/>Nacli<\/a>, <a href=\"\/\/dex.pokemonshowdown.com\/pokemon\/noivern\" target=\"_blank\" class=\"subtle\" style=\"white-space:nowrap\"><psicon pokemon=\"Noivern\" style=\"vertical-align:-7px;margin:-2px\" \/>Noivern<\/a>, <a href=\"\/\/dex.pokemonshowdown.com\/pokemon\/nuzleaf\" target=\"_blank\" class=\"subtle\" style=\"white-space:nowrap\"><psicon pokemon=\"Nuzleaf\" style=\"vertical-align:-7px;margin:-2px\" \/>Nuzleaf<\/a>, <a href=\"\/\/dex.pokemonshowdown.com\/pokemon\/pawmi\" target=\"_blank\" class=\"subtle\" style=\"white-space:nowrap\"><psicon pokemon=\"Pawmi\" style=\"vertical-align:-7px;margin:-2px\" \/>Pawmi<\/a>, <a href=\"\/\/dex.pokemonshowdown.com\/pokemon\/pawniard\" target=\"_blank\" class=\"subtle\" style=\"white-space:nowrap\"><psicon pokemon=\"Pawniard\" style=\"vertical-align:-7px;margin:-2px\" \/>Pawniard<\/a>, <a href=\"\/\/dex.pokemonshowdown.com\/pokemon\/psyduck\" target=\"_blank\" class=\"subtle\" style=\"white-space:nowrap\"><psicon pokemon=\"Psyduck\" style=\"vertical-align:-7px;margin:-2px\" \/>Psyduck<\/a>, <a href=\"\/\/dex.pokemonshowdown.com\/pokemon\/quaquaval\" target=\"_blank\" class=\"subtle\" style=\"white-space:nowrap\"><psicon pokemon=\"Quaquaval\" style=\"vertical-align:-7px;margin:-2px\" \/>Quaquaval<\/a>, <a href=\"\/\/dex.pokemonshowdown.com\/pokemon\/sableye\" target=\"_blank\" class=\"subtle\" style=\"white-space:nowrap\"><psicon pokemon=\"Sableye\" style=\"vertical-align:-7px;margin:-2px\" \/>Sableye<\/a>, <a href=\"\/\/dex.pokemonshowdown.com\/pokemon\/sandaconda\" target=\"_blank\" class=\"subtle\" style=\"white-space:nowrap\"><psicon pokemon=\"Sandaconda\" style=\"vertical-align:-7px;margin:-2px\" \/>Sandaconda<\/a>, <a href=\"\/\/dex.pokemonshowdown.com\/pokemon\/sentret\" target=\"_blank\" class=\"subtle\" style=\"white-space:nowrap\"><psicon pokemon=\"Sentret\" style=\"vertical-align:-7px;margin:-2px\" \/>Sentret<\/a>, <a href=\"\/\/dex.pokemonshowdown.com\/pokemon\/shroomish\" target=\"_blank\" class=\"subtle\" style=\"white-space:nowrap\"><psicon pokemon=\"Shroomish\" style=\"vertical-align:-7px;margin:-2px\" \/>Shroomish<\/a>, <a href=\"\/\/dex.pokemonshowdown.com\/pokemon\/slowbro\" target=\"_blank\" class=\"subtle\" style=\"white-space:nowrap\"><psicon pokemon=\"Slowbro\" style=\"vertical-align:-7px;margin:-2px\" \/>Slowbro<\/a>, <a href=\"\/\/dex.pokemonshowdown.com\/pokemon\/wingull\" target=\"_blank\" class=\"subtle\" style=\"white-space:nowrap\"><psicon pokemon=\"Wingull\" style=\"vertical-align:-7px;margin:-2px\" \/>Wingull<\/a>, <a href=\"\/\/dex.pokemonshowdown.com\/pokemon\/zarude\" target=\"_blank\" class=\"subtle\" style=\"white-space:nowrap\"><psicon pokemon=\"Zarude\" style=\"vertical-align:-7px;margin:-2px\" \/>Zarude<\/a>, <a href=\"\/\/dex.pokemonshowdown.com\/pokemon\/zorua\" target=\"_blank\" class=\"subtle\" style=\"white-space:nowrap\"><psicon pokemon=\"Zorua\" style=\"vertical-align:-7px;margin:-2px\" \/>Zorua<\/a><\/div>\n|inactive|jetblackdevilhorns has 180 seconds to reconnect!\n|c|+Raf|!randpoke fighting,flying\n|raw|<div class=\"message\"><ul class=\"utilichart\"><li class=\"result\"><span class=\"col numcol\">UU<\/span> <span class=\"col iconcol\"><psicon pokemon=\"zapdosgalar\"\/><\/span> <span class=\"col pokemonnamecol\" style=\"white-space:nowrap\"><a href=\"https:\/\/dex.pokemonshowdown.com\/pokemon\/zapdosgalar\" target=\"_blank\">Zapdos-Galar<\/a><\/span> <span class=\"col typecol\"><img src=\"https:\/\/play.pokemonshowdown.com\/sprites\/types\/Fighting.png\" alt=\"Fighting\" height=\"14\" width=\"32\"><img src=\"https:\/\/play.pokemonshowdown.com\/sprites\/types\/Flying.png\" alt=\"Flying\" height=\"14\" width=\"32\"><\/span> <span style=\"float:left;min-height:26px\"><span class=\"col abilitycol\">Defiant<\/span><span class=\"col abilitycol\"><\/span><\/span><span style=\"float:left;min-height:26px\"><span class=\"col statcol\"><em>HP<\/em><br \/>90<\/span> <span class=\"col statcol\"><em>Atk<\/em><br \/>125<\/span> <span class=\"col statcol\"><em>Def<\/em><br \/>90<\/span> <span class=\"col statcol\"><em>SpA<\/em><br \/>85<\/span> <span class=\"col statcol\"><em>SpD<\/em><br \/>90<\/span> <span class=\"col statcol\"><em>Spe<\/em><br \/>100<\/span> <span class=\"col bstcol\"><em>BST<br \/>580<\/em><\/span> <\/span><\/li><li style=\"clear:both\"><\/li><\/ul><\/div>\n|raw|<font size=\"1\"><font color=\"#686868\">Dex#:<\/font> 145&nbsp;|&ThickSpace;<font color=\"#686868\">Gen:<\/font> 8&nbsp;|&ThickSpace;<font color=\"#686868\">Height:<\/font> 1.6 m&nbsp;|&ThickSpace;<font color=\"#686868\">Weight:<\/font> 58.2 kg <em>(80 BP)<\/em>&nbsp;|&ThickSpace;<font color=\"#686868\">Dex Colour:<\/font> Yellow&nbsp;|&ThickSpace;<font color=\"#686868\">Egg Group(s):<\/font> Undiscovered&nbsp;|&ThickSpace;<font color=\"#686868\">Does Not Evolve<\/font><\/font>\n\n|raw|<div class=\"broadcast-red\"><strong>Moderated chat was set to \u2606!<\/strong><br \/>Only users of rank \u2606 and higher can talk.<\/div>\n|inactive|jetblackdevilhorns has 150 seconds to reconnect!\n|inactive|jetblackdevilhorns has 120 seconds to reconnect!\n|inactive|jetblackdevilhorns has 90 seconds to reconnect!\n|inactive|jetblackdevilhorns has 60 seconds to reconnect!\n|inactive|jetblackdevilhorns has 30 seconds to reconnect!\n|inactive|jetblackdevilhorns has 20 seconds to reconnect!\n|inactive|jetblackdevilhorns has 15 seconds to reconnect!\n|inactive|jetblackdevilhorns has 10 seconds to reconnect!\n|inactive|jetblackdevilhorns has 5 seconds to reconnect!\n|-message|jetblackdevilhorns lost due to inactivity.\n|\n|win|DAHLI\n","uploadtime":1699723801,"views":1292,"p1id":"dahli","p2id":"jetblackdevilhorns","formatid":"gen9ou","rating":0,"private":0,"password":""}