{"id":"smogtours-gen9ou-732012","p1":"Maxouille","p2":"COALLA123456789","format":"[Gen 9] OU","log":"|inactive|Battle timer is ON: inactive players will automatically lose when time's up.\n|t:|1700669268\n|gametype|singles\n|player|p1|Maxouille|skyla-masters2|\n|player|p2|COALLA123456789|170|\n|teamsize|p1|6\n|teamsize|p2|6\n|gen|9\n|tier|[Gen 9] OU\n|rule|Sleep Clause Mod: Limit one foe put to sleep\n|rule|Species Clause: Limit one of each Pok\u00e9mon\n|rule|OHKO Clause: OHKO moves are banned\n|rule|Evasion Items Clause: Evasion items are banned\n|rule|Evasion Moves Clause: Evasion moves are banned\n|rule|Endless Battle Clause: Forcing endless battles is banned\n|rule|HP Percentage Mod: HP is shown in percentages\n|clearpoke\n|poke|p1|Gholdengo|\n|poke|p1|Great Tusk|\n|poke|p1|Iron Moth|\n|poke|p1|Manaphy|\n|poke|p1|Ribombee, M|\n|poke|p1|Zamazenta-*|\n|poke|p2|Cinderace, F|\n|poke|p2|Zapdos|\n|poke|p2|Ogerpon-Wellspring, F|\n|poke|p2|Slowking-Galar, M|\n|poke|p2|Ting-Lu|\n|poke|p2|Dondozo, F|\n|teampreview\n|c|\u2606COALLA123456789|hf homie\n|c|\u2606Maxouille|hf\n|inactive|Maxouille has 270 seconds left.\n|inactive|COALLA123456789 has 270 seconds left.\n|inactive|Maxouille has 240 seconds left.\n|inactive|COALLA123456789 has 240 seconds left.\n|inactive|COALLA123456789 has 210 seconds left.\n|inactive|Maxouille has 210 seconds left.\n|\n|t:|1700669379\n|start\n|switch|p1a: Ribombee|Ribombee, M|100\/100\n|switch|p2a: Zapdos|Zapdos|100\/100\n|turn|1\n|inactive|Maxouille has 270 seconds left.\n|\n|t:|1700669399\n|move|p1a: Ribombee|Moonblast|p2a: Zapdos\n|-damage|p2a: Zapdos|60\/100\n|move|p2a: Zapdos|Volt Switch|p1a: Ribombee\n|-damage|p1a: Ribombee|45\/100\n|\n|t:|1700669418\n|switch|p2a: Slowking|Slowking-Galar, M|100\/100|[from] Volt Switch\n|\n|upkeep\n|turn|2\n|\n|t:|1700669429\n|switch|p1a: Gholdengo|Gholdengo|100\/100\n|-item|p1a: Gholdengo|Air Balloon\n|move|p2a: Slowking|Future Sight|p1a: Gholdengo\n|-start|p2a: Slowking|move: Future Sight\n|\n|upkeep\n|turn|3\n|inactive|Maxouille has 270 seconds left.\n|inactive|COALLA123456789 has 240 seconds left.\n|inactive|Maxouille has 240 seconds left.\n|\n|t:|1700669475\n|move|p1a: Gholdengo|Shadow Ball|p2a: Slowking\n|-supereffective|p2a: Slowking\n|-damage|p2a: Slowking|40\/100\n|move|p2a: Slowking|Flamethrower|p1a: Gholdengo\n|-supereffective|p1a: Gholdengo\n|-damage|p1a: Gholdengo|46\/100\n|-enditem|p1a: Gholdengo|Air Balloon\n|\n|upkeep\n|turn|4\n|inactive|Maxouille has 240 seconds left.\n|inactive|COALLA123456789 has 240 seconds left.\n|\n|t:|1700669501\n|switch|p2a: Ting-Lu|Ting-Lu|100\/100\n|-ability|p2a: Ting-Lu|Vessel of Ruin\n|move|p1a: Gholdengo|Nasty Plot|p1a: Gholdengo\n|-boost|p1a: Gholdengo|spa|2\n|\n|-end|p1a: Gholdengo|move: Future Sight\n|-resisted|p1a: Gholdengo\n|-damage|p1a: Gholdengo|27\/100\n|upkeep\n|turn|5\n|inactive|Maxouille has 240 seconds left.\n|inactive|COALLA123456789 has 240 seconds left.\n|\n|t:|1700669508\n|move|p1a: Gholdengo|Focus Blast|p2a: Ting-Lu\n|-supereffective|p2a: Ting-Lu\n|-damage|p2a: Ting-Lu|24\/100\n|-unboost|p2a: Ting-Lu|spd|1\n|move|p2a: Ting-Lu|Earthquake|p1a: Gholdengo\n|-supereffective|p1a: Gholdengo\n|-damage|p1a: Gholdengo|0 fnt\n|faint|p1a: Gholdengo\n|\n|-heal|p2a: Ting-Lu|30\/100|[from] item: Leftovers\n|upkeep\n|inactive|Maxouille has 240 seconds left.\n|inactive|Maxouille has 210 seconds left.\n|\n|t:|1700669556\n|switch|p1a: Great Tusk|Great Tusk|100\/100\n|-enditem|p1a: Great Tusk|Booster Energy\n|-activate|p1a: Great Tusk|ability: Protosynthesis|[fromitem]\n|-start|p1a: Great Tusk|protosynthesisatk\n|turn|6\n|inactive|COALLA123456789 has 240 seconds left.\n|inactive|Maxouille has 180 seconds left.\n|inactive|COALLA123456789 has 210 seconds left.\n|inactive|Maxouille has 150 seconds left.\n|\n|t:|1700669622\n|move|p1a: Great Tusk|Stealth Rock|p2a: Ting-Lu\n|-sidestart|p2: COALLA123456789|move: Stealth Rock\n|move|p2a: Ting-Lu|Earthquake|p1a: Great Tusk\n|-damage|p1a: Great Tusk|74\/100\n|\n|-heal|p2a: Ting-Lu|36\/100|[from] item: Leftovers\n|upkeep\n|turn|7\n|inactive|Maxouille has 150 seconds left.\n|\n|t:|1700669632\n|move|p1a: Great Tusk|Headlong Rush|p2a: Ting-Lu\n|-damage|p2a: Ting-Lu|0 fnt\n|-unboost|p1a: Great Tusk|def|1\n|-unboost|p1a: Great Tusk|spd|1\n|faint|p2a: Ting-Lu\n|\n|upkeep\n|inactive|COALLA123456789 has 210 seconds left.\n|inactive|COALLA123456789 has 180 seconds left.\n|\n|t:|1700669672\n|switch|p2a: Ogerpon|Ogerpon-Wellspring, F|100\/100\n|-damage|p2a: Ogerpon|88\/100|[from] Stealth Rock\n|turn|8\n|inactive|COALLA123456789 has 180 seconds left.\n|inactive|Maxouille has 150 seconds left.\n|inactive|Maxouille has 120 seconds left.\n|inactive|Maxouille has 90 seconds left.\n|inactive|Maxouille has 60 seconds left.\n|\n|t:|1700669791\n|-end|p1a: Great Tusk|Protosynthesis|[silent]\n|switch|p1a: Zamazenta|Zamazenta|100\/100\n|-ability|p1a: Zamazenta|Dauntless Shield|boost\n|-boost|p1a: Zamazenta|def|1\n|move|p2a: Ogerpon|Ivy Cudgel|p1a: Zamazenta|[anim] Ivy Cudgel Water\n|-damage|p1a: Zamazenta|72\/100\n|\n|-heal|p1a: Zamazenta|78\/100|[from] item: Leftovers\n|upkeep\n|turn|9\n|inactive|Maxouille has 30 seconds left.\n|inactive|Maxouille has 20 seconds left.\n|inactive|Maxouille has 15 seconds left.\n|inactive|Maxouille has 10 seconds left.\n|\n|t:|1700669844\n|switch|p2a: Slowking|Slowking-Galar, M|73\/100\n|move|p1a: Zamazenta|Iron Defense|p1a: Zamazenta\n|-boost|p1a: Zamazenta|def|2\n|\n|-heal|p1a: Zamazenta|84\/100|[from] item: Leftovers\n|upkeep\n|turn|10\n|inactive|Maxouille has 20 seconds left this turn.\n|\n|t:|1700669852\n|move|p1a: Zamazenta|Crunch|p2a: Slowking\n|-supereffective|p2a: Slowking\n|-damage|p2a: Slowking|33\/100\n|-unboost|p2a: Slowking|def|1\n|move|p2a: Slowking|Future Sight|p1a: Zamazenta\n|-start|p2a: Slowking|move: Future Sight\n|\n|-heal|p1a: Zamazenta|90\/100|[from] item: Leftovers\n|upkeep\n|turn|11\n|inactive|Maxouille has 30 seconds left this turn.\n|inactive|COALLA123456789 has 180 seconds left.\n|inactive|Maxouille has 20 seconds left.\n|inactive|Maxouille has 15 seconds left.\n|\n|t:|1700669869\n|switch|p2a: Dondozo|Dondozo, F|100\/100\n|-terastallize|p1a: Zamazenta|Electric\n|move|p1a: Zamazenta|Body Press|p2a: Dondozo\n|-damage|p2a: Dondozo|86\/100\n|\n|-heal|p1a: Zamazenta|96\/100|[from] item: Leftovers\n|upkeep\n|turn|12\n|inactive|Maxouille has 25 seconds left this turn.\n|inactive|Maxouille has 20 seconds left.\n|inactive|COALLA123456789 has 180 seconds left.\n|inactive|Maxouille has 15 seconds left.\n|inactive|COALLA123456789 has 150 seconds left.\n|\n|t:|1700669905\n|move|p1a: Zamazenta|Body Press|p2a: Dondozo\n|-damage|p2a: Dondozo|73\/100\n|move|p2a: Dondozo|Body Press|p1a: Zamazenta\n|-damage|p1a: Zamazenta|76\/100\n|\n|-end|p1a: Zamazenta|move: Future Sight\n|-damage|p1a: Zamazenta|38\/100\n|-heal|p1a: Zamazenta|44\/100|[from] item: Leftovers\n|upkeep\n|turn|13\n|inactive|Maxouille has 25 seconds left this turn.\n|inactive|Maxouille has 20 seconds left.\n|\n|t:|1700669912\n|switch|p1a: Manaphy|Manaphy|100\/100\n|move|p2a: Dondozo|Body Press|p1a: Manaphy\n|-damage|p1a: Manaphy|74\/100\n|\n|-heal|p1a: Manaphy|80\/100|[from] item: Leftovers\n|upkeep\n|turn|14\n|inactive|Maxouille has 30 seconds left this turn.\n|inactive|Maxouille has 20 seconds left.\n|inactive|Maxouille has 15 seconds left.\n|inactive|COALLA123456789 has 150 seconds left.\n|\n|t:|1700669972\n|switch|p2a: Ogerpon|Ogerpon-Wellspring, F|88\/100\n|-damage|p2a: Ogerpon|76\/100|[from] Stealth Rock\n|move|p1a: Manaphy|Energy Ball|p2a: Ogerpon\n|-damage|p2a: Ogerpon|40\/100\n|\n|-heal|p1a: Manaphy|86\/100|[from] item: Leftovers\n|upkeep\n|turn|15\n|inactive|Maxouille has 25 seconds left this turn.\n|inactive|Maxouille has 20 seconds left.\n|inactive|Maxouille has 15 seconds left.\n|inactive|Maxouille has 10 seconds left.\n|inactive|Maxouille has 5 seconds left.\n|\n|t:|1700669994\n|switch|p1a: Zamazenta|Zamazenta, tera:Electric|44\/100\n|move|p2a: Ogerpon|Power Whip|p1a: Zamazenta\n|-damage|p1a: Zamazenta|0 fnt\n|faint|p1a: Zamazenta\n|\n|upkeep\n|inactive|Maxouille has 10 seconds left this turn.\n|inactive|Maxouille has 5 seconds left.\n|\n|t:|1700670001\n|switch|p1a: Ribombee|Ribombee, M|45\/100\n|turn|16\n|inactive|Maxouille has 15 seconds left this turn.\n|inactive|Maxouille has 10 seconds left.\n|\n|t:|1700670010\n|switch|p2a: Cinderace|Cinderace, F|100\/100\n|move|p1a: Ribombee|Moonblast|p2a: Cinderace\n|-resisted|p2a: Cinderace\n|-damage|p2a: Cinderace|76\/100\n|\n|upkeep\n|turn|17\n|inactive|Maxouille has 20 seconds left this turn.\n|inactive|Maxouille has 15 seconds left.\n|inactive|Maxouille has 10 seconds left.\n|inactive|COALLA123456789 has 120 seconds left.\n|\n|t:|1700670039\n|switch|p1a: Great Tusk|Great Tusk|74\/100\n|move|p2a: Cinderace|Pyro Ball|p1a: Great Tusk\n|-damage|p1a: Great Tusk|39\/100\n|\n|upkeep\n|turn|18\n|inactive|Maxouille has 20 seconds left this turn.\n|inactive|Maxouille has 15 seconds left.\n|inactive|Maxouille has 10 seconds left.\n|inactive|COALLA123456789 has 120 seconds left.\n|inactive|COALLA123456789 has 90 seconds left.\n|\n|t:|1700670088\n|move|p2a: Cinderace|Pyro Ball|p1a: Great Tusk\n|-damage|p1a: Great Tusk|3\/100\n|move|p1a: Great Tusk|Rapid Spin|p2a: Cinderace\n|-damage|p2a: Cinderace|55\/100\n|-boost|p1a: Great Tusk|spe|1\n|\n|upkeep\n|turn|19\n|inactive|Maxouille has 20 seconds left this turn.\n|inactive|Maxouille has 15 seconds left.\n|inactive|COALLA123456789 has 90 seconds left.\n|\n|t:|1700670097\n|switch|p2a: Zapdos|Zapdos|60\/100\n|move|p1a: Great Tusk|Headlong Rush|p2a: Zapdos\n|-immune|p2a: Zapdos\n|\n|upkeep\n|turn|20\n|inactive|Maxouille has 25 seconds left this turn.\n|inactive|COALLA123456789 has 90 seconds left.\n|\n|t:|1700670109\n|switch|p2a: Dondozo|Dondozo, F|73\/100\n|move|p1a: Great Tusk|Head Smash|p2a: Dondozo\n|-crit|p2a: Dondozo\n|-damage|p2a: Dondozo|39\/100\n|-damage|p1a: Great Tusk|0 fnt|[from] Recoil\n|faint|p1a: Great Tusk\n|-end|p1a: Great Tusk|Protosynthesis|[silent]\n|\n|upkeep\n|inactive|Maxouille has 30 seconds left this turn.\n|inactive|Maxouille has 20 seconds left.\n|inactive|Maxouille has 15 seconds left.\n|inactive|Maxouille has 10 seconds left.\n|\n|t:|1700670133\n|switch|p1a: Iron Moth|Iron Moth|100\/100\n|-enditem|p1a: Iron Moth|Booster Energy\n|-activate|p1a: Iron Moth|ability: Quark Drive|[fromitem]\n|-start|p1a: Iron Moth|quarkdrivespe\n|turn|21\n|inactive|Maxouille has 20 seconds left this turn.\n|inactive|Maxouille has 15 seconds left.\n|inactive|Maxouille has 10 seconds left.\n|inactive|COALLA123456789 has 90 seconds left.\n|inactive|COALLA123456789 has 60 seconds left.\n|\n|t:|1700670186\n|switch|p2a: Zapdos|Zapdos|60\/100\n|move|p1a: Iron Moth|Sludge Wave|p2a: Zapdos\n|-damage|p2a: Zapdos|12\/100\n|\n|upkeep\n|turn|22\n|inactive|Maxouille has 20 seconds left this turn.\n|inactive|Maxouille has 15 seconds left.\n|inactive|COALLA123456789 has 60 seconds left.\n|\n|t:|1700670195\n|move|p1a: Iron Moth|Fiery Dance|p2a: Zapdos\n|-damage|p2a: Zapdos|0 fnt\n|-boost|p1a: Iron Moth|spa|1\n|faint|p2a: Zapdos\n|\n|upkeep\n|inactive|Maxouille has 20 seconds left this turn.\n|\n|t:|1700670198\n|switch|p2a: Slowking|Slowking-Galar, M|66\/100\n|turn|23\n|inactive|Maxouille has 30 seconds left this turn.\n|\n|t:|1700670207\n|move|p1a: Iron Moth|Substitute|p1a: Iron Moth\n|-start|p1a: Iron Moth|Substitute\n|-damage|p1a: Iron Moth|76\/100\n|move|p2a: Slowking|Future Sight|p1a: Iron Moth\n|-start|p2a: Slowking|move: Future Sight\n|\n|upkeep\n|turn|24\n|inactive|COALLA123456789 has 60 seconds left.\n|inactive|COALLA123456789 has 30 seconds left.\n|c|\u2606COALLA123456789|times like these i miss surf haha\n|inactive|COALLA123456789 has 20 seconds left.\n|inactive|COALLA123456789 has 15 seconds left.\n|inactive|COALLA123456789 has 10 seconds left.\n|inactive|COALLA123456789 has 5 seconds left.\n|\n|t:|1700670283\n|switch|p2a: Cinderace|Cinderace, F|55\/100\n|move|p1a: Iron Moth|Fiery Dance|p2a: Cinderace\n|-resisted|p2a: Cinderace\n|-damage|p2a: Cinderace|16\/100\n|-boost|p1a: Iron Moth|spa|1\n|\n|upkeep\n|turn|25\n|inactive|COALLA123456789 has 15 seconds left this turn.\n|\n|t:|1700670298\n|move|p1a: Iron Moth|Fiery Dance|p2a: Cinderace\n|-resisted|p2a: Cinderace\n|-damage|p2a: Cinderace|0 fnt\n|faint|p2a: Cinderace\n|\n|-end|p1a: Iron Moth|move: Future Sight\n|-supereffective|p1a: Iron Moth\n|-end|p1a: Iron Moth|Substitute\n|upkeep\n|inactive|COALLA123456789 has 20 seconds left this turn.\n|inactive|COALLA123456789 has 15 seconds left.\n|inactive|COALLA123456789 has 10 seconds left.\n|c|\u2606Maxouille|and sucker\n|\n|t:|1700670309\n|switch|p2a: Dondozo|Dondozo, F|39\/100\n|turn|26\n|inactive|COALLA123456789 has 20 seconds left this turn.\n|inactive|COALLA123456789 has 15 seconds left.\n|\n|t:|1700670317\n|move|p1a: Iron Moth|Sludge Wave|p2a: Dondozo\n|-damage|p2a: Dondozo|0 fnt\n|faint|p2a: Dondozo\n|\n|upkeep\n|inactive|COALLA123456789 has 20 seconds left this turn.\n|inactive|COALLA123456789 has 15 seconds left.\n|c|\u2606COALLA123456789|ye gg\n|c|\u2606COALLA123456789|damn\n|inactive|COALLA123456789 has 10 seconds left.\n|\n|t:|1700670330\n|switch|p2a: Ogerpon|Ogerpon-Wellspring, F|40\/100\n|-damage|p2a: Ogerpon|28\/100|[from] Stealth Rock\n|turn|27\n|inactive|COALLA123456789 has 20 seconds left this turn.\n|\n|t:|1700670340\n|-terastallize|p2a: Ogerpon|Water\n|detailschange|p2a: Ogerpon|Ogerpon-Wellspring-Tera, F, tera:Water\n|-ability|p2a: Ogerpon|Embody Aspect (Wellspring)|boost\n|-boost|p2a: Ogerpon|spd|1\n|move|p1a: Iron Moth|Energy Ball|p2a: Ogerpon\n|-supereffective|p2a: Ogerpon\n|-damage|p2a: Ogerpon|0 fnt\n|faint|p2a: Ogerpon\n|\n|upkeep\n|inactive|COALLA123456789 has 25 seconds left this turn.\n|inactive|COALLA123456789 has 20 seconds left.\n|\n|t:|1700670347\n|switch|p2a: Slowking|Slowking-Galar, M|99\/100\n|turn|28\n|inactive|COALLA123456789 has 30 seconds left this turn.\n|c|\u2606Maxouille|harsh mu for me\n|\n|t:|1700670355\n|move|p1a: Iron Moth|Substitute|p1a: Iron Moth\n|-start|p1a: Iron Moth|Substitute\n|-damage|p1a: Iron Moth|51\/100\n|move|p2a: Slowking|Future Sight|p1a: Iron Moth\n|-start|p2a: Slowking|move: Future Sight\n|\n|upkeep\n|turn|29\n|inactive|COALLA123456789 has 30 seconds left.\n|inactive|COALLA123456789 has 20 seconds left.\n|c|\u2606COALLA123456789|yeah\n|inactive|COALLA123456789 has 15 seconds left.\n|inactive|COALLA123456789 has 10 seconds left.\n|\n|t:|1700670390\n|move|p1a: Iron Moth|Fiery Dance|p2a: Slowking\n|-damage|p2a: Slowking|33\/100\n|move|p2a: Slowking|Sludge Bomb|p1a: Iron Moth\n|-resisted|p1a: Iron Moth\n|-activate|p1a: Iron Moth|move: Substitute|[damage]\n|\n|upkeep\n|turn|30\n|inactive|COALLA123456789 has 20 seconds left this turn.\n|\n|t:|1700670397\n|move|p1a: Iron Moth|Fiery Dance|p2a: Slowking\n|-damage|p2a: Slowking|0 fnt\n|faint|p2a: Slowking\n|\n|win|Maxouille\n|inactive|COALLA123456789 has 25 seconds left this turn.\n|c|\u2606COALLA123456789|i played too confident you\u2019d be spAtk boosting moth\n|c|\u2606COALLA123456789|gg\n|c|\u2606Maxouille|gg\n","uploadtime":1700670398,"views":20,"p1id":"maxouille","p2id":"coalla123456789","formatid":"gen9ou","rating":0,"private":0,"password":""}