{"id":"gen9nationaldexdoubles-1955117879","p1":"Theadonia","p2":"ilikemen_6969gayy","format":"[Gen 9] National Dex Doubles","log":"|j|\u2606Theadonia\n|j|\u2606ilikemen_6969gayy\n|t:|1695958440\n|gametype|doubles\n|player|p1|Theadonia|caitlin|1076\n|player|p2|ilikemen_6969gayy|265|1105\n|teamsize|p1|6\n|teamsize|p2|6\n|gen|9\n|tier|[Gen 9] National Dex Doubles\n|rated|\n|rule|HP Percentage Mod: HP is shown in percentages\n|rule|Endless Battle Clause: Forcing endless battles is banned\n|rule|OHKO Clause: OHKO moves are banned\n|rule|Evasion Moves Clause: Evasion moves are banned\n|rule|Evasion Abilities Clause: Evasion abilities are banned\n|rule|Species Clause: Limit one of each Pok\u00e9mon\n|rule|Gravity Sleep Clause: The combination of sleep-inducing moves with imperfect accuracy and Gravity or Gigantamax Orbeetle are banned\n|clearpoke\n|poke|p1|Delphox, F|\n|poke|p1|Oricorio-Sensu, F|\n|poke|p1|Kommo-o, F|\n|poke|p1|Smeargle, F|\n|poke|p1|Comfey, M|\n|poke|p1|Illumise, F|\n|poke|p2|Kommo-o, F|\n|poke|p2|Latios, M|\n|poke|p2|Mudsdale, M|\n|poke|p2|Greninja-*, M|\n|poke|p2|Oranguru, F|\n|poke|p2|Breloom, M|\n|teampreview\n|\n|t:|1695958451\n|start\n|switch|p1a: Oricorio|Oricorio-Sensu, F|100\/100\n|switch|p1b: Delphox|Delphox, F|100\/100\n|switch|p2a: Ted Bundy|Kommo-o, F|100\/100\n|switch|p2b: Ted Bundy2|Latios, M|100\/100\n|turn|1\n|\n|t:|1695958482\n|-terastallize|p1a: Oricorio|Fairy\n|move|p1b: Delphox|Role Play|p1a: Oricorio\n|-endability|p1b: Delphox|Magician|[from] move: Role Play\n|-ability|p1b: Delphox|Dancer|[from] move: Role Play|[of] p1a: Oricorio\n|move|p2b: Ted Bundy2|Simple Beam|p2a: Ted Bundy\n|-endability|p2a: Ted Bundy|Overcoat|[from] move: Simple Beam\n|-ability|p2a: Ted Bundy|Simple|[from] move: Simple Beam\n|move|p2a: Ted Bundy|Clangorous Soul|p2a: Ted Bundy\n|-boost|p2a: Ted Bundy|atk|2\n|-boost|p2a: Ted Bundy|def|2\n|-boost|p2a: Ted Bundy|spa|2\n|-boost|p2a: Ted Bundy|spd|2\n|-boost|p2a: Ted Bundy|spe|2\n|-damage|p2a: Ted Bundy|68\/100\n|-activate|p1a: Oricorio|ability: Dancer\n|move|p1a: Oricorio|Clangorous Soul|p1a: Oricorio|[from]ability: Dancer\n|-boost|p1a: Oricorio|atk|1\n|-boost|p1a: Oricorio|def|1\n|-boost|p1a: Oricorio|spa|1\n|-boost|p1a: Oricorio|spd|1\n|-boost|p1a: Oricorio|spe|1\n|-damage|p1a: Oricorio|68\/100\n|-activate|p1b: Delphox|ability: Dancer\n|move|p1b: Delphox|Clangorous Soul|p1b: Delphox|[from]ability: Dancer\n|-boost|p1b: Delphox|atk|1\n|-boost|p1b: Delphox|def|1\n|-boost|p1b: Delphox|spa|1\n|-boost|p1b: Delphox|spd|1\n|-boost|p1b: Delphox|spe|1\n|-damage|p1b: Delphox|68\/100\n|move|p1a: Oricorio|Revelation Dance|p2a: Ted Bundy\n|-supereffective|p2a: Ted Bundy\n|-damage|p2a: Ted Bundy|0 fnt\n|faint|p2a: Ted Bundy\n|-activate|p1b: Delphox|ability: Dancer\n|move|p1b: Delphox|Revelation Dance|p2b: Ted Bundy2|[from]ability: Dancer\n|-resisted|p2b: Ted Bundy2\n|-damage|p2b: Ted Bundy2|73\/100\n|\n|upkeep\n|c|\u2606ilikemen_6969gayy|WHAT\n|c|\u2606ilikemen_6969gayy|THATS A DANCING MOVE\n|c|\u2606Theadonia|Yeeeeep\n|c|\u2606ilikemen_6969gayy|ight fuck this im out lol\n|c|\u2606Theadonia|i learned that the fun way as well\n|c|\u2606ilikemen_6969gayy|have a good one\n|c|\u2606Theadonia|You too homie gg\n|-message|ilikemen_6969gayy forfeited.\n|\n|win|Theadonia\n|raw|Theadonia's rating: 1076 &rarr; <strong>1107<\/strong><br \/>(+31 for winning)\n|raw|ilikemen_6969gayy's rating: 1105 &rarr; <strong>1078<\/strong><br \/>(-27 for losing)\n|l|\u2606ilikemen_6969gayy\n","uploadtime":1695958538,"views":9,"p1id":"theadonia","p2id":"ilikemen6969gayy","formatid":"gen9nationaldexdoubles","rating":1078,"private":0,"password":""}