{"id":"gen9nationaldexdoubles-1999125116","p1":"Palden64","p2":"enthusiastic_squid","format":"[Gen 9] National Dex Doubles","log":"|j|\u2606Palden64\n|j|\u2606enthusiastic_squid\n|t:|1701035835\n|gametype|doubles\n|player|p1|Palden64|iris|1132\n|player|p2|enthusiastic_squid|hiker-gen4|1231\n|teamsize|p1|6\n|teamsize|p2|6\n|gen|9\n|tier|[Gen 9] National Dex Doubles\n|rated|\n|rule|HP Percentage Mod: HP is shown in percentages\n|rule|Endless Battle Clause: Forcing endless battles is banned\n|rule|OHKO Clause: OHKO moves are banned\n|rule|Evasion Moves Clause: Evasion moves are banned\n|rule|Evasion Abilities Clause: Evasion abilities are banned\n|rule|Species Clause: Limit one of each Pok\u00e9mon\n|rule|Gravity Sleep Clause: The combination of sleep-inducing moves with imperfect accuracy and Gravity or Gigantamax Orbeetle are banned\n|clearpoke\n|poke|p1|Smeargle, M|\n|poke|p1|Comfey, F|\n|poke|p1|Whimsicott, M|\n|poke|p1|Farigiraf, F|\n|poke|p1|Ogerpon-Cornerstone, F|\n|poke|p1|Incineroar, M|\n|poke|p2|Sableye, F|\n|poke|p2|Magneton|\n|poke|p2|Heatran, M|\n|poke|p2|Farigiraf, M|\n|poke|p2|Landorus-Therian, M|\n|poke|p2|Ogerpon-Wellspring, F|\n|teampreview\n|inactive|Battle timer is ON: inactive players will automatically lose when time's up. (requested by Palden64)\n|\n|t:|1701035863\n|start\n|switch|p1a: Incineroar|Incineroar, M|100\/100\n|switch|p1b: Smeargle|Smeargle, M|100\/100\n|switch|p2a: Landorus|Landorus-Therian, M|100\/100\n|switch|p2b: Farigiraf|Farigiraf, M|100\/100\n|-ability|p2a: Landorus|Intimidate|boost\n|-unboost|p1a: Incineroar|atk|1\n|-fail|p1b: Smeargle|unboost|Attack|[from] ability: Own Tempo|[of] p1b: Smeargle\n|-ability|p1a: Incineroar|Intimidate|boost\n|-unboost|p2a: Landorus|atk|1\n|-unboost|p2b: Farigiraf|atk|1\n|turn|1\n|inactive|Palden64 has 120 seconds left.\n|\n|t:|1701035900\n|move|p2b: Farigiraf|Protect|p2b: Farigiraf\n|-singleturn|p2b: Farigiraf|Protect\n|move|p2a: Landorus|Knock Off|p1b: Smeargle\n|-damage|p1b: Smeargle|46\/100\n|-enditem|p1b: Smeargle|Leppa Berry|[from] move: Knock Off|[of] p2a: Landorus\n|move|p1b: Smeargle|Spore|p2a: Landorus\n|-status|p2a: Landorus|slp|[from] move: Spore\n|move|p1a: Incineroar|Parting Shot|p2a: Landorus\n|-unboost|p2a: Landorus|atk|1\n|-unboost|p2a: Landorus|spa|1\n|\n|t:|1701035919\n|switch|p1a: Ogerpon|Ogerpon-Cornerstone, F|100\/100|[from] Parting Shot\n|\n|upkeep\n|turn|2\n|inactive|enthusiastic_squid has 120 seconds left.\n|\n|t:|1701035949\n|switch|p2b: Ogerpon|Ogerpon-Wellspring, F|100\/100\n|cant|p2a: Landorus|slp\n|move|p1a: Ogerpon|Swords Dance|p1a: Ogerpon\n|-boost|p1a: Ogerpon|atk|2\n|move|p1b: Smeargle|Decorate|p1a: Ogerpon\n|-boost|p1a: Ogerpon|atk|2\n|-boost|p1a: Ogerpon|spa|2\n|\n|upkeep\n|turn|3\n|\n|t:|1701035974\n|switch|p1b: Incineroar|Incineroar, M|100\/100\n|-ability|p1b: Incineroar|Intimidate|boost\n|-unboost|p2a: Landorus|atk|1\n|-unboost|p2b: Ogerpon|atk|1\n|move|p2b: Ogerpon|Horn Leech|p1b: Incineroar\n|-resisted|p1b: Incineroar\n|-damage|p1b: Incineroar|88\/100\n|-damage|p2b: Ogerpon|84\/100|[from] item: Rocky Helmet|[of] p1b: Incineroar\n|cant|p2a: Landorus|slp\n|move|p1a: Ogerpon|Horn Leech|p2b: Ogerpon\n|-damage|p2b: Ogerpon|0 fnt\n|faint|p2b: Ogerpon\n|\n|upkeep\n|inactive|enthusiastic_squid has 120 seconds left.\n|\n|t:|1701036005\n|switch|p2b: Heatran|Heatran, M|100\/100\n|turn|4\n|inactive|enthusiastic_squid has 120 seconds left.\n|\n|t:|1701036027\n|move|p1b: Incineroar|Fake Out|p2b: Heatran\n|-resisted|p2b: Heatran\n|-damage|p2b: Heatran|96\/100\n|-curestatus|p2a: Landorus|slp|[msg]\n|move|p2a: Landorus|Rock Slide|p1a: Ogerpon|[spread] p1a,p1b\n|-supereffective|p1b: Incineroar\n|-damage|p1a: Ogerpon|92\/100\n|-damage|p1b: Incineroar|75\/100\n|move|p1a: Ogerpon|Ivy Cudgel|p2b: Heatran|[anim] Ivy Cudgel Rock\n|-damage|p2b: Heatran|0 fnt\n|faint|p2b: Heatran\n|\n|upkeep\n|inactive|enthusiastic_squid has 90 seconds left.\n|-message|enthusiastic_squid forfeited.\n|\n|win|Palden64\n|raw|Palden64's rating: 1132 &rarr; <strong>1164<\/strong><br \/>(+32 for winning)\n|raw|enthusiastic_squid's rating: 1231 &rarr; <strong>1199<\/strong><br \/>(-32 for losing)\n|l|\u2606enthusiastic_squid\n","uploadtime":1701036051,"views":0,"p1id":"palden64","p2id":"enthusiasticsquid","formatid":"gen9nationaldexdoubles","rating":1164,"private":0,"password":""}