{"id":"gen9nationaldexdoubles-1975021369","p1":"milesforhire","p2":"magicgril","format":"[Gen 9] National Dex Doubles","log":"|j|\u2606milesforhire\n|j|\u2606magicgril\n|t:|1698155596\n|gametype|doubles\n|player|p1|milesforhire|rosa-masters2|1060\n|player|p2|magicgril|rosa-masters|1293\n|teamsize|p1|6\n|teamsize|p2|6\n|gen|9\n|tier|[Gen 9] National Dex Doubles\n|rated|\n|rule|HP Percentage Mod: HP is shown in percentages\n|rule|Endless Battle Clause: Forcing endless battles is banned\n|rule|OHKO Clause: OHKO moves are banned\n|rule|Evasion Moves Clause: Evasion moves are banned\n|rule|Evasion Abilities Clause: Evasion abilities are banned\n|rule|Species Clause: Limit one of each Pok\u00e9mon\n|rule|Gravity Sleep Clause: The combination of sleep-inducing moves with imperfect accuracy and Gravity or Gigantamax Orbeetle are banned\n|clearpoke\n|poke|p1|Lilligant, F|\n|poke|p1|Walking Wake|\n|poke|p1|Charizard, F|\n|poke|p1|Great Tusk|\n|poke|p1|Volcarona, M|\n|poke|p1|Torkoal, M|\n|poke|p2|Tapu Lele|\n|poke|p2|Deoxys-Attack|\n|poke|p2|Alakazam, F|\n|poke|p2|Flutter Mane|\n|poke|p2|Ogerpon-Hearthflame, F|\n|poke|p2|Chien-Pao|\n|teampreview\n|\n|t:|1698155606\n|start\n|switch|p1a: Torkoal|Torkoal, M|100\/100\n|switch|p1b: Lilligant|Lilligant, F, shiny|100\/100\n|switch|p2a: Tapu Lele|Tapu Lele|100\/100\n|switch|p2b: Alakazam|Alakazam, F|100\/100\n|-fieldstart|move: Psychic Terrain|[from] ability: Psychic Surge|[of] p2a: Tapu Lele\n|-weather|SunnyDay|[from] ability: Drought|[of] p1a: Torkoal\n|turn|1\n|\n|t:|1698155632\n|detailschange|p2b: Alakazam|Alakazam-Mega, F\n|-mega|p2b: Alakazam|Alakazam|Alakazite\n|-ability|p2b: Alakazam|Chlorophyll|[from] ability: Trace|[of] p1b: Lilligant\n|move|p2b: Alakazam|Nasty Plot|p2b: Alakazam\n|-boost|p2b: Alakazam|spa|2\n|move|p1b: Lilligant|Giga Drain|p2b: Alakazam\n|-damage|p2b: Alakazam|62\/100\n|move|p2a: Tapu Lele|Psychic|p1b: Lilligant\n|-damage|p1b: Lilligant|0 fnt\n|faint|p1b: Lilligant\n|-damage|p2a: Tapu Lele|91\/100|[from] item: Life Orb\n|move|p1a: Torkoal|Stealth Rock|p2a: Tapu Lele\n|-sidestart|p2: magicgril|move: Stealth Rock\n|\n|-weather|SunnyDay|[upkeep]\n|upkeep\n|inactive|Battle timer is ON: inactive players will automatically lose when time's up. (requested by magicgril)\n|\n|t:|1698155649\n|switch|p1b: Walking Wake|Walking Wake|100\/100\n|-activate|p1b: Walking Wake|ability: Protosynthesis\n|-start|p1b: Walking Wake|protosynthesisspe\n|turn|2\n|\n|t:|1698155666\n|move|p1b: Walking Wake|Protect|p1b: Walking Wake\n|-singleturn|p1b: Walking Wake|Protect\n|move|p2a: Tapu Lele|Ally Switch|p2a: Tapu Lele\n|swap|p2a: Tapu Lele|1|[from] move: Ally Switch\n|move|p2a: Alakazam|Expanding Force|p1a: Torkoal|[spread] p1a\n|-activate|p1b: Walking Wake|move: Protect\n|-damage|p1a: Torkoal|0 fnt\n|faint|p1a: Torkoal\n|\n|-weather|SunnyDay|[upkeep]\n|upkeep\n|\n|t:|1698155676\n|switch|p1a: Volcarona|Volcarona, M|100\/100\n|turn|3\n|\n|t:|1698155686\n|move|p2a: Alakazam|Expanding Force|p1a: Volcarona|[spread] p1a,p1b\n|-damage|p1a: Volcarona|0 fnt\n|-damage|p1b: Walking Wake|0 fnt\n|faint|p1a: Volcarona\n|faint|p1b: Walking Wake\n|-end|p1b: Walking Wake|Protosynthesis|[silent]\n|move|p2b: Tapu Lele|Psychic|p1: Volcarona|[notarget]\n|-fail|p2b: Tapu Lele\n|\n|-weather|SunnyDay|[upkeep]\n|upkeep\n|\n|t:|1698155693\n|switch|p1b: Great Tusk|Great Tusk, shiny|100\/100\n|switch|p1a: Charizard|Charizard, F, shiny|100\/100\n|-activate|p1b: Great Tusk|ability: Protosynthesis\n|-start|p1b: Great Tusk|protosynthesisatk\n|turn|4\n|\n|t:|1698155704\n|detailschange|p1a: Charizard|Charizard-Mega-Y, F, shiny\n|-mega|p1a: Charizard|Charizard|Charizardite Y\n|move|p2a: Alakazam|Expanding Force|p1b: Great Tusk|[spread] p1a,p1b\n|-supereffective|p1b: Great Tusk\n|-damage|p1a: Charizard|0 fnt\n|-damage|p1b: Great Tusk|0 fnt\n|faint|p1a: Charizard\n|faint|p1b: Great Tusk\n|-end|p1b: Great Tusk|Protosynthesis|[silent]\n|\n|win|magicgril\n|raw|milesforhire's rating: 1060 &rarr; <strong>1052<\/strong><br \/>(-8 for losing)\n|raw|magicgril's rating: 1293 &rarr; <strong>1303<\/strong><br \/>(+10 for winning)\n|l|\u2606milesforhire\n","uploadtime":1698155713,"views":9,"p1id":"milesforhire","p2id":"magicgril","formatid":"gen9nationaldexdoubles","rating":1052,"private":0,"password":""}