{"id":"gen9nationaldexdoubles-1996413213","p1":"Kubosarutobi","p2":"sadboigaming","format":"[Gen 9] National Dex Doubles","log":"|j|\u2606Kubosarutobi\n|j|\u2606sadboigaming\n|t:|1700679622\n|gametype|doubles\n|player|p1|Kubosarutobi|maylene|1212\n|player|p2|sadboigaming|unknown|1107\n|teamsize|p1|6\n|teamsize|p2|6\n|gen|9\n|tier|[Gen 9] National Dex Doubles\n|rated|\n|rule|HP Percentage Mod: HP is shown in percentages\n|rule|Endless Battle Clause: Forcing endless battles is banned\n|rule|OHKO Clause: OHKO moves are banned\n|rule|Evasion Moves Clause: Evasion moves are banned\n|rule|Evasion Abilities Clause: Evasion abilities are banned\n|rule|Species Clause: Limit one of each Pok\u00e9mon\n|rule|Gravity Sleep Clause: The combination of sleep-inducing moves with imperfect accuracy and Gravity or Gigantamax Orbeetle are banned\n|clearpoke\n|poke|p1|Excadrill, M|\n|poke|p1|Tyranitar, F|\n|poke|p1|Rotom-Wash|\n|poke|p1|Hippowdon, F|\n|poke|p1|Amoonguss, F|\n|poke|p1|Landorus, M|\n|poke|p2|Froslass, F|\n|poke|p2|Torkoal, F|\n|poke|p2|Roaring Moon|\n|poke|p2|Urshifu-*, F|\n|poke|p2|Thundurus-Therian, M|\n|poke|p2|Gardevoir, M|\n|teampreview\n|inactive|Battle timer is ON: inactive players will automatically lose when time's up. (requested by Kubosarutobi)\n|\n|t:|1700679633\n|start\n|switch|p1a: Rotom|Rotom-Wash|100\/100\n|switch|p1b: Tyranitar|Tyranitar, F|100\/100\n|switch|p2a: Torkoal|Torkoal, F, shiny|100\/100\n|switch|p2b: Roaring Moon|Roaring Moon|100\/100\n|-weather|Sandstorm|[from] ability: Sand Stream|[of] p1b: Tyranitar\n|-weather|SunnyDay|[from] ability: Drought|[of] p2a: Torkoal\n|-activate|p2b: Roaring Moon|ability: Protosynthesis\n|-start|p2b: Roaring Moon|protosynthesisatk\n|turn|1\n|inactive|sadboigaming has 120 seconds left.\n|\n|t:|1700679663\n|-end|p2b: Roaring Moon|Protosynthesis|[silent]\n|switch|p2b: Froslass|Froslass, F|100\/100\n|switch|p1b: Hippowdon|Hippowdon, F|100\/100\n|-weather|Sandstorm|[from] ability: Sand Stream|[of] p1b: Hippowdon\n|move|p1a: Rotom|Will-O-Wisp|p2b: Froslass\n|-status|p2b: Froslass|brn\n|move|p2a: Torkoal|Earthquake|p1a: Rotom|[spread] p2b,p1b\n|-immune|p1a: Rotom|[from] ability: Levitate\n|-damage|p2b: Froslass|76\/100 brn\n|-damage|p1b: Hippowdon|92\/100\n|\n|-weather|Sandstorm|[upkeep]\n|-damage|p2b: Froslass|70\/100 brn|[from] Sandstorm\n|-damage|p1a: Rotom|94\/100|[from] Sandstorm\n|-damage|p2a: Torkoal|94\/100|[from] Sandstorm\n|-heal|p2b: Froslass|76\/100 brn|[from] item: Leftovers\n|-heal|p1a: Rotom|100\/100|[from] item: Leftovers\n|-heal|p1b: Hippowdon|98\/100|[from] item: Leftovers\n|-damage|p2b: Froslass|70\/100 brn|[from] brn\n|upkeep\n|turn|2\n|inactive|sadboigaming has 120 seconds left.\n|\n|t:|1700679711\n|move|p2b: Froslass|Ice Beam|p1b: Hippowdon\n|-supereffective|p1b: Hippowdon\n|-damage|p1b: Hippowdon|37\/100\n|move|p1a: Rotom|Volt Switch|p2a: Torkoal\n|-damage|p2a: Torkoal|58\/100\n|inactive|Kubosarutobi has 120 seconds left.\n|\n|t:|1700679722\n|switch|p1a: Tyranitar|Tyranitar, F|100\/100|[from] Volt Switch\n|move|p1b: Hippowdon|Rock Slide|p2a: Torkoal|[spread] p2a,p2b\n|-supereffective|p2a: Torkoal\n|-supereffective|p2b: Froslass\n|-damage|p2a: Torkoal|42\/100\n|-damage|p2b: Froslass|22\/100 brn\n|-start|p1b: Hippowdon|Disable|Rock Slide|[from] ability: Cursed Body|[of] p2b: Froslass\n|cant|p2a: Torkoal|flinch\n|\n|-weather|Sandstorm|[upkeep]\n|-damage|p2b: Froslass|16\/100 brn|[from] Sandstorm\n|-damage|p2a: Torkoal|36\/100|[from] Sandstorm\n|-heal|p2b: Froslass|22\/100 brn|[from] item: Leftovers\n|-heal|p1b: Hippowdon|43\/100|[from] item: Leftovers\n|-damage|p2b: Froslass|16\/100 brn|[from] brn\n|upkeep\n|turn|3\n|inactive|sadboigaming has 120 seconds left.\n|\n|t:|1700679745\n|switch|p2a: Roaring Moon|Roaring Moon|100\/100\n|move|p1b: Hippowdon|Protect|p1b: Hippowdon\n|-singleturn|p1b: Hippowdon|Protect\n|move|p2b: Froslass|Ice Beam|p2a: Roaring Moon\n|-supereffective|p2a: Roaring Moon\n|-damage|p2a: Roaring Moon|37\/100\n|-status|p2a: Roaring Moon|frz\n|move|p1a: Tyranitar|Rock Slide|p2b: Froslass|[spread] p2a\n|-miss|p1a: Tyranitar|p2b: Froslass\n|-damage|p2a: Roaring Moon|0 fnt\n|faint|p2a: Roaring Moon\n|-end|p2a: Roaring Moon|Protosynthesis|[silent]\n|\n|-weather|Sandstorm|[upkeep]\n|-damage|p2b: Froslass|10\/100 brn|[from] Sandstorm\n|-heal|p2b: Froslass|16\/100 brn|[from] item: Leftovers\n|-heal|p1b: Hippowdon|49\/100|[from] item: Leftovers\n|-damage|p2b: Froslass|10\/100 brn|[from] brn\n|upkeep\n|-message|sadboigaming forfeited.\n|\n|win|Kubosarutobi\n|raw|Kubosarutobi's rating: 1212 &rarr; <strong>1230<\/strong><br \/>(+18 for winning)\n|raw|sadboigaming's rating: 1107 &rarr; <strong>1089<\/strong><br \/>(-18 for losing)\n|l|\u2606sadboigaming\n","uploadtime":1700679768,"views":7,"p1id":"kubosarutobi","p2id":"sadboigaming","formatid":"gen9nationaldexdoubles","rating":1089,"private":0,"password":""}