{"id":"gen9nationaldexdoubles-1965187556","p1":"garyjgames","p2":"NixonGaming37","format":"[Gen 9] National Dex Doubles","log":"|j|\u2606garyjgames\n|j|\u2606NixonGaming37\n|t:|1697049354\n|gametype|doubles\n|player|p1|garyjgames|rancher|1121\n|player|p2|NixonGaming37|roughneck-gen4|1109\n|teamsize|p1|6\n|teamsize|p2|6\n|gen|9\n|tier|[Gen 9] National Dex Doubles\n|rated|\n|rule|HP Percentage Mod: HP is shown in percentages\n|rule|Endless Battle Clause: Forcing endless battles is banned\n|rule|OHKO Clause: OHKO moves are banned\n|rule|Evasion Moves Clause: Evasion moves are banned\n|rule|Evasion Abilities Clause: Evasion abilities are banned\n|rule|Species Clause: Limit one of each Pok\u00e9mon\n|rule|Gravity Sleep Clause: The combination of sleep-inducing moves with imperfect accuracy and Gravity or Gigantamax Orbeetle are banned\n|clearpoke\n|poke|p1|Incineroar, M|\n|poke|p1|Okidogi, M|\n|poke|p1|Cresselia, F|\n|poke|p1|Ursaluna-Bloodmoon, M|\n|poke|p1|Torkoal, F|\n|poke|p1|Spiritomb, M|\n|poke|p2|Hydreigon, M|\n|poke|p2|Qwilfish, M|\n|poke|p2|Rhyperior, M|\n|poke|p2|Heracross, F|\n|poke|p2|Braviary, M|\n|poke|p2|Celebi|\n|teampreview\n|inactive|Battle timer is ON: inactive players will automatically lose when time's up. (requested by garyjgames)\n|\n|t:|1697049371\n|start\n|switch|p1a: Ursaluna|Ursaluna-Bloodmoon, M|100\/100\n|switch|p1b: Cresselia|Cresselia, F|100\/100\n|switch|p2a: Qwilfish|Qwilfish, M|100\/100\n|switch|p2b: Rhyperior|Rhyperior, M|100\/100\n|-ability|p2a: Qwilfish|Intimidate|boost\n|-unboost|p1a: Ursaluna|atk|1\n|-unboost|p1b: Cresselia|atk|1\n|turn|1\n|\n|t:|1697049384\n|move|p1a: Ursaluna|Protect|p1a: Ursaluna\n|-singleturn|p1a: Ursaluna|Protect\n|move|p2a: Qwilfish|Liquidation|p1a: Ursaluna\n|-activate|p1a: Ursaluna|move: Protect\n|move|p2b: Rhyperior|Stealth Rock|p1b: Cresselia\n|-sidestart|p1: garyjgames|move: Stealth Rock\n|move|p1b: Cresselia|Trick Room|p1b: Cresselia\n|-fieldstart|move: Trick Room|[of] p1b: Cresselia\n|\n|upkeep\n|turn|2\n|\n|t:|1697049406\n|move|p1b: Cresselia|Ally Switch|p1b: Cresselia\n|swap|p1b: Cresselia|0|[from] move: Ally Switch\n|move|p2a: Qwilfish|Aqua Jet|p1a: Cresselia\n|-damage|p1a: Cresselia|87\/100\n|move|p1b: Ursaluna|Blood Moon|p2a: Qwilfish\n|-damage|p2a: Qwilfish|0 fnt\n|faint|p2a: Qwilfish\n|move|p2b: Rhyperior|Ice Punch|p1a: Cresselia\n|-damage|p1a: Cresselia|69\/100\n|\n|-heal|p1a: Cresselia|75\/100|[from] item: Leftovers\n|upkeep\n|\n|t:|1697049417\n|switch|p2a: Hydreigon|Hydreigon, M|100\/100\n|turn|3\n|\n|t:|1697049426\n|move|p1b: Ursaluna|Hyper Voice|p2b: Rhyperior|[spread] p2a,p2b\n|-resisted|p2b: Rhyperior\n|-damage|p2a: Hydreigon|56\/100\n|-damage|p2b: Rhyperior|77\/100\n|-enditem|p1b: Ursaluna|Throat Spray\n|-boost|p1b: Ursaluna|spa|1|[from] item: Throat Spray\n|move|p2b: Rhyperior|Stone Edge|p1a: Cresselia|[miss]\n|-miss|p2b: Rhyperior|p1a: Cresselia\n|move|p1a: Cresselia|Moonblast|p2a: Hydreigon\n|-supereffective|p2a: Hydreigon\n|-damage|p2a: Hydreigon|0 fnt\n|faint|p2a: Hydreigon\n|\n|-heal|p1a: Cresselia|81\/100|[from] item: Leftovers\n|upkeep\n|-message|NixonGaming37 forfeited.\n|\n|win|garyjgames\n|raw|garyjgames's rating: 1121 &rarr; <strong>1145<\/strong><br \/>(+24 for winning)\n|raw|NixonGaming37's rating: 1109 &rarr; <strong>1085<\/strong><br \/>(-24 for losing)\n|l|\u2606NixonGaming37\n","uploadtime":1697049444,"views":8,"p1id":"garyjgames","p2id":"nixongaming37","formatid":"gen9nationaldexdoubles","rating":1085,"private":0,"password":""}