{"id":"gen9nationaldexdoubles-1998064730","p1":"Arthur3a","p2":"bcs cadre","format":"[Gen 9] National Dex Doubles","log":"|j|\u2606Arthur3a\n|j|\u2606bcs cadre\n|t:|1700885826\n|gametype|doubles\n|player|p1|Arthur3a|candice|1082\n|player|p2|bcs cadre|ethan|1052\n|teamsize|p1|6\n|teamsize|p2|4\n|gen|9\n|tier|[Gen 9] National Dex Doubles\n|rated|\n|rule|HP Percentage Mod: HP is shown in percentages\n|rule|Endless Battle Clause: Forcing endless battles is banned\n|rule|OHKO Clause: OHKO moves are banned\n|rule|Evasion Moves Clause: Evasion moves are banned\n|rule|Evasion Abilities Clause: Evasion abilities are banned\n|rule|Species Clause: Limit one of each Pok\u00e9mon\n|rule|Gravity Sleep Clause: The combination of sleep-inducing moves with imperfect accuracy and Gravity or Gigantamax Orbeetle are banned\n|clearpoke\n|poke|p1|Oricorio-Pom-Pom, F|\n|poke|p1|Volcarona, F|\n|poke|p1|Lilligant, F|\n|poke|p1|Masquerain, M|\n|poke|p1|Ribombee, F|\n|poke|p1|Chi-Yu|\n|poke|p2|Oranguru, M|\n|poke|p2|Torkoal, M|\n|poke|p2|Ursaluna, M|\n|poke|p2|Cresselia, F|\n|teampreview\n|inactive|Battle timer is ON: inactive players will automatically lose when time's up. (requested by Arthur3a)\n|inactive|bcs cadre also wants the timer to be on.\n|\n|t:|1700885837\n|start\n|switch|p1a: Oricorio|Oricorio-Pom-Pom, F|100\/100\n|switch|p1b: Volcarona|Volcarona, F|100\/100\n|switch|p2a: Oranguru|Oranguru, M|100\/100\n|switch|p2b: Torkoal|Torkoal, M|100\/100\n|-weather|SunnyDay|[from] ability: Drought|[of] p2b: Torkoal\n|turn|1\n|\n|t:|1700885850\n|move|p2b: Torkoal|Protect|p2b: Torkoal\n|-singleturn|p2b: Torkoal|Protect\n|move|p1b: Volcarona|Fiery Dance|p2a: Oranguru\n|-damage|p2a: Oranguru|52\/100\n|-activate|p1a: Oricorio|ability: Dancer\n|move|p1a: Oricorio|Fiery Dance|p2a: Oranguru|[from]ability: Dancer\n|-damage|p2a: Oranguru|23\/100\n|-boost|p1a: Oricorio|spa|1\n|move|p1a: Oricorio|Revelation Dance|p2a: Oranguru\n|-damage|p2a: Oranguru|0 fnt\n|faint|p2a: Oranguru\n|\n|-weather|SunnyDay|[upkeep]\n|upkeep\n|\n|t:|1700885865\n|switch|p2a: Cresselia|Cresselia, F|100\/100\n|turn|2\n|-message|bcs cadre forfeited.\n|\n|win|Arthur3a\n|raw|Arthur3a's rating: 1082 &rarr; <strong>1110<\/strong><br \/>(+28 for winning)\n|raw|bcs cadre's rating: 1091 &rarr; <strong>1067<\/strong><br \/>(-24 for losing)\n|l|\u2606bcs cadre\n","uploadtime":1700885876,"views":1,"p1id":"arthur3a","p2id":"bcscadre","formatid":"gen9nationaldexdoubles","rating":1067,"private":0,"password":""}