{"id":"gen9nationaldexdoubles-1952571859","p1":"Theonlykev","p2":"Lilytheloudmouth","format":"[Gen 9] National Dex Doubles","log":"|j|\u2606Theonlykev\n|j|\u2606Lilytheloudmouth\n|t:|1695698403\n|gametype|doubles\n|player|p1|Theonlykev|ltsurge|1296\n|player|p2|Lilytheloudmouth|baker|1093\n|teamsize|p1|6\n|teamsize|p2|6\n|gen|9\n|tier|[Gen 9] National Dex Doubles\n|rated|\n|rule|HP Percentage Mod: HP is shown in percentages\n|rule|Endless Battle Clause: Forcing endless battles is banned\n|rule|OHKO Clause: OHKO moves are banned\n|rule|Evasion Moves Clause: Evasion moves are banned\n|rule|Evasion Abilities Clause: Evasion abilities are banned\n|rule|Species Clause: Limit one of each Pok\u00e9mon\n|rule|Gravity Sleep Clause: The combination of sleep-inducing moves with imperfect accuracy and Gravity or Gigantamax Orbeetle are banned\n|clearpoke\n|poke|p1|Landorus-Therian, M|\n|poke|p1|Tornadus, M|\n|poke|p1|Enamorus-Therian, F|\n|poke|p1|Thundurus, M|\n|poke|p1|Ogerpon-Hearthflame, F|\n|poke|p1|Palafin, M|\n|poke|p2|Munkidori, M|\n|poke|p2|Grafaiai, M|\n|poke|p2|Slaking, M|\n|poke|p2|Rillaboom, M|\n|poke|p2|Infernape, M|\n|poke|p2|Simipour, F|\n|teampreview\n|\n|t:|1695698420\n|start\n|switch|p1a: Tornadus|Tornadus, M|100\/100\n|switch|p1b: Thundurus|Thundurus, M|100\/100\n|switch|p2a: Simipour|Simipour, F|100\/100\n|switch|p2b: Infernape|Infernape, M|100\/100\n|turn|1\n|\n|t:|1695698436\n|move|p1a: Tornadus|Tailwind|p1a: Tornadus\n|-sidestart|p1: Theonlykev|move: Tailwind\n|move|p1b: Thundurus|Thunder Wave|p2b: Infernape\n|-status|p2b: Infernape|par\n|move|p2a: Simipour|Substitute|p2a: Simipour\n|-start|p2a: Simipour|Substitute\n|-damage|p2a: Simipour|76\/100\n|move|p2b: Infernape|Nasty Plot|p2b: Infernape\n|-boost|p2b: Infernape|spa|2\n|\n|-heal|p2a: Simipour|82\/100|[from] item: Leftovers\n|upkeep\n|turn|2\n|\n|t:|1695698466\n|move|p1a: Tornadus|Bleakwind Storm|p2a: Simipour|[spread] p2a,p2b\n|-end|p2a: Simipour|Substitute\n|-supereffective|p2b: Infernape\n|-damage|p2b: Infernape|0 fnt\n|faint|p2b: Infernape\n|move|p1b: Thundurus|Wildbolt Storm|p2a: Simipour\n|-supereffective|p2a: Simipour\n|-damage|p2a: Simipour|0 fnt\n|faint|p2a: Simipour\n|\n|upkeep\n|-message|Lilytheloudmouth forfeited.\n|\n|win|Theonlykev\n|raw|Theonlykev's rating: 1296 &rarr; <strong>1308<\/strong><br \/>(+12 for winning)\n|raw|Lilytheloudmouth's rating: 1093 &rarr; <strong>1082<\/strong><br \/>(-11 for losing)\n|l|\u2606Lilytheloudmouth\n","uploadtime":1695698487,"views":16,"p1id":"theonlykev","p2id":"lilytheloudmouth","formatid":"gen9nationaldexdoubles","rating":1082,"private":0,"password":""}