{"id":"gen9nationaldexdoubles-1976195622","p1":"rdgsrdfg srg","p2":"Ancientguirus","format":"[Gen 9] National Dex Doubles","log":"|j|\u2606rdgsrdfg srg\n|j|\u2606Ancientguirus\n|t:|1698272573\n|gametype|doubles\n|player|p1|rdgsrdfg srg|lucas|1000\n|player|p2|Ancientguirus|raihan|1113\n|teamsize|p1|6\n|teamsize|p2|6\n|gen|9\n|tier|[Gen 9] National Dex Doubles\n|rated|\n|rule|HP Percentage Mod: HP is shown in percentages\n|rule|Endless Battle Clause: Forcing endless battles is banned\n|rule|OHKO Clause: OHKO moves are banned\n|rule|Evasion Moves Clause: Evasion moves are banned\n|rule|Evasion Abilities Clause: Evasion abilities are banned\n|rule|Species Clause: Limit one of each Pok\u00e9mon\n|rule|Gravity Sleep Clause: The combination of sleep-inducing moves with imperfect accuracy and Gravity or Gigantamax Orbeetle are banned\n|clearpoke\n|poke|p1|Indeedee-F, F|\n|poke|p1|Oranguru, F|\n|poke|p1|Glastrier|\n|poke|p1|Hoopa-Unbound|\n|poke|p1|Ursaluna, M|\n|poke|p1|Zygarde|\n|poke|p2|Walking Wake|\n|poke|p2|Typhlosion-Hisui, M|\n|poke|p2|Grimmsnarl, M|\n|poke|p2|Baxcalibur, M|\n|poke|p2|Ogerpon-Hearthflame, F|\n|poke|p2|Okidogi, M|\n|teampreview\n|\n|t:|1698272586\n|start\n|switch|p1a: Hoopa|Hoopa-Unbound|100\/100\n|switch|p1b: Zygarde|Zygarde|100\/100\n|switch|p2a: Grimmsnarl|Grimmsnarl, M|100\/100\n|switch|p2b: Okidogi|Okidogi, M|100\/100\n|-ability|p1b: Zygarde|Aura Break\n|turn|1\n|inactive|Battle timer is ON: inactive players will automatically lose when time's up. (requested by rdgsrdfg srg)\n|\n|t:|1698272600\n|move|p2b: Okidogi|Bulk Up|p2b: Okidogi\n|-boost|p2b: Okidogi|atk|1\n|-boost|p2b: Okidogi|def|1\n|move|p1b: Zygarde|Coil|p1b: Zygarde\n|-boost|p1b: Zygarde|atk|1\n|-boost|p1b: Zygarde|def|1\n|-boost|p1b: Zygarde|accuracy|1\n|move|p2a: Grimmsnarl|Spirit Break|p1b: Zygarde\n|-supereffective|p1b: Zygarde\n|-damage|p1b: Zygarde|61\/100\n|-unboost|p1b: Zygarde|spa|1\n|move|p1a: Hoopa|Trick Room|p1a: Hoopa\n|-fieldstart|move: Trick Room|[of] p1a: Hoopa\n|-enditem|p1b: Zygarde|Room Service\n|-unboost|p1b: Zygarde|spe|1|[from] item: Room Service\n|-enditem|p1a: Hoopa|Room Service\n|-unboost|p1a: Hoopa|spe|1|[from] item: Room Service\n|\n|upkeep\n|turn|2\n|\n|t:|1698272622\n|move|p1a: Hoopa|Psyshock|p2b: Okidogi\n|-supereffective|p2b: Okidogi\n|-damage|p2b: Okidogi|0 fnt\n|faint|p2b: Okidogi\n|move|p1b: Zygarde|Thousand Arrows|p2a: Grimmsnarl\n|-damage|p2a: Grimmsnarl|45\/100\n|move|p2a: Grimmsnarl|Spirit Break|p1a: Hoopa\n|-supereffective|p1a: Hoopa\n|-damage|p1a: Hoopa|0 fnt\n|faint|p1a: Hoopa\n|\n|upkeep\n|\n|t:|1698272636\n|switch|p1a: Ursaluna|Ursaluna, M|100\/100\n|switch|p2b: Baxcalibur|Baxcalibur, M|100\/100\n|turn|3\n|\n|t:|1698272643\n|move|p1a: Ursaluna|Close Combat|p2b: Baxcalibur\n|-supereffective|p2b: Baxcalibur\n|-damage|p2b: Baxcalibur|0 fnt\n|-unboost|p1a: Ursaluna|def|1\n|-unboost|p1a: Ursaluna|spd|1\n|faint|p2b: Baxcalibur\n|move|p1b: Zygarde|Thousand Arrows|p2a: Grimmsnarl\n|-damage|p2a: Grimmsnarl|0 fnt\n|faint|p2a: Grimmsnarl\n|\n|-status|p1a: Ursaluna|brn|[from] item: Flame Orb\n|upkeep\n|-message|Ancientguirus forfeited.\n|\n|win|rdgsrdfg srg\n|raw|rdgsrdfg srg's rating: 1056 &rarr; <strong>1093<\/strong><br \/>(+37 for winning)\n|raw|Ancientguirus's rating: 1113 &rarr; <strong>1084<\/strong><br \/>(-29 for losing)\n|l|\u2606Ancientguirus\n","uploadtime":1698272657,"views":9,"p1id":"rdgsrdfgsrg","p2id":"ancientguirus","formatid":"gen9nationaldexdoubles","rating":1084,"private":0,"password":""}