{"id":"gen9nationaldexdoubles-1967965155","p1":"liy livli","p2":"bibleisreal20994","format":"[Gen 9] National Dex Doubles","log":"|j|\u2606liy livli\n|j|\u2606bibleisreal20994\n|t:|1697366548\n|gametype|doubles\n|player|p1|liy livli|youngster-gen4dp|1000\n|player|p2|bibleisreal20994|cheren-gen5bw2|1108\n|teamsize|p1|6\n|teamsize|p2|6\n|gen|9\n|tier|[Gen 9] National Dex Doubles\n|rated|\n|rule|HP Percentage Mod: HP is shown in percentages\n|rule|Endless Battle Clause: Forcing endless battles is banned\n|rule|OHKO Clause: OHKO moves are banned\n|rule|Evasion Moves Clause: Evasion moves are banned\n|rule|Evasion Abilities Clause: Evasion abilities are banned\n|rule|Species Clause: Limit one of each Pok\u00e9mon\n|rule|Gravity Sleep Clause: The combination of sleep-inducing moves with imperfect accuracy and Gravity or Gigantamax Orbeetle are banned\n|clearpoke\n|poke|p1|Indeedee-F, F|\n|poke|p1|Oranguru, F|\n|poke|p1|Glastrier|\n|poke|p1|Hoopa-Unbound|\n|poke|p1|Ursaluna, M|\n|poke|p1|Zygarde|\n|poke|p2|Zeraora|\n|poke|p2|Delcatty, F|\n|poke|p2|Gothitelle, F|\n|poke|p2|Audino, F|\n|poke|p2|Tsareena, F|\n|poke|p2|Chandelure, M|\n|teampreview\n|inactive|Battle timer is ON: inactive players will automatically lose when time's up. (requested by bibleisreal20994)\n|\n|t:|1697366558\n|start\n|switch|p1a: Hoopa|Hoopa-Unbound|100\/100\n|switch|p1b: Zygarde|Zygarde|100\/100\n|switch|p2a: It has Mega?|Audino, F|100\/100\n|switch|p2b: Shitty kitty|Delcatty, F|100\/100\n|-ability|p1b: Zygarde|Aura Break\n|turn|1\n|\n|t:|1697366585\n|detailschange|p2a: It has Mega?|Audino-Mega, F\n|-mega|p2a: It has Mega?|Audino|Audinite\n|move|p2b: Shitty kitty|Fake Out|p1a: Hoopa\n|-damage|p1a: Hoopa|85\/100\n|move|p1b: Zygarde|Coil|p1b: Zygarde\n|-boost|p1b: Zygarde|atk|1\n|-boost|p1b: Zygarde|def|1\n|-boost|p1b: Zygarde|accuracy|1\n|cant|p1a: Hoopa|flinch\n|move|p2a: It has Mega?|Entrainment|p1b: Zygarde\n|-endability|p1b: Zygarde|Aura Break|[from] move: Entrainment\n|-ability|p1b: Zygarde|Healer|[from] move: Entrainment\n|\n|upkeep\n|turn|2\n|inactive|liy livli has 120 seconds left.\n|inactive|bibleisreal20994 has 120 seconds left.\n|\n|t:|1697366636\n|move|p2b: Shitty kitty|Mimic|p2a: It has Mega?\n|-start|p2b: Shitty kitty|Mimic|Entrainment\n|move|p1b: Zygarde|Coil|p1b: Zygarde\n|-boost|p1b: Zygarde|atk|1\n|-boost|p1b: Zygarde|def|1\n|-boost|p1b: Zygarde|accuracy|1\n|move|p1a: Hoopa|Dark Pulse|p2b: Shitty kitty\n|-damage|p2b: Shitty kitty|10\/100\n|move|p2a: It has Mega?|Trick Room|p2a: It has Mega?\n|-fieldstart|move: Trick Room|[of] p2a: It has Mega?\n|-enditem|p1b: Zygarde|Room Service\n|-unboost|p1b: Zygarde|spe|1|[from] item: Room Service\n|-enditem|p1a: Hoopa|Room Service\n|-unboost|p1a: Hoopa|spe|1|[from] item: Room Service\n|\n|upkeep\n|turn|3\n|inactive|liy livli has 120 seconds left.\n|\n|t:|1697366660\n|-terastallize|p2b: Shitty kitty|Ghost\n|move|p2a: It has Mega?|Ally Switch|p2a: It has Mega?\n|swap|p2a: It has Mega?|1|[from] move: Ally Switch\n|move|p1a: Hoopa|Psyshock|p2b: It has Mega?\n|-damage|p2b: It has Mega?|68\/100\n|move|p1b: Zygarde|Thousand Arrows|p2a: Shitty kitty|[spread] p2a,p2b\n|-damage|p2a: Shitty kitty|0 fnt\n|-damage|p2b: It has Mega?|43\/100\n|faint|p2a: Shitty kitty\n|\n|upkeep\n|-message|bibleisreal20994 forfeited.\n|\n|win|liy livli\n|raw|liy livli's rating: 1000 &rarr; <strong>1052<\/strong><br \/>(+52 for winning)\n|raw|bibleisreal20994's rating: 1108 &rarr; <strong>1075<\/strong><br \/>(-33 for losing)\n|l|\u2606bibleisreal20994\n|j| Commentator voice\n|c| Commentator voice|OUCH\n|c| Commentator voice|HAHAHHAHAA\n|c| Commentator voice|PUAHAHAHAHAHAHAHA  OVER-PLAYED ! AT EVERY TURN !\n|c| Commentator voice|RAGE QUIT\n|c| Commentator voice|H U M I L I A T I O N\n","uploadtime":1697366702,"views":6,"p1id":"liylivli","p2id":"bibleisreal20994","formatid":"gen9nationaldexdoubles","rating":1052,"private":0,"password":""}