{"id":"gen9nationaldexdoubles-1968221336","p1":"u mad loser?","p2":"Kromydas","format":"[Gen 9] National Dex Doubles","log":"|j|\u2606u mad loser?\n|j|\u203dKromydas\n|t:|1697396240\n|gametype|doubles\n|player|p1|u mad loser?|lucas|1000\n|player|p2|Kromydas|cynthia|1071\n|teamsize|p1|6\n|teamsize|p2|4\n|gen|9\n|tier|[Gen 9] National Dex Doubles\n|rated|\n|rule|HP Percentage Mod: HP is shown in percentages\n|rule|Endless Battle Clause: Forcing endless battles is banned\n|rule|OHKO Clause: OHKO moves are banned\n|rule|Evasion Moves Clause: Evasion moves are banned\n|rule|Evasion Abilities Clause: Evasion abilities are banned\n|rule|Species Clause: Limit one of each Pok\u00e9mon\n|rule|Gravity Sleep Clause: The combination of sleep-inducing moves with imperfect accuracy and Gravity or Gigantamax Orbeetle are banned\n|clearpoke\n|poke|p1|Indeedee, M|\n|poke|p1|Regieleki|\n|poke|p1|Meowscarada, F|\n|poke|p1|Spectrier|\n|poke|p1|Murkrow, M|\n|poke|p1|Shuckle, M|\n|poke|p2|Spinda, F|\n|poke|p2|Cramorant, F|\n|poke|p2|Victini|\n|poke|p2|Volcanion|\n|teampreview\n|\n|t:|1697396261\n|start\n|switch|p1a: Murkrow|Murkrow, M|100\/100\n|switch|p1b: Shuckle|Shuckle, M|100\/100\n|switch|p2a: Victini|Victini|100\/100\n|switch|p2b: Spinda|Spinda, F|100\/100\n|turn|1\n|\n|t:|1697396278\n|move|p1a: Murkrow|Taunt|p2b: Spinda\n|-start|p2b: Spinda|move: Taunt\n|move|p2a: Victini|Bolt Strike|p1a: Murkrow\n|-supereffective|p1a: Murkrow\n|-enditem|p1a: Murkrow|Focus Sash\n|-damage|p1a: Murkrow|1\/100\n|cant|p2b: Spinda|move: Taunt|Skill Swap\n|move|p1b: Shuckle|Stealth Rock|p2a: Victini\n|-sidestart|p2: Kromydas|move: Stealth Rock\n|\n|upkeep\n|turn|2\n|inactive|Battle timer is ON: inactive players will automatically lose when time's up. (requested by Kromydas)\n|\n|t:|1697396330\n|move|p1a: Murkrow|Tailwind|p1a: Murkrow\n|-sidestart|p1: u mad loser?|move: Tailwind\n|move|p2a: Victini|Bolt Strike|p1a: Murkrow\n|-supereffective|p1a: Murkrow\n|-damage|p1a: Murkrow|0 fnt\n|faint|p1a: Murkrow\n|move|p2b: Spinda|Psychic|p1b: Shuckle\n|-damage|p1b: Shuckle|89\/100\n|move|p1b: Shuckle|Toxic|p2a: Victini\n|-status|p2a: Victini|tox\n|\n|-damage|p2a: Victini|94\/100 tox|[from] psn\n|upkeep\n|\n|t:|1697396342\n|switch|p1a: Meowscarada|Meowscarada, F|100\/100\n|turn|3\n|\n|t:|1697396363\n|move|p1a: Meowscarada|Shadow Claw|p2a: Victini\n|-start|p1a: Meowscarada|typechange|Ghost|[from] ability: Protean\n|-supereffective|p2a: Victini\n|-crit|p2a: Victini\n|-damage|p2a: Victini|0 fnt\n|faint|p2a: Victini\n|move|p2b: Spinda|Shadow Ball|p1b: Shuckle\n|-damage|p1b: Shuckle|78\/100\n|-unboost|p1b: Shuckle|spd|1\n|move|p1b: Shuckle|Toxic|p2b: Spinda\n|-status|p2b: Spinda|tox\n|\n|-damage|p2b: Spinda|94\/100 tox|[from] psn\n|-end|p2b: Spinda|move: Taunt\n|upkeep\n|-message|Kromydas forfeited.\n|\n|win|u mad loser?\n|raw|u mad loser?'s rating: 1000 &rarr; <strong>1048<\/strong><br \/>(+48 for winning)\n|raw|Kromydas's rating: 1071 &rarr; <strong>1046<\/strong><br \/>(-25 for losing)\n|l|\u203dKromydas\n","uploadtime":1697396688,"views":7,"p1id":"umadloser","p2id":"kromydas","formatid":"gen9nationaldexdoubles","rating":1046,"private":0,"password":""}