{"id":"gen9nationaldexdoubles-1973591946","p1":"conifirous","p2":"Ray1114","format":"[Gen 9] National Dex Doubles","log":"|j|\u2606conifirous\n|j|\u2606Ray1114\n|t:|1697994039\n|gametype|doubles\n|player|p1|conifirous|cheren-gen5bw2|1060\n|player|p2|Ray1114|102|1000\n|teamsize|p1|6\n|teamsize|p2|6\n|gen|9\n|tier|[Gen 9] National Dex Doubles\n|rated|\n|rule|HP Percentage Mod: HP is shown in percentages\n|rule|Endless Battle Clause: Forcing endless battles is banned\n|rule|OHKO Clause: OHKO moves are banned\n|rule|Evasion Moves Clause: Evasion moves are banned\n|rule|Evasion Abilities Clause: Evasion abilities are banned\n|rule|Species Clause: Limit one of each Pok\u00e9mon\n|rule|Gravity Sleep Clause: The combination of sleep-inducing moves with imperfect accuracy and Gravity or Gigantamax Orbeetle are banned\n|clearpoke\n|poke|p1|Jirachi|\n|poke|p1|Mismagius, F|\n|poke|p1|Audino, F|\n|poke|p1|Delphox, F|\n|poke|p1|Mienshao, M|\n|poke|p1|Altaria, F|\n|poke|p2|Incineroar, F|\n|poke|p2|Swampert, M|\n|poke|p2|Togekiss, M|\n|poke|p2|Tapu Fini|\n|poke|p2|Murkrow, F|\n|poke|p2|Aegislash, M|\n|teampreview\n|c|\u2606Ray1114|ok\n|\n|t:|1697994049\n|start\n|switch|p1a: Machiavellian Bach|Jirachi|100\/100\n|switch|p1b: Get mad!!|Mienshao, M|100\/100\n|switch|p2a: Incineroar|Incineroar, F|100\/100\n|switch|p2b: Swampert|Swampert, M|100\/100\n|-ability|p2a: Incineroar|Intimidate|boost\n|-unboost|p1a: Machiavellian Bach|atk|1\n|-unboost|p1b: Get mad!!|atk|1\n|turn|1\n|\n|t:|1697994069\n|move|p1b: Get mad!!|High Jump Kick|p2a: Incineroar\n|-supereffective|p2a: Incineroar\n|-damage|p2a: Incineroar|0 fnt\n|faint|p2a: Incineroar\n|-damage|p1b: Get mad!!|91\/100|[from] item: Life Orb\n|move|p1a: Machiavellian Bach|Cosmic Power|p1a: Machiavellian Bach\n|-boost|p1a: Machiavellian Bach|def|1\n|-boost|p1a: Machiavellian Bach|spd|1\n|move|p2b: Swampert|Water Pledge|p1b: Get mad!!\n|-damage|p1b: Get mad!!|40\/100\n|\n|upkeep\n|-message|Ray1114 forfeited.\n|\n|win|conifirous\n|raw|conifirous's rating: 1060 &rarr; <strong>1086<\/strong><br \/>(+26 for winning)\n|raw|Ray1114's rating: 1000 &rarr; <strong>1000<\/strong><br \/>(+0 for losing)\n|l|\u2606Ray1114\n|c|\u2606conifirous|why\n","uploadtime":1697994085,"views":17,"p1id":"conifirous","p2id":"ray1114","formatid":"gen9nationaldexdoubles","rating":1000,"private":0,"password":""}