{"id":"gen9nationaldexdoubles-1966827710","p1":"Ck if fi hf","p2":"AnnoyingCanuck","format":"[Gen 9] National Dex Doubles","log":"|j|\u2606Ck if fi hf\n|j|\u2606AnnoyingCanuck\n|t:|1697225261\n|gametype|doubles\n|player|p1|Ck if fi hf|dawn|1000\n|player|p2|AnnoyingCanuck|roughneck|1066\n|teamsize|p1|6\n|teamsize|p2|6\n|gen|9\n|tier|[Gen 9] National Dex Doubles\n|rated|\n|rule|HP Percentage Mod: HP is shown in percentages\n|rule|Endless Battle Clause: Forcing endless battles is banned\n|rule|OHKO Clause: OHKO moves are banned\n|rule|Evasion Moves Clause: Evasion moves are banned\n|rule|Evasion Abilities Clause: Evasion abilities are banned\n|rule|Species Clause: Limit one of each Pok\u00e9mon\n|rule|Gravity Sleep Clause: The combination of sleep-inducing moves with imperfect accuracy and Gravity or Gigantamax Orbeetle are banned\n|clearpoke\n|poke|p1|Blastoise, F|\n|poke|p1|Clefable, F|\n|poke|p1|Indeedee-F, F|\n|poke|p1|Mr. Mime, F|\n|poke|p1|Glastrier|\n|poke|p1|Oranguru, F|\n|poke|p2|Clefable, F|\n|poke|p2|Eevee, M|\n|poke|p2|Skeledirge, F|\n|poke|p2|Fezandipiti, M|\n|poke|p2|Ferrothorn, M|\n|poke|p2|Breloom, M|\n|teampreview\n|inactive|Battle timer is ON: inactive players will automatically lose when time's up. (requested by AnnoyingCanuck)\n|\n|t:|1697225267\n|start\n|switch|p1a: Glastrier|Glastrier|100\/100\n|switch|p1b: Indeedee|Indeedee-F, F|100\/100\n|switch|p2a: CRTL+C|Clefable, F|100\/100\n|switch|p2b: CRTL+V|Eevee, M|100\/100\n|-fieldstart|move: Psychic Terrain|[from] ability: Psychic Surge|[of] p1b: Indeedee\n|turn|1\n|\n|t:|1697225281\n|-terastallize|p1a: Glastrier|Ice\n|move|p2a: CRTL+C|Follow Me|p2a: CRTL+C\n|-singleturn|p2a: CRTL+C|move: Follow Me\n|-zpower|p2b: CRTL+V\n|move|p2b: CRTL+V|Extreme Evoboost|p2b: CRTL+V\n|-boost|p2b: CRTL+V|atk|2\n|-boost|p2b: CRTL+V|def|2\n|-boost|p2b: CRTL+V|spa|2\n|-boost|p2b: CRTL+V|spd|2\n|-boost|p2b: CRTL+V|spe|2\n|move|p1a: Glastrier|Icicle Spear|p2a: CRTL+C\n|-damage|p2a: CRTL+C|78\/100\n|-damage|p2a: CRTL+C|54\/100\n|-damage|p2a: CRTL+C|30\/100\n|-damage|p2a: CRTL+C|7\/100\n|-hitcount|p2a: CRTL+C|4\n|move|p1b: Indeedee|Trick Room|p1b: Indeedee\n|-fieldstart|move: Trick Room|[of] p1b: Indeedee\n|\n|-heal|p2a: CRTL+C|13\/100|[from] item: Leftovers\n|upkeep\n|turn|2\n|inactive|AnnoyingCanuck has 120 seconds left.\n|\n|t:|1697225317\n|switch|p1b: Oranguru|Oranguru, F|100\/100\n|move|p1a: Glastrier|Icicle Spear|p2b: CRTL+V\n|-damage|p2b: CRTL+V|81\/100\n|-crit|p2b: CRTL+V\n|-damage|p2b: CRTL+V|21\/100\n|-damage|p2b: CRTL+V|0 fnt\n|faint|p2b: CRTL+V\n|-ability|p1a: Glastrier|Chilling Neigh|boost\n|-boost|p1a: Glastrier|atk|1\n|-hitcount|p2: CRTL+V|3\n|move|p2a: CRTL+C|Psych Up|p2: CRTL+V|[notarget]\n|-fail|p2a: CRTL+C\n|\n|-heal|p2a: CRTL+C|19\/100|[from] item: Leftovers\n|upkeep\n|\n|t:|1697225330\n|switch|p2b: Skeledirge|Skeledirge, F|100\/100\n|turn|3\n|\n|t:|1697225343\n|-terastallize|p2b: Skeledirge|Fire\n|move|p1a: Glastrier|Stomping Tantrum|p2b: Skeledirge\n|-supereffective|p2b: Skeledirge\n|-damage|p2b: Skeledirge|51\/100\n|move|p1b: Oranguru|Instruct|p1a: Glastrier\n|-singleturn|p1a: Glastrier|move: Instruct|[of] p1b: Oranguru\n|move|p1a: Glastrier|Stomping Tantrum|p2b: Skeledirge\n|-supereffective|p2b: Skeledirge\n|-damage|p2b: Skeledirge|0 fnt\n|faint|p2b: Skeledirge\n|-ability|p1a: Glastrier|Chilling Neigh|boost\n|-boost|p1a: Glastrier|atk|1\n|move|p2a: CRTL+C|Psych Up|p1a: Glastrier\n|-copyboost|p2a: CRTL+C|p1a: Glastrier|[from] move: Psych Up\n|\n|-heal|p2a: CRTL+C|25\/100|[from] item: Leftovers\n|upkeep\n|inactive|AnnoyingCanuck has 120 seconds left.\n|\n|t:|1697225361\n|switch|p2b: Breloom|Breloom, M|100\/100\n|turn|4\n|\n|t:|1697225376\n|move|p2a: CRTL+C|Follow Me|p2a: CRTL+C\n|-singleturn|p2a: CRTL+C|move: Follow Me\n|move|p1a: Glastrier|Icicle Spear|p2a: CRTL+C\n|-damage|p2a: CRTL+C|3\/100\n|-damage|p2a: CRTL+C|0 fnt\n|faint|p2a: CRTL+C\n|-ability|p1a: Glastrier|Chilling Neigh|boost\n|-boost|p1a: Glastrier|atk|1\n|-hitcount|p2: CRTL+C|2\n|move|p1b: Oranguru|Instruct|p1a: Glastrier\n|-singleturn|p1a: Glastrier|move: Instruct|[of] p1b: Oranguru\n|move|p1a: Glastrier|Icicle Spear|p2b: Breloom\n|-supereffective|p2b: Breloom\n|-damage|p2b: Breloom|0 fnt\n|faint|p2b: Breloom\n|-ability|p1a: Glastrier|Chilling Neigh|boost\n|-boost|p1a: Glastrier|atk|1\n|-hitcount|p2: Breloom|1\n|\n|upkeep\n|-message|AnnoyingCanuck forfeited.\n|\n|win|Ck if fi hf\n|raw|Ck if fi hf's rating: 1000 &rarr; <strong>1048<\/strong><br \/>(+48 for winning)\n|raw|AnnoyingCanuck's rating: 1066 &rarr; <strong>1042<\/strong><br \/>(-24 for losing)\n|l|\u2606AnnoyingCanuck\n","uploadtime":1697225391,"views":6,"p1id":"ckiffihf","p2id":"annoyingcanuck","formatid":"gen9nationaldexdoubles","rating":1042,"private":0,"password":""}