{"id":"gen9nationaldexdoubles-1981870937","p1":"Flashstepx2","p2":"lxvliiz","format":"[Gen 9] National Dex Doubles","log":"|j|\u2606Flashstepx2\n|j|\u2606lxvliiz\n|t:|1698947914\n|gametype|doubles\n|player|p1|Flashstepx2|steven|1042\n|player|p2|lxvliiz|gambler|1163\n|teamsize|p1|6\n|teamsize|p2|6\n|gen|9\n|tier|[Gen 9] National Dex Doubles\n|rated|\n|rule|HP Percentage Mod: HP is shown in percentages\n|rule|Endless Battle Clause: Forcing endless battles is banned\n|rule|OHKO Clause: OHKO moves are banned\n|rule|Evasion Moves Clause: Evasion moves are banned\n|rule|Evasion Abilities Clause: Evasion abilities are banned\n|rule|Species Clause: Limit one of each Pok\u00e9mon\n|rule|Gravity Sleep Clause: The combination of sleep-inducing moves with imperfect accuracy and Gravity or Gigantamax Orbeetle are banned\n|clearpoke\n|poke|p1|Grapploct, F|\n|poke|p1|Deoxys-Defense|\n|poke|p1|Hatterene, F|\n|poke|p1|Zangoose, M|\n|poke|p1|Illumise, F|\n|poke|p1|Armarouge, M|\n|poke|p2|Kommo-o, F|\n|poke|p2|Volcarona, F|\n|poke|p2|Oricorio-Pom-Pom, F|\n|poke|p2|Quaquaval, M|\n|poke|p2|Flamigo, F|\n|poke|p2|Marshadow|\n|teampreview\n|\n|t:|1698947926\n|start\n|switch|p1a: Zangoose|Zangoose, M, shiny|100\/100\n|switch|p1b: Illumise|Illumise, F|100\/100\n|switch|p2a: dance dancer|Volcarona, F, shiny|100\/100\n|switch|p2b: dancer|Oricorio-Pom-Pom, F, shiny|100\/100\n|turn|1\n|\n|t:|1698947949\n|move|p1a: Zangoose|Protect|p1a: Zangoose\n|-singleturn|p1a: Zangoose|Protect\n|move|p2a: dance dancer|Rage Powder|p2a: dance dancer\n|-singleturn|p2a: dance dancer|move: Rage Powder\n|move|p1b: Illumise|Tailwind|p1b: Illumise\n|-sidestart|p1: Flashstepx2|move: Tailwind\n|move|p2b: dancer|Quiver Dance|p2b: dancer\n|-boost|p2b: dancer|spa|1\n|-boost|p2b: dancer|spd|1\n|-boost|p2b: dancer|spe|1\n|\n|-status|p1a: Zangoose|tox|[from] item: Toxic Orb\n|upkeep\n|turn|2\n|\n|t:|1698947993\n|move|p2a: dance dancer|Rage Powder|p2a: dance dancer\n|-singleturn|p2a: dance dancer|move: Rage Powder\n|move|p1b: Illumise|Trick|p2a: dance dancer\n|-activate|p1b: Illumise|move: Trick|[of] p2a: dance dancer\n|-item|p2a: dance dancer|Silk Scarf|[from] move: Trick\n|-item|p1b: Illumise|Wiki Berry|[from] move: Trick\n|move|p1a: Zangoose|Facade|p2a: dance dancer\n|-damage|p2a: dance dancer|0 fnt\n|faint|p2a: dance dancer\n|move|p2b: dancer|Revelation Dance|p1a: Zangoose\n|-crit|p1a: Zangoose\n|-damage|p1a: Zangoose|0 fnt\n|faint|p1a: Zangoose\n|\n|upkeep\n|-message|Flashstepx2 forfeited.\n|\n|win|lxvliiz\n|raw|Flashstepx2's rating: 1042 &rarr; <strong>1031<\/strong><br \/>(-11 for losing)\n|raw|lxvliiz's rating: 1163 &rarr; <strong>1180<\/strong><br \/>(+17 for winning)\n|l|\u2606Flashstepx2\n","uploadtime":1698948013,"views":4,"p1id":"flashstepx2","p2id":"lxvliiz","formatid":"gen9nationaldexdoubles","rating":1031,"private":0,"password":""}