{"id":"gen9nationaldexdoubles-1984859271","p1":"GunGalione","p2":"Denvah_17","format":"[Gen 9] National Dex Doubles","log":"|j|\u2606GunGalione\n|j|\u2606Denvah_17\n|t:|1699305162\n|gametype|doubles\n|player|p1|GunGalione|pokemonranger-gen4|1301\n|player|p2|Denvah_17|alder|1395\n|teamsize|p1|6\n|teamsize|p2|6\n|gen|9\n|tier|[Gen 9] National Dex Doubles\n|rated|\n|rule|HP Percentage Mod: HP is shown in percentages\n|rule|Endless Battle Clause: Forcing endless battles is banned\n|rule|OHKO Clause: OHKO moves are banned\n|rule|Evasion Moves Clause: Evasion moves are banned\n|rule|Evasion Abilities Clause: Evasion abilities are banned\n|rule|Species Clause: Limit one of each Pok\u00e9mon\n|rule|Gravity Sleep Clause: The combination of sleep-inducing moves with imperfect accuracy and Gravity or Gigantamax Orbeetle are banned\n|clearpoke\n|poke|p1|Typhlosion, F|\n|poke|p1|Chi-Yu|\n|poke|p1|Torkoal, F|\n|poke|p1|Heliolisk, F|\n|poke|p1|Talonflame, M|\n|poke|p1|Manectric, F|\n|poke|p2|Venusaur, F|\n|poke|p2|Charizard, M|\n|poke|p2|Sandy Shocks|\n|poke|p2|Mew|\n|poke|p2|Tauros-Paldea-Aqua, M|\n|poke|p2|Snorlax, M|\n|teampreview\n|inactive|Battle timer is ON: inactive players will automatically lose when time's up. (requested by Denvah_17)\n|\n|t:|1699305177\n|start\n|switch|p1a: Talonflame|Talonflame, M|100\/100\n|switch|p1b: Heliolisk|Heliolisk, F|100\/100\n|switch|p2a: Garfield|Mew, shiny|100\/100\n|switch|p2b: Bull Market|Tauros-Paldea-Aqua, M|100\/100\n|turn|1\n|\n|t:|1699305195\n|move|p1b: Heliolisk|Protect|p1b: Heliolisk\n|-singleturn|p1b: Heliolisk|Protect\n|move|p1a: Talonflame|Tailwind|p1a: Talonflame\n|-sidestart|p1: GunGalione|move: Tailwind\n|move|p2a: Garfield|Frost Breath|p2b: Bull Market\n|-resisted|p2b: Bull Market\n|-crit|p2b: Bull Market\n|-damage|p2b: Bull Market|92\/100\n|-setboost|p2b: Bull Market|atk|6|[from] ability: Anger Point\n|move|p2b: Bull Market|Trailblaze|p1a: Talonflame\n|-resisted|p1a: Talonflame\n|-damage|p1a: Talonflame|80\/100\n|-boost|p2b: Bull Market|spe|1\n|\n|upkeep\n|turn|2\n|inactive|Denvah_17 has 120 seconds left.\n|\n|t:|1699305226\n|-terastallize|p1b: Heliolisk|Dark\n|move|p1a: Talonflame|U-turn|p1b: Heliolisk\n|-supereffective|p1b: Heliolisk\n|-damage|p1b: Heliolisk|46\/100\n|-enditem|p1b: Heliolisk|Weakness Policy\n|-boost|p1b: Heliolisk|atk|2|[from] item: Weakness Policy\n|-boost|p1b: Heliolisk|spa|2|[from] item: Weakness Policy\n|\n|t:|1699305233\n|switch|p1a: Manectric|Manectric, F, shiny|100\/100|[from] U-turn\n|move|p1b: Heliolisk|Parabolic Charge|p2a: Garfield|[spread] p2a,p2b\n|-ability|p1a: Manectric|Lightning Rod|boost\n|-boost|p1a: Manectric|spa|1\n|-supereffective|p2b: Bull Market\n|-damage|p2a: Garfield|57\/100\n|-heal|p1b: Heliolisk|80\/100|[from] drain|[of] p2a: Garfield\n|-damage|p2b: Bull Market|0 fnt\n|-heal|p1b: Heliolisk|100\/100|[from] drain|[of] p2b: Bull Market\n|faint|p2b: Bull Market\n|move|p2a: Garfield|Psychic Fangs|p1b: Heliolisk\n|-immune|p1b: Heliolisk\n|\n|upkeep\n|inactive|Denvah_17 has 120 seconds left.\n|\n|t:|1699305257\n|switch|p2b: Enderer Dragon|Charizard, M|100\/100\n|turn|3\n|\n|t:|1699305267\n|detailschange|p2b: Enderer Dragon|Charizard-Mega-Y, M\n|-mega|p2b: Enderer Dragon|Charizard|Charizardite Y\n|-weather|SunnyDay|[from] ability: Drought|[of] p2b: Enderer Dragon\n|move|p1b: Heliolisk|Parabolic Charge|p2b: Enderer Dragon|[spread] p2a,p2b\n|-ability|p1a: Manectric|Lightning Rod|boost\n|-boost|p1a: Manectric|spa|1\n|-supereffective|p2b: Enderer Dragon\n|-damage|p2a: Garfield|0 fnt\n|-damage|p2b: Enderer Dragon|0 fnt\n|faint|p2a: Garfield\n|faint|p2b: Enderer Dragon\n|move|p1a: Manectric|Hyper Voice|p2: Garfield|[notarget]\n|-fail|p1a: Manectric\n|\n|-weather|SunnyDay|[upkeep]\n|-damage|p1b: Heliolisk|88\/100|[from] ability: Solar Power|[of] p1b: Heliolisk\n|upkeep\n|\n|t:|1699305277\n|switch|p2a: Literally 1984|Sandy Shocks|100\/100\n|switch|p2b: Sativa|Venusaur, F|100\/100\n|-activate|p2a: Literally 1984|ability: Protosynthesis\n|-start|p2a: Literally 1984|protosynthesisspe\n|turn|4\n|\n|t:|1699305296\n|move|p1b: Heliolisk|Parabolic Charge|p2a: Literally 1984|[spread] p2b\n|-ability|p1a: Manectric|Lightning Rod|boost\n|-boost|p1a: Manectric|spa|1\n|-immune|p2a: Literally 1984\n|-resisted|p2b: Sativa\n|-damage|p2b: Sativa|56\/100\n|-heal|p1b: Heliolisk|100\/100|[from] drain|[of] p2b: Sativa\n|move|p1a: Manectric|Hyper Voice|p2b: Sativa|[spread] p2a,p2b\n|-crit|p2a: Literally 1984\n|-damage|p2a: Literally 1984|4\/100\n|-damage|p2b: Sativa|0 fnt\n|faint|p2b: Sativa\n|-enditem|p1a: Manectric|Throat Spray\n|-boost|p1a: Manectric|spa|1|[from] item: Throat Spray\n|move|p2a: Literally 1984|Earth Power|p1a: Manectric\n|-supereffective|p1a: Manectric\n|-crit|p1a: Manectric\n|-damage|p1a: Manectric|0 fnt\n|faint|p1a: Manectric\n|\n|-weather|SunnyDay|[upkeep]\n|-damage|p1b: Heliolisk|88\/100|[from] ability: Solar Power|[of] p1b: Heliolisk\n|-sideend|p1: GunGalione|move: Tailwind\n|upkeep\n|-message|Denvah_17 forfeited.\n|\n|win|GunGalione\n|raw|GunGalione's rating: 1301 &rarr; <strong>1326<\/strong><br \/>(+25 for winning)\n|raw|Denvah_17's rating: 1395 &rarr; <strong>1370<\/strong><br \/>(-25 for losing)\n|l|\u2606Denvah_17\n","uploadtime":1699305314,"views":15,"p1id":"gungalione","p2id":"denvah17","formatid":"gen9nationaldexdoubles","rating":1326,"private":0,"password":""}