{"id":"gen9nationaldexdoubles-1986399240","p1":"Zares08","p2":"MDog3712","format":"[Gen 9] National Dex Doubles","log":"|j|\u2606Zares08\n|j|\u2606MDog3712\n|t:|1699475683\n|gametype|doubles\n|player|p1|Zares08|hilbert-wonderlauncher|1152\n|player|p2|MDog3712|scientist-gen4|1128\n|teamsize|p1|6\n|teamsize|p2|6\n|gen|9\n|tier|[Gen 9] National Dex Doubles\n|rated|\n|rule|HP Percentage Mod: HP is shown in percentages\n|rule|Endless Battle Clause: Forcing endless battles is banned\n|rule|OHKO Clause: OHKO moves are banned\n|rule|Evasion Moves Clause: Evasion moves are banned\n|rule|Evasion Abilities Clause: Evasion abilities are banned\n|rule|Species Clause: Limit one of each Pok\u00e9mon\n|rule|Gravity Sleep Clause: The combination of sleep-inducing moves with imperfect accuracy and Gravity or Gigantamax Orbeetle are banned\n|clearpoke\n|poke|p1|Ceruledge, M|\n|poke|p1|Sneasler, F|\n|poke|p1|Diancie|\n|poke|p1|Ambipom, F|\n|poke|p1|Cloyster, F|\n|poke|p1|Marshadow|\n|poke|p2|Charizard, M|\n|poke|p2|Galvantula, M|\n|poke|p2|Golurk|\n|poke|p2|Wishiwashi, M|\n|poke|p2|Reuniclus, M|\n|poke|p2|Hydreigon, M|\n|teampreview\n|inactive|Battle timer is ON: inactive players will automatically lose when time's up. (requested by Zares08)\n|\n|t:|1699475708\n|start\n|switch|p1a: Sneasler|Sneasler, F, shiny|100\/100\n|switch|p1b: Diancie|Diancie, shiny|100\/100\n|switch|p2a: Artifact|Golurk, shiny|100\/100\n|switch|p2b: Collective|Hydreigon, M|100\/100\n|turn|1\n|\n|t:|1699475736\n|detailschange|p1b: Diancie|Diancie-Mega, shiny\n|-mega|p1b: Diancie|Diancie|Diancite\n|move|p1a: Sneasler|Fake Out|p2b: Collective\n|-enditem|p1a: Sneasler|Normal Gem|[from] gem\n|-damage|p2b: Collective|80\/100\n|move|p1b: Diancie|Ally Switch|p1b: Diancie\n|swap|p1b: Diancie|0|[from] move: Ally Switch\n|cant|p2b: Collective|flinch\n|move|p2a: Artifact|Earthquake|p1b: Sneasler|[spread] p1a,p1b\n|-immune|p2b: Collective|[from] ability: Levitate\n|-supereffective|p1a: Diancie\n|-crit|p1a: Diancie\n|-supereffective|p1b: Sneasler\n|-damage|p1a: Diancie|0 fnt\n|-damage|p1b: Sneasler|0 fnt\n|faint|p1a: Diancie\n|faint|p1b: Sneasler\n|\n|upkeep\n|inactive|Zares08 has 120 seconds left.\n|c|\u2606MDog3712|oof\n|\n|t:|1699475752\n|switch|p1b: Ambipom|Ambipom, F, shiny|100\/100\n|switch|p1a: Ceruledge|Ceruledge, M|100\/100\n|turn|2\n|\n|t:|1699475761\n|-terastallize|p1a: Ceruledge|Grass\n|move|p1b: Ambipom|Fake Out|p2b: Collective\n|-enditem|p1b: Ambipom|Normal Gem|[from] gem\n|-damage|p2b: Collective|35\/100\n|cant|p2b: Collective|flinch\n|move|p2a: Artifact|Earthquake|p1b: Ambipom|[spread] p1a,p1b\n|-immune|p2b: Collective|[from] ability: Levitate\n|-resisted|p1a: Ceruledge\n|-damage|p1a: Ceruledge|77\/100\n|-damage|p1b: Ambipom|35\/100\n|move|p1a: Ceruledge|Swords Dance|p1a: Ceruledge\n|-boost|p1a: Ceruledge|atk|2\n|\n|upkeep\n|turn|3\n|\n|t:|1699475778\n|move|p2b: Collective|Draco Meteor|p1a: Ceruledge\n|-damage|p1a: Ceruledge|9\/100\n|-unboost|p2b: Collective|spa|2\n|move|p1b: Ambipom|U-turn|p2b: Collective\n|-supereffective|p2b: Collective\n|-damage|p2b: Collective|0 fnt\n|faint|p2b: Collective\n|\n|t:|1699475789\n|switch|p1b: Cloyster|Cloyster, F, shiny|100\/100|[from] U-turn\n|move|p2a: Artifact|Earthquake|p1b: Cloyster|[spread] p1a,p1b\n|-resisted|p1a: Ceruledge\n|-damage|p1a: Ceruledge|0 fnt\n|-damage|p1b: Cloyster|72\/100\n|faint|p1a: Ceruledge\n|\n|upkeep\n|-message|Zares08 forfeited.\n|\n|win|MDog3712\n|raw|Zares08's rating: 1152 &rarr; <strong>1125<\/strong><br \/>(-27 for losing)\n|raw|MDog3712's rating: 1128 &rarr; <strong>1155<\/strong><br \/>(+27 for winning)\n|l|\u2606Zares08\n","uploadtime":1699475804,"views":13,"p1id":"zares08","p2id":"mdog3712","formatid":"gen9nationaldexdoubles","rating":1125,"private":0,"password":""}