{"id":"gen9nationaldexdoubles-1953729874","p1":"So do fj","p2":"BeepisBoi","format":"[Gen 9] National Dex Doubles","log":"|j|\u2606So do fj\n|j|\u2606BeepisBoi\n|t:|1695823952\n|gametype|doubles\n|player|p1|So do fj|lucas|1000\n|player|p2|BeepisBoi|1|1000\n|teamsize|p1|6\n|teamsize|p2|6\n|gen|9\n|tier|[Gen 9] National Dex Doubles\n|rated|\n|rule|HP Percentage Mod: HP is shown in percentages\n|rule|Endless Battle Clause: Forcing endless battles is banned\n|rule|OHKO Clause: OHKO moves are banned\n|rule|Evasion Moves Clause: Evasion moves are banned\n|rule|Evasion Abilities Clause: Evasion abilities are banned\n|rule|Species Clause: Limit one of each Pok\u00e9mon\n|rule|Gravity Sleep Clause: The combination of sleep-inducing moves with imperfect accuracy and Gravity or Gigantamax Orbeetle are banned\n|clearpoke\n|poke|p1|Blastoise, M|\n|poke|p1|Clefable, M|\n|poke|p1|Indeedee-F, F|\n|poke|p1|Mr. Mime, M|\n|poke|p1|Glastrier|\n|poke|p1|Oranguru, M|\n|poke|p2|Scream Tail|\n|poke|p2|Iron Valiant|\n|poke|p2|Morpeko, M|\n|poke|p2|Musharna, F|\n|poke|p2|Weavile, M|\n|poke|p2|Audino, M|\n|teampreview\n|\n|t:|1695823958\n|start\n|switch|p1a: Glastrier|Glastrier|100\/100\n|switch|p1b: Indeedee|Indeedee-F, F|100\/100\n|switch|p2a: Neptune|Scream Tail|100\/100\n|switch|p2b: Nepgear|Iron Valiant|100\/100\n|-fieldstart|move: Psychic Terrain|[from] ability: Psychic Surge|[of] p1b: Indeedee\n|turn|1\n|inactive|Battle timer is ON: inactive players will automatically lose when time's up. (requested by So do fj)\n|\n|t:|1695823982\n|-terastallize|p1a: Glastrier|Ice\n|move|p2b: Nepgear|Swords Dance|p2b: Nepgear\n|-boost|p2b: Nepgear|atk|2\n|move|p2a: Neptune|Encore||[still]\n|-fail|p2a: Neptune\n|move|p1a: Glastrier|Icicle Spear|p2a: Neptune\n|-damage|p2a: Neptune|85\/100\n|-damage|p2a: Neptune|69\/100\n|-damage|p2a: Neptune|52\/100\n|-damage|p2a: Neptune|36\/100\n|-damage|p2a: Neptune|18\/100\n|-hitcount|p2a: Neptune|5\n|move|p1b: Indeedee|Trick Room|p1b: Indeedee\n|-fieldstart|move: Trick Room|[of] p1b: Indeedee\n|\n|-heal|p2a: Neptune|25\/100|[from] item: Leftovers\n|upkeep\n|turn|2\n|\n|t:|1695824003\n|move|p1b: Indeedee|Follow Me|p1b: Indeedee\n|-singleturn|p1b: Indeedee|move: Follow Me\n|move|p1a: Glastrier|Icicle Spear|p2a: Neptune\n|-damage|p2a: Neptune|7\/100\n|-damage|p2a: Neptune|0 fnt\n|faint|p2a: Neptune\n|-end|p2a: Neptune|Protosynthesis|[silent]\n|-ability|p1a: Glastrier|Chilling Neigh|boost\n|-boost|p1a: Glastrier|atk|1\n|-hitcount|p2: Neptune|2\n|move|p2b: Nepgear|Close Combat|p1b: Indeedee\n|-enditem|p1b: Indeedee|Focus Sash\n|-damage|p1b: Indeedee|1\/100\n|-unboost|p2b: Nepgear|def|1\n|-unboost|p2b: Nepgear|spd|1\n|-damage|p2b: Nepgear|91\/100|[from] item: Life Orb\n|\n|upkeep\n|inactive|BeepisBoi has 120 seconds left.\n|\n|t:|1695824020\n|switch|p2a: Uzume|Musharna, F, shiny|100\/100\n|turn|3\n|\n|t:|1695824037\n|move|p1b: Indeedee|Follow Me|p1b: Indeedee\n|-singleturn|p1b: Indeedee|move: Follow Me\n|move|p1a: Glastrier|Icicle Spear|p2a: Uzume\n|-damage|p2a: Uzume|70\/100\n|-damage|p2a: Uzume|42\/100\n|-damage|p2a: Uzume|12\/100\n|-damage|p2a: Uzume|0 fnt\n|faint|p2a: Uzume\n|-ability|p1a: Glastrier|Chilling Neigh|boost\n|-boost|p1a: Glastrier|atk|1\n|-hitcount|p2: Uzume|4\n|move|p2b: Nepgear|Close Combat|p1b: Indeedee\n|-damage|p1b: Indeedee|0 fnt\n|-unboost|p2b: Nepgear|def|1\n|-unboost|p2b: Nepgear|spd|1\n|faint|p1b: Indeedee\n|-damage|p2b: Nepgear|81\/100|[from] item: Life Orb\n|\n|upkeep\n|\n|t:|1695824053\n|switch|p2a: Plutia|Morpeko, M|100\/100\n|switch|p1b: Oranguru|Oranguru, M|100\/100\n|turn|4\n|\n|t:|1695824067\n|-end|p2b: Nepgear|Quark Drive|[silent]\n|switch|p2b: Compa|Audino, M|100\/100\n|move|p1a: Glastrier|Icicle Spear|p2b: Compa\n|-damage|p2b: Compa|60\/100\n|-damage|p2b: Compa|20\/100\n|-damage|p2b: Compa|0 fnt\n|faint|p2b: Compa\n|-ability|p1a: Glastrier|Chilling Neigh|boost\n|-boost|p1a: Glastrier|atk|1\n|-hitcount|p2: Compa|3\n|move|p1b: Oranguru|Instruct|p1a: Glastrier\n|-singleturn|p1a: Glastrier|move: Instruct|[of] p1b: Oranguru\n|move|p1a: Glastrier|Icicle Spear|p2a: Plutia\n|-damage|p2a: Plutia|0 fnt\n|faint|p2a: Plutia\n|-ability|p1a: Glastrier|Chilling Neigh|boost\n|-boost|p1a: Glastrier|atk|1\n|-hitcount|p2: Plutia|1\n|\n|upkeep\n|-message|BeepisBoi forfeited.\n|\n|win|So do fj\n|raw|So do fj's rating: 1000 &rarr; <strong>1040<\/strong><br \/>(+40 for winning)\n|raw|BeepisBoi's rating: 1000 &rarr; <strong>1000<\/strong><br \/>(+0 for losing)\n|l|\u2606BeepisBoi\n","uploadtime":1695824088,"views":9,"p1id":"sodofj","p2id":"beepisboi","formatid":"gen9nationaldexdoubles","rating":1000,"private":0,"password":""}