{"id":"gen9nationaldexdoubles-1957270931","p1":"El Ryuk456","p2":"PastelNightt","format":"[Gen 9] National Dex Doubles","log":"|j|\u2606El Ryuk456\n|j|\u2606PastelNightt\n|t:|1696203243\n|gametype|doubles\n|player|p1|El Ryuk456|blaine|1284\n|player|p2|PastelNightt|selene|1108\n|teamsize|p1|6\n|teamsize|p2|6\n|gen|9\n|tier|[Gen 9] National Dex Doubles\n|rated|\n|rule|HP Percentage Mod: HP is shown in percentages\n|rule|Endless Battle Clause: Forcing endless battles is banned\n|rule|OHKO Clause: OHKO moves are banned\n|rule|Evasion Moves Clause: Evasion moves are banned\n|rule|Evasion Abilities Clause: Evasion abilities are banned\n|rule|Species Clause: Limit one of each Pok\u00e9mon\n|rule|Gravity Sleep Clause: The combination of sleep-inducing moves with imperfect accuracy and Gravity or Gigantamax Orbeetle are banned\n|clearpoke\n|poke|p1|Charizard, M|\n|poke|p1|Blastoise, M|\n|poke|p1|Pikachu, M|\n|poke|p1|Meowscarada, M|\n|poke|p1|Ursaluna-Bloodmoon, M|\n|poke|p1|Gardevoir, F|\n|poke|p2|Incineroar, F|\n|poke|p2|Sinistcha-Masterpiece|\n|poke|p2|Glaceon, M|\n|poke|p2|Lycanroc, F|\n|poke|p2|Gastrodon, F|\n|poke|p2|Fezandipiti, M|\n|teampreview\n|\n|t:|1696203250\n|start\n|switch|p1a: Belle|Gardevoir, F, shiny|100\/100\n|switch|p1b: Ursaluna|Ursaluna-Bloodmoon, M|100\/100\n|switch|p2a: Gay Buff Cat|Incineroar, F|100\/100\n|switch|p2b: Woof|Lycanroc, F|100\/100\n|-ability|p2a: Gay Buff Cat|Intimidate|boost\n|-unboost|p1a: Belle|atk|1\n|-unboost|p1b: Ursaluna|atk|1\n|-ability|p1a: Belle|Steadfast|[from] ability: Trace|[of] p2b: Woof\n|turn|1\n|\n|t:|1696203261\n|move|p2a: Gay Buff Cat|Fake Out|p1b: Ursaluna\n|-damage|p1b: Ursaluna|91\/100\n|move|p2b: Woof|Stealth Rock|p1b: Ursaluna\n|-sidestart|p1: El Ryuk456|move: Stealth Rock\n|cant|p1b: Ursaluna|flinch\n|move|p1a: Belle|Trick Room|p1a: Belle\n|-fieldstart|move: Trick Room|[of] p1a: Belle\n|\n|upkeep\n|turn|2\n|inactive|Battle timer is ON: inactive players will automatically lose when time's up. (requested by El Ryuk456)\n|\n|t:|1696203280\n|-terastallize|p1b: Ursaluna|Normal\n|move|p1b: Ursaluna|Hyper Voice|p2b: Woof|[spread] p2a,p2b\n|-resisted|p2b: Woof\n|-damage|p2a: Gay Buff Cat|50\/100\n|-damage|p2b: Woof|64\/100\n|-enditem|p1b: Ursaluna|Throat Spray\n|-boost|p1b: Ursaluna|spa|1|[from] item: Throat Spray\n|move|p1a: Belle|Will-O-Wisp|p2b: Woof\n|-status|p2b: Woof|brn\n|move|p2a: Gay Buff Cat|Parting Shot|p1b: Ursaluna\n|-unboost|p1b: Ursaluna|atk|1\n|-unboost|p1b: Ursaluna|spa|1\n|\n|t:|1696203293\n|switch|p2a: Annoying Pigeon|Fezandipiti, M|100\/100|[from] Parting Shot\n|move|p2b: Woof|Taunt|p1b: Ursaluna\n|-start|p1b: Ursaluna|move: Taunt\n|\n|-damage|p2b: Woof|58\/100 brn|[from] brn\n|upkeep\n|turn|3\n|\n|t:|1696203307\n|move|p1b: Ursaluna|Earth Power|p2a: Annoying Pigeon\n|-supereffective|p2a: Annoying Pigeon\n|-damage|p2a: Annoying Pigeon|42\/100\n|move|p1a: Belle|Moonblast|p2a: Annoying Pigeon\n|-resisted|p2a: Annoying Pigeon\n|-damage|p2a: Annoying Pigeon|30\/100\n|move|p2a: Annoying Pigeon|Icy Wind|p1b: Ursaluna|[spread] p1a,p1b\n|-damage|p1a: Belle|94\/100\n|-damage|p1b: Ursaluna|84\/100\n|-unboost|p1a: Belle|spe|1\n|-unboost|p1b: Ursaluna|spe|1\n|move|p2b: Woof|Toxic|p1a: Belle\n|-status|p1a: Belle|tox\n|\n|-heal|p2a: Annoying Pigeon|36\/100|[from] item: Leftovers\n|-damage|p1a: Belle|88\/100 tox|[from] psn\n|-damage|p2b: Woof|51\/100 brn|[from] brn\n|upkeep\n|turn|4\n|inactive|PastelNightt has 120 seconds left.\n|\n|t:|1696203341\n|switch|p2a: Cup thing|Sinistcha-Masterpiece|100\/100\n|-heal|p2b: Woof|76\/100 brn|[from] ability: Hospitality|[of] p2a: Cup thing\n|switch|p2b: Gay Buff Cat|Incineroar, F|50\/100\n|-ability|p2b: Gay Buff Cat|Intimidate|boost\n|-unboost|p1a: Belle|atk|1\n|-unboost|p1b: Ursaluna|atk|1\n|move|p1b: Ursaluna|Hyper Voice|p2a: Cup thing|[spread] p2a,p2b\n|-damage|p2a: Cup thing|41\/100\n|-damage|p2b: Gay Buff Cat|0 fnt\n|faint|p2b: Gay Buff Cat\n|move|p1a: Belle|Moonblast|p2a: Cup thing\n|-damage|p2a: Cup thing|0 fnt\n|faint|p2a: Cup thing\n|\n|-damage|p1a: Belle|75\/100 tox|[from] psn\n|upkeep\n|inactive|PastelNightt has 120 seconds left.\n|c|\u2606PastelNightt|gg\n|-message|PastelNightt forfeited.\n|\n|win|El Ryuk456\n|raw|El Ryuk456's rating: 1284 &rarr; <strong>1297<\/strong><br \/>(+13 for winning)\n|raw|PastelNightt's rating: 1108 &rarr; <strong>1095<\/strong><br \/>(-13 for losing)\n|l|\u2606PastelNightt\n","uploadtime":1696203361,"views":7,"p1id":"elryuk456","p2id":"pastelnightt","formatid":"gen9nationaldexdoubles","rating":1095,"private":0,"password":""}