{"id":"gen9nationaldexdoubles-1966207219","p1":"Qapi","p2":"omegashenronone","format":"[Gen 9] National Dex Doubles","log":"|j|\u2606Qapi\n|j|\u2606omegashenronone\n|t:|1697155815\n|gametype|doubles\n|player|p1|Qapi|hiker-gen4|\n|player|p2|omegashenronone|hugh|\n|teamsize|p1|4\n|teamsize|p2|4\n|gen|9\n|tier|[Gen 9] National Dex Doubles\n|rule|HP Percentage Mod: HP is shown in percentages\n|rule|Endless Battle Clause: Forcing endless battles is banned\n|rule|OHKO Clause: OHKO moves are banned\n|rule|Evasion Moves Clause: Evasion moves are banned\n|rule|Evasion Abilities Clause: Evasion abilities are banned\n|rule|Species Clause: Limit one of each Pok\u00e9mon\n|rule|Gravity Sleep Clause: The combination of sleep-inducing moves with imperfect accuracy and Gravity or Gigantamax Orbeetle are banned\n|clearpoke\n|poke|p1|Whimsicott, F|\n|poke|p1|Rillaboom, M|\n|poke|p1|Shiftry, F|\n|poke|p1|Torterra, M|\n|poke|p2|Flutter Mane|\n|poke|p2|Dragapult, M|\n|poke|p2|Scizor, F|\n|poke|p2|Serperior, F|\n|teampreview\n|inactive|Battle timer is ON: inactive players will automatically lose when time's up. (requested by omegashenronone)\n|\n|t:|1697155828\n|start\n|switch|p1a: Whimsicott|Whimsicott, F|100\/100\n|switch|p1b: Torterra|Torterra, M|100\/100\n|switch|p2a: Superbly|Serperior, F, shiny|100\/100\n|switch|p2b: Pincey|Scizor, F|100\/100\n|turn|1\n|c|\u2606omegashenronone|Have fun good luck\n|\n|t:|1697155849\n|-terastallize|p1b: Torterra|Steel\n|move|p1a: Whimsicott|Tailwind|p1a: Whimsicott\n|-sidestart|p1: Qapi|move: Tailwind\n|move|p1b: Torterra|Shell Smash|p1b: Torterra\n|-unboost|p1b: Torterra|def|1\n|-unboost|p1b: Torterra|spd|1\n|-boost|p1b: Torterra|atk|2\n|-boost|p1b: Torterra|spa|2\n|-boost|p1b: Torterra|spe|2\n|-enditem|p1b: Torterra|White Herb\n|-clearnegativeboost|p1b: Torterra|[silent]\n|move|p2a: Superbly|Leaf Storm|p1b: Torterra\n|-resisted|p1b: Torterra\n|-damage|p1b: Torterra|72\/100\n|-boost|p2a: Superbly|spa|2\n|move|p2b: Pincey|Swords Dance|p2b: Pincey\n|-boost|p2b: Pincey|atk|2\n|\n|upkeep\n|turn|2\n|inactive|omegashenronone has 270 seconds left.\n|\n|t:|1697155880\n|move|p1b: Torterra|Earthquake|p2a: Superbly|[spread] p1a,p2a,p2b\n|-resisted|p1a: Whimsicott\n|-resisted|p2a: Superbly\n|-damage|p1a: Whimsicott|42\/100\n|-damage|p2a: Superbly|51\/100\n|-damage|p2b: Pincey|12\/100\n|move|p1a: Whimsicott|Hidden Power|p2b: Pincey\n|-supereffective|p2b: Pincey\n|-damage|p2b: Pincey|0 fnt\n|faint|p2b: Pincey\n|move|p2a: Superbly|Leaf Storm|p1b: Torterra\n|-resisted|p1b: Torterra\n|-damage|p1b: Torterra|18\/100\n|-boost|p2a: Superbly|spa|2\n|\n|-heal|p2a: Superbly|57\/100|[from] item: Leftovers\n|upkeep\n|inactive|omegashenronone has 270 seconds left.\n|\n|t:|1697155887\n|switch|p2b: Pulty|Dragapult, M, shiny|100\/100\n|turn|3\n|\n|t:|1697155902\n|switch|p2b: Windy|Flutter Mane|100\/100\n|-enditem|p2b: Windy|Booster Energy\n|-activate|p2b: Windy|ability: Protosynthesis|[fromitem]\n|-start|p2b: Windy|protosynthesisspa\n|move|p1b: Torterra|Iron Head|p2b: Windy\n|-supereffective|p2b: Windy\n|-damage|p2b: Windy|0 fnt\n|faint|p2b: Windy\n|-end|p2b: Windy|Protosynthesis|[silent]\n|move|p1a: Whimsicott|Hidden Power|p2a: Superbly\n|-supereffective|p2a: Superbly\n|-damage|p2a: Superbly|22\/100\n|move|p2a: Superbly|Leaf Storm|p1b: Torterra\n|-resisted|p1b: Torterra\n|-damage|p1b: Torterra|0 fnt\n|-boost|p2a: Superbly|spa|2\n|faint|p1b: Torterra\n|\n|-heal|p2a: Superbly|29\/100|[from] item: Leftovers\n|upkeep\n|\n|t:|1697155910\n|switch|p2b: Pulty|Dragapult, M, shiny|100\/100\n|switch|p1b: Shiftry|Shiftry, F|100\/100\n|-ability|p1b: Shiftry|Wind Rider|boost\n|-boost|p1b: Shiftry|atk|1\n|turn|4\n|inactive|omegashenronone has 270 seconds left.\n|\n|t:|1697155958\n|move|p1b: Shiftry|Sucker Punch|p2b: Pulty\n|-supereffective|p2b: Pulty\n|-damage|p2b: Pulty|0 fnt\n|faint|p2b: Pulty\n|move|p1a: Whimsicott|Hidden Power|p2a: Superbly\n|-supereffective|p2a: Superbly\n|-damage|p2a: Superbly|0 fnt\n|faint|p2a: Superbly\n|\n|win|Qapi\n|c|\u2606Qapi|gg\n","uploadtime":1697155979,"views":6,"p1id":"qapi","p2id":"omegashenronone","formatid":"gen9nationaldexdoubles","rating":0,"private":0,"password":""}