{"id":"gen9nationaldexdoubles-1951032652","p1":"wolfwere","p2":"fumbari 24","format":"[Gen 9] National Dex Doubles","log":"|j|\u2606wolfwere\n|j|\u2606fumbari 24\n|t:|1695532530\n|gametype|doubles\n|player|p1|wolfwere|chuck|1126\n|player|p2|fumbari 24|102|1216\n|teamsize|p1|6\n|teamsize|p2|6\n|gen|9\n|tier|[Gen 9] National Dex Doubles\n|rated|\n|rule|HP Percentage Mod: HP is shown in percentages\n|rule|Endless Battle Clause: Forcing endless battles is banned\n|rule|OHKO Clause: OHKO moves are banned\n|rule|Evasion Moves Clause: Evasion moves are banned\n|rule|Evasion Abilities Clause: Evasion abilities are banned\n|rule|Species Clause: Limit one of each Pok\u00e9mon\n|rule|Gravity Sleep Clause: The combination of sleep-inducing moves with imperfect accuracy and Gravity or Gigantamax Orbeetle are banned\n|clearpoke\n|poke|p1|Ninetales-Alola, M|\n|poke|p1|Baxcalibur, M|\n|poke|p1|Amoonguss, M|\n|poke|p1|Okidogi, M|\n|poke|p1|Farigiraf, M|\n|poke|p1|Chi-Yu|\n|poke|p2|Metagross|\n|poke|p2|Blaziken, M|\n|poke|p2|Armaldo, M|\n|poke|p2|Pelipper, M|\n|poke|p2|Cradily, M|\n|poke|p2|Machamp, F|\n|teampreview\n|\n|t:|1695532536\n|start\n|switch|p1a: Okidogi|Okidogi, M|100\/100\n|switch|p1b: Farigiraf|Farigiraf, M|100\/100\n|switch|p2a: Metagross|Metagross, shiny|100\/100\n|switch|p2b: Inferno|Blaziken, M|100\/100\n|turn|1\n|inactive|Battle timer is ON: inactive players will automatically lose when time's up. (requested by fumbari 24)\n|\n|t:|1695532555\n|detailschange|p2a: Metagross|Metagross-Mega, shiny\n|-mega|p2a: Metagross|Metagross|Metagrossite\n|-terastallize|p1b: Farigiraf|Fairy\n|move|p2b: Inferno|Protect|p2b: Inferno\n|-singleturn|p2b: Inferno|Protect\n|move|p2a: Metagross|Meteor Mash|p1b: Farigiraf\n|-supereffective|p1b: Farigiraf\n|-damage|p1b: Farigiraf|0 fnt\n|faint|p1b: Farigiraf\n|move|p1a: Okidogi|Bulk Up|p1a: Okidogi\n|-boost|p1a: Okidogi|atk|1\n|-boost|p1a: Okidogi|def|1\n|\n|-ability|p2b: Inferno|Speed Boost|boost\n|-boost|p2b: Inferno|spe|1\n|upkeep\n|\n|t:|1695532571\n|switch|p1b: Chi-Yu|Chi-Yu|100\/100\n|-ability|p1b: Chi-Yu|Beads of Ruin\n|turn|2\n|\n|t:|1695532579\n|move|p2b: Inferno|Rock Slide|p1b: Chi-Yu|[spread] p1a,p1b\n|-resisted|p1a: Okidogi\n|-supereffective|p1b: Chi-Yu\n|-damage|p1a: Okidogi|95\/100\n|-damage|p1b: Chi-Yu|37\/100\n|move|p2a: Metagross|Stomping Tantrum|p1b: Chi-Yu\n|-supereffective|p1b: Chi-Yu\n|-damage|p1b: Chi-Yu|0 fnt\n|faint|p1b: Chi-Yu\n|move|p1a: Okidogi|Drain Punch|p2a: Metagross\n|-damage|p2a: Metagross|54\/100\n|-heal|p1a: Okidogi|100\/100|[from] drain|[of] p2a: Metagross\n|\n|-ability|p2b: Inferno|Speed Boost|boost\n|-boost|p2b: Inferno|spe|1\n|upkeep\n|\n|t:|1695532594\n|switch|p1b: Amoonguss|Amoonguss, M|100\/100\n|turn|3\n|\n|t:|1695532612\n|-zpower|p2b: Inferno\n|move|p2b: Inferno|Inferno Overdrive|p1b: Amoonguss|[zeffect]\n|-supereffective|p1b: Amoonguss\n|-damage|p1b: Amoonguss|0 fnt\n|faint|p1b: Amoonguss\n|move|p2a: Metagross|Stomping Tantrum|p1a: Okidogi\n|-supereffective|p1a: Okidogi\n|-damage|p1a: Okidogi|61\/100\n|move|p1a: Okidogi|Knock Off|p2a: Metagross\n|-supereffective|p2a: Metagross\n|-damage|p2a: Metagross|0 fnt\n|faint|p2a: Metagross\n|\n|-heal|p1a: Okidogi|67\/100|[from] item: Leftovers\n|-ability|p2b: Inferno|Speed Boost|boost\n|-boost|p2b: Inferno|spe|1\n|upkeep\n|\n|t:|1695532634\n|switch|p2a: Mine mine|Pelipper, M|100\/100\n|switch|p1b: Ninetales|Ninetales-Alola, M, shiny|100\/100\n|-weather|Snow|[from] ability: Snow Warning|[of] p1b: Ninetales\n|-weather|RainDance|[from] ability: Drizzle|[of] p2a: Mine mine\n|turn|4\n|\n|t:|1695532650\n|move|p2b: Inferno|Rock Slide|p1a: Okidogi|[spread] p1a,p1b\n|-resisted|p1a: Okidogi\n|-supereffective|p1b: Ninetales\n|-damage|p1a: Okidogi|62\/100\n|-damage|p1b: Ninetales|50\/100\n|move|p1b: Ninetales|Blizzard|p2b: Inferno|[spread] p2a,p2b\n|-resisted|p2b: Inferno\n|-damage|p2a: Mine mine|75\/100\n|-damage|p2b: Inferno|84\/100\n|cant|p1a: Okidogi|flinch\n|move|p2a: Mine mine|Hurricane|p1a: Okidogi\n|-supereffective|p1a: Okidogi\n|-damage|p1a: Okidogi|0 fnt\n|faint|p1a: Okidogi\n|\n|-weather|RainDance|[upkeep]\n|-ability|p2b: Inferno|Speed Boost|boost\n|-boost|p2b: Inferno|spe|1\n|upkeep\n|-message|wolfwere forfeited.\n|\n|win|fumbari 24\n|raw|wolfwere's rating: 1126 &rarr; <strong>1107<\/strong><br \/>(-19 for losing)\n|raw|fumbari 24's rating: 1216 &rarr; <strong>1235<\/strong><br \/>(+19 for winning)\n|l|\u2606wolfwere\n","uploadtime":1695532668,"views":15,"p1id":"wolfwere","p2id":"fumbari24","formatid":"gen9nationaldexdoubles","rating":1107,"private":0,"password":""}