{"id":"gen9nationaldexdoubles-1954784370","p1":"PunkRockObstagoon","p2":"Nyata","format":"[Gen 9] National Dex Doubles","log":"|j|\u2606PunkRockObstagoon\n|j|\u2606Nyata\n|t:|1695925762\n|gametype|doubles\n|player|p1|PunkRockObstagoon|hilbert|1186\n|player|p2|Nyata|266|1366\n|teamsize|p1|6\n|teamsize|p2|6\n|gen|9\n|tier|[Gen 9] National Dex Doubles\n|rated|\n|rule|HP Percentage Mod: HP is shown in percentages\n|rule|Endless Battle Clause: Forcing endless battles is banned\n|rule|OHKO Clause: OHKO moves are banned\n|rule|Evasion Moves Clause: Evasion moves are banned\n|rule|Evasion Abilities Clause: Evasion abilities are banned\n|rule|Species Clause: Limit one of each Pok\u00e9mon\n|rule|Gravity Sleep Clause: The combination of sleep-inducing moves with imperfect accuracy and Gravity or Gigantamax Orbeetle are banned\n|clearpoke\n|poke|p1|Charizard, M|\n|poke|p1|Metagross|\n|poke|p1|Grimmsnarl, M|\n|poke|p1|Tatsugiri-Stretchy, F|\n|poke|p1|Serperior, F|\n|poke|p1|Blaziken, M|\n|poke|p2|Cradily, F|\n|poke|p2|Aerodactyl, F|\n|poke|p2|Arcanine-Hisui, F|\n|poke|p2|Nihilego|\n|poke|p2|Tyranitar, F|\n|poke|p2|Aggron, F|\n|teampreview\n|inactive|Battle timer is ON: inactive players will automatically lose when time's up. (requested by PunkRockObstagoon)\n|\n|t:|1695925777\n|start\n|switch|p1a: Charizard|Charizard, M|100\/100\n|switch|p1b: Metagross|Metagross|100\/100\n|switch|p2a: Arcanine|Arcanine-Hisui, F|100\/100\n|switch|p2b: Aggron|Aggron, F|100\/100\n|turn|1\n|\n|t:|1695925802\n|switch|p2b: Cradily|Cradily, F|100\/100\n|move|p1b: Metagross|Protect|p1b: Metagross\n|-singleturn|p1b: Metagross|Protect\n|move|p1a: Charizard|Tailwind|p1a: Charizard\n|-sidestart|p1: PunkRockObstagoon|move: Tailwind\n|move|p2a: Arcanine|Flare Blitz|p1b: Metagross\n|-activate|p1b: Metagross|move: Protect\n|\n|upkeep\n|turn|2\n|\n|t:|1695925810\n|-terastallize|p1b: Metagross|Rock\n|move|p1a: Charizard|Bulldoze|p2b: Cradily|[spread] p1b,p2a,p2b\n|-supereffective|p1b: Metagross\n|-supereffective|p2a: Arcanine\n|-damage|p1b: Metagross|83\/100\n|-damage|p2a: Arcanine|56\/100\n|-damage|p2b: Cradily|92\/100\n|-unboost|p2a: Arcanine|spe|1\n|-unboost|p2b: Cradily|spe|1\n|-enditem|p1b: Metagross|Weakness Policy\n|-boost|p1b: Metagross|atk|2|[from] item: Weakness Policy\n|-boost|p1b: Metagross|spa|2|[from] item: Weakness Policy\n|move|p1b: Metagross|Iron Head|p2b: Cradily\n|-supereffective|p2b: Cradily\n|-damage|p2b: Cradily|0 fnt\n|faint|p2b: Cradily\n|move|p2a: Arcanine|Flare Blitz|p1b: Metagross\n|-resisted|p1b: Metagross\n|-damage|p1b: Metagross|42\/100\n|\n|upkeep\n|-message|Nyata forfeited.\n|\n|win|PunkRockObstagoon\n|raw|PunkRockObstagoon's rating: 1186 &rarr; <strong>1223<\/strong><br \/>(+37 for winning)\n|raw|Nyata's rating: 1366 &rarr; <strong>1336<\/strong><br \/>(-30 for losing)\n|l|\u2606Nyata\n","uploadtime":1695925822,"views":20,"p1id":"punkrockobstagoon","p2id":"nyata","formatid":"gen9nationaldexdoubles","rating":1223,"private":0,"password":""}