{"id":"gen9nationaldexdoubles-1964909822","p1":"WBKRAD12022","p2":"SnepsWiseSam","format":"[Gen 9] National Dex Doubles","log":"|j|\u2606WBKRAD12022\n|j|\u2606SnepsWiseSam\n|t:|1697025942\n|gametype|doubles\n|player|p1|WBKRAD12022|ninjaboy|1084\n|player|p2|SnepsWiseSam|benga|1000\n|teamsize|p1|6\n|teamsize|p2|6\n|gen|9\n|tier|[Gen 9] National Dex Doubles\n|rated|\n|rule|HP Percentage Mod: HP is shown in percentages\n|rule|Endless Battle Clause: Forcing endless battles is banned\n|rule|OHKO Clause: OHKO moves are banned\n|rule|Evasion Moves Clause: Evasion moves are banned\n|rule|Evasion Abilities Clause: Evasion abilities are banned\n|rule|Species Clause: Limit one of each Pok\u00e9mon\n|rule|Gravity Sleep Clause: The combination of sleep-inducing moves with imperfect accuracy and Gravity or Gigantamax Orbeetle are banned\n|clearpoke\n|poke|p1|Volcarona, M|\n|poke|p1|Oricorio-Pom-Pom, F|\n|poke|p1|Masquerain, F|\n|poke|p1|Frosmoth, F|\n|poke|p1|Kingambit, M|\n|poke|p1|Flamigo, M|\n|poke|p2|Volcarona, F|\n|poke|p2|Oricorio-Pom-Pom, M|\n|poke|p2|Florges-Orange, F|\n|poke|p2|Lilligant-Hisui, F|\n|poke|p2|Quaquaval, F|\n|poke|p2|Dragapult, F|\n|teampreview\n|c|\u2606SnepsWiseSam|oh no i see where this is going\n|\n|t:|1697025964\n|start\n|switch|p1a: Oricorio|Oricorio-Pom-Pom, F, shiny|100\/100\n|switch|p1b: Volcarona|Volcarona, M, shiny|100\/100\n|switch|p2a: Oricorio|Oricorio-Pom-Pom, M|100\/100\n|switch|p2b: Volcarona|Volcarona, F|100\/100\n|turn|1\n|\n|t:|1697025978\n|move|p1a: Oricorio|Quiver Dance|p1a: Oricorio\n|-boost|p1a: Oricorio|spa|1\n|-boost|p1a: Oricorio|spd|1\n|-boost|p1a: Oricorio|spe|1\n|-activate|p2a: Oricorio|ability: Dancer\n|move|p2a: Oricorio|Quiver Dance|p2a: Oricorio|[from]ability: Dancer\n|-boost|p2a: Oricorio|spa|1\n|-boost|p2a: Oricorio|spd|1\n|-boost|p2a: Oricorio|spe|1\n|move|p2a: Oricorio|Revelation Dance|p1a: Oricorio\n|-damage|p1a: Oricorio|29\/100\n|-activate|p1a: Oricorio|ability: Dancer\n|move|p1a: Oricorio|Revelation Dance|p2a: Oricorio|[from]ability: Dancer\n|-damage|p2a: Oricorio|52\/100\n|move|p2b: Volcarona|Fiery Dance|p1a: Oricorio\n|-damage|p1a: Oricorio|0 fnt\n|faint|p1a: Oricorio\n|-activate|p2a: Oricorio|ability: Dancer\n|move|p2a: Oricorio|Fiery Dance|p1b: Volcarona|[from]ability: Dancer|[miss]\n|-miss|p2a: Oricorio|p1b: Volcarona\n|move|p1b: Volcarona|Quiver Dance|p1b: Volcarona\n|-boost|p1b: Volcarona|spa|1\n|-boost|p1b: Volcarona|spd|1\n|-boost|p1b: Volcarona|spe|1\n|-activate|p2a: Oricorio|ability: Dancer\n|move|p2a: Oricorio|Quiver Dance|p2a: Oricorio|[from]ability: Dancer\n|-boost|p2a: Oricorio|spa|1\n|-boost|p2a: Oricorio|spd|1\n|-boost|p2a: Oricorio|spe|1\n|\n|upkeep\n|-message|WBKRAD12022 forfeited.\n|\n|win|SnepsWiseSam\n|raw|WBKRAD12022's rating: 1084 &rarr; <strong>1056<\/strong><br \/>(-28 for losing)\n|raw|SnepsWiseSam's rating: 1000 &rarr; <strong>1049<\/strong><br \/>(+49 for winning)\n|l|\u2606WBKRAD12022\n","uploadtime":1697026018,"views":13,"p1id":"wbkrad12022","p2id":"snepswisesam","formatid":"gen9nationaldexdoubles","rating":1049,"private":0,"password":""}