{"id":"gen9nationaldexdoubles-1976004358","p1":"Exy-Merxy","p2":"SsOmethingG","format":"[Gen 9] National Dex Doubles","log":"|j|\u2606Exy-Merxy\n|j|\u2606SsOmethingG\n|t:|1698255824\n|gametype|doubles\n|player|p1|Exy-Merxy|1|1136\n|player|p2|SsOmethingG|2|1231\n|teamsize|p1|6\n|teamsize|p2|6\n|gen|9\n|tier|[Gen 9] National Dex Doubles\n|rated|\n|rule|HP Percentage Mod: HP is shown in percentages\n|rule|Endless Battle Clause: Forcing endless battles is banned\n|rule|OHKO Clause: OHKO moves are banned\n|rule|Evasion Moves Clause: Evasion moves are banned\n|rule|Evasion Abilities Clause: Evasion abilities are banned\n|rule|Species Clause: Limit one of each Pok\u00e9mon\n|rule|Gravity Sleep Clause: The combination of sleep-inducing moves with imperfect accuracy and Gravity or Gigantamax Orbeetle are banned\n|clearpoke\n|poke|p1|Tornadus, M|\n|poke|p1|Ogerpon-Wellspring, F|\n|poke|p1|Mamoswine, M|\n|poke|p1|Heatran, F|\n|poke|p1|Iron Hands|\n|poke|p1|Urshifu-*, F|\n|poke|p2|Blacephalon|\n|poke|p2|Whimsicott, M|\n|poke|p2|Ninetales, F|\n|poke|p2|Landorus-Therian, M|\n|poke|p2|Dragapult, M|\n|poke|p2|Coalossal, F|\n|teampreview\n|inactive|Battle timer is ON: inactive players will automatically lose when time's up. (requested by SsOmethingG)\n|\n|t:|1698255828\n|start\n|switch|p1a: Tornadus|Tornadus, M|100\/100\n|switch|p1b: Ogerpon|Ogerpon-Wellspring, F|100\/100\n|switch|p2a: Ninetales|Ninetales, F|100\/100\n|switch|p2b: Landorus|Landorus-Therian, M|100\/100\n|-weather|SunnyDay|[from] ability: Drought|[of] p2a: Ninetales\n|-ability|p2b: Landorus|Intimidate|boost\n|-unboost|p1a: Tornadus|atk|1\n|-unboost|p1b: Ogerpon|atk|1\n|turn|1\n|\n|t:|1698255849\n|move|p1b: Ogerpon|Spiky Shield|p1b: Ogerpon\n|-singleturn|p1b: Ogerpon|move: Protect\n|move|p1a: Tornadus|Rain Dance|p1a: Tornadus\n|-weather|RainDance\n|move|p2a: Ninetales|Heat Wave|p1b: Ogerpon|[spread] p1a\n|-activate|p1b: Ogerpon|move: Protect\n|-damage|p1a: Tornadus|90\/100\n|move|p2b: Landorus|Explosion|p1b: Ogerpon|[spread] p2a,p1a\n|-activate|p1b: Ogerpon|move: Protect\n|-damage|p2a: Ninetales|0 fnt\n|-damage|p1a: Tornadus|0 fnt\n|faint|p2b: Landorus\n|faint|p2a: Ninetales\n|faint|p1a: Tornadus\n|\n|-weather|RainDance|[upkeep]\n|upkeep\n|\n|t:|1698255867\n|switch|p2b: Coalossal|Coalossal, F|100\/100\n|switch|p2a: Dragapult|Dragapult, M|100\/100\n|switch|p1a: Iron Hands|Iron Hands|100\/100\n|turn|2\n|\n|t:|1698255896\n|-terastallize|p2b: Coalossal|Rock\n|move|p1b: Ogerpon|Follow Me|p1b: Ogerpon\n|-singleturn|p1b: Ogerpon|move: Follow Me\n|move|p2a: Dragapult|Surf|p1a: Iron Hands|[spread] p2b,p1a\n|-immune|p1b: Ogerpon|[from] ability: Water Absorb\n|-supereffective|p2b: Coalossal\n|-damage|p2b: Coalossal|66\/100\n|-damage|p1a: Iron Hands|90\/100\n|-ability|p2b: Coalossal|Steam Engine|boost\n|-boost|p2b: Coalossal|spe|6\n|-enditem|p2b: Coalossal|Weakness Policy\n|-boost|p2b: Coalossal|atk|2|[from] item: Weakness Policy\n|-boost|p2b: Coalossal|spa|2|[from] item: Weakness Policy\n|move|p2b: Coalossal|Rock Slide|p1a: Iron Hands|[spread] p1a,p1b\n|-resisted|p1a: Iron Hands\n|-damage|p1a: Iron Hands|69\/100\n|-damage|p1b: Ogerpon|16\/100\n|move|p1a: Iron Hands|Drain Punch|p2b: Coalossal\n|-supereffective|p2b: Coalossal\n|-damage|p2b: Coalossal|0 fnt\n|-heal|p1a: Iron Hands|92\/100|[from] drain|[of] p2b: Coalossal\n|faint|p2b: Coalossal\n|\n|-weather|RainDance|[upkeep]\n|upkeep\n|inactive|SsOmethingG has 120 seconds left.\n|\n|t:|1698255921\n|switch|p2b: Blacephalon|Blacephalon|100\/100\n|turn|3\n|inactive|SsOmethingG has 120 seconds left.\n|\n|t:|1698255953\n|switch|p2a: Whimsicott|Whimsicott, M|100\/100\n|move|p1b: Ogerpon|Ivy Cudgel|p2b: Blacephalon\n|-supereffective|p2b: Blacephalon\n|-damage|p2b: Blacephalon|0 fnt\n|faint|p2b: Blacephalon\n|move|p1a: Iron Hands|Heavy Slam|p2a: Whimsicott\n|-supereffective|p2a: Whimsicott\n|-damage|p2a: Whimsicott|0 fnt\n|faint|p2a: Whimsicott\n|\n|-weather|RainDance|[upkeep]\n|upkeep\n|-message|SsOmethingG forfeited.\n|\n|win|Exy-Merxy\n|raw|Exy-Merxy's rating: 1136 &rarr; <strong>1168<\/strong><br \/>(+32 for winning)\n|raw|SsOmethingG's rating: 1231 &rarr; <strong>1199<\/strong><br \/>(-32 for losing)\n|l|\u2606SsOmethingG\n","uploadtime":1698255966,"views":9,"p1id":"exymerxy","p2id":"ssomethingg","formatid":"gen9nationaldexdoubles","rating":1168,"private":0,"password":""}