{"id":"gen9nationaldexdoubles-1990705645","p1":"lxvliiz","p2":"Cesar hacker toons","format":"[Gen 9] National Dex Doubles","log":"|j|\u2606lxvliiz\n|j|\u2606Cesar hacker toons\n|t:|1699993389\n|gametype|doubles\n|player|p1|lxvliiz|guitarist|1125\n|player|p2|Cesar hacker toons|skyla|1148\n|teamsize|p1|6\n|teamsize|p2|6\n|gen|9\n|tier|[Gen 9] National Dex Doubles\n|rated|\n|rule|HP Percentage Mod: HP is shown in percentages\n|rule|Endless Battle Clause: Forcing endless battles is banned\n|rule|OHKO Clause: OHKO moves are banned\n|rule|Evasion Moves Clause: Evasion moves are banned\n|rule|Evasion Abilities Clause: Evasion abilities are banned\n|rule|Species Clause: Limit one of each Pok\u00e9mon\n|rule|Gravity Sleep Clause: The combination of sleep-inducing moves with imperfect accuracy and Gravity or Gigantamax Orbeetle are banned\n|clearpoke\n|poke|p1|Torkoal, F|\n|poke|p1|Charizard, F|\n|poke|p1|Rotom-Heat|\n|poke|p1|Heatran, M|\n|poke|p1|Iron Moth|\n|poke|p1|Flareon, F|\n|poke|p2|Politoed, M|\n|poke|p2|Incineroar, M|\n|poke|p2|Rotom-Heat|\n|poke|p2|Gothitelle, F|\n|poke|p2|Primarina, F|\n|poke|p2|Dugtrio, M|\n|teampreview\n|c|\u2606lxvliiz|hi\n|\n|t:|1699993398\n|start\n|switch|p1a: Iron Moth|Iron Moth|100\/100\n|switch|p1b: Heatran|Heatran, M|100\/100\n|switch|p2a: Incineroar|Incineroar, M|100\/100\n|switch|p2b: Primarina|Primarina, F|100\/100\n|-ability|p2a: Incineroar|Intimidate|boost\n|-unboost|p1a: Iron Moth|atk|1\n|-unboost|p1b: Heatran|atk|1\n|-enditem|p1a: Iron Moth|Booster Energy\n|-activate|p1a: Iron Moth|ability: Quark Drive|[fromitem]\n|-start|p1a: Iron Moth|quarkdrivespa\n|turn|1\n|inactive|Battle timer is ON: inactive players will automatically lose when time's up. (requested by Cesar hacker toons)\n|\n|t:|1699993419\n|-terastallize|p1b: Heatran|Fire\n|move|p1b: Heatran|Eruption|p2a: Incineroar|[spread] p2a,p2b\n|-resisted|p2a: Incineroar\n|-resisted|p2b: Primarina\n|-crit|p2b: Primarina\n|-damage|p2a: Incineroar|76\/100\n|-damage|p2b: Primarina|63\/100\n|move|p1a: Iron Moth|Fiery Dance|p1b: Heatran\n|-start|p1b: Heatran|ability: Flash Fire\n|move|p2b: Primarina|Perish Song|p2b: Primarina\n|-start|p1a: Iron Moth|perish3|[silent]\n|-start|p1b: Heatran|perish3|[silent]\n|-start|p2a: Incineroar|perish3|[silent]\n|-start|p2b: Primarina|perish3|[silent]\n|-fieldactivate|move: Perish Song\n|move|p2a: Incineroar|Parting Shot|p1b: Heatran\n|-unboost|p1b: Heatran|atk|1\n|-unboost|p1b: Heatran|spa|1\n|c|\u2606lxvliiz|oh i forgot i was scarfed lmao\n|c|\u2606lxvliiz|\ud83d\udc80\ud83d\udc80\n|\n|t:|1699993443\n|switch|p2a: Dugtrio|Dugtrio, M|100\/100|[from] Parting Shot\n|\n|-start|p1b: Heatran|perish3\n|-start|p1a: Iron Moth|perish3\n|-start|p2b: Primarina|perish3\n|upkeep\n|turn|2\n|\n|t:|1699993459\n|switch|p2b: Incineroar|Incineroar, M|76\/100\n|-ability|p2b: Incineroar|Intimidate|boost\n|-unboost|p1a: Iron Moth|atk|1\n|-unboost|p1b: Heatran|atk|1\n|move|p2a: Dugtrio|Protect|p2a: Dugtrio\n|-singleturn|p2a: Dugtrio|Protect\n|move|p1b: Heatran|Eruption|p2a: Dugtrio|[spread] p2b\n|-activate|p2a: Dugtrio|move: Protect\n|-resisted|p2b: Incineroar\n|-damage|p2b: Incineroar|49\/100\n|-enditem|p2b: Incineroar|Sitrus Berry|[eat]\n|-heal|p2b: Incineroar|74\/100|[from] item: Sitrus Berry\n|move|p1a: Iron Moth|Energy Ball|p2b: Incineroar\n|-resisted|p2b: Incineroar\n|-damage|p2b: Incineroar|59\/100\n|\n|-start|p1b: Heatran|perish2\n|-start|p1a: Iron Moth|perish2\n|upkeep\n|turn|3\n|\n|t:|1699993487\n|move|p1b: Heatran|Eruption|p2a: Dugtrio|[spread] p2a,p2b\n|-resisted|p2b: Incineroar\n|-enditem|p2a: Dugtrio|Focus Sash\n|-damage|p2a: Dugtrio|1\/100\n|-damage|p2b: Incineroar|35\/100\n|move|p2a: Dugtrio|High Horsepower|p1b: Heatran\n|-supereffective|p1b: Heatran\n|-damage|p1b: Heatran|21\/100\n|move|p1a: Iron Moth|Sludge Wave|p2b: Incineroar|[spread] p1b,p2a,p2b\n|-resisted|p2a: Dugtrio\n|-damage|p1b: Heatran|0 fnt\n|-damage|p2a: Dugtrio|0 fnt\n|-damage|p2b: Incineroar|0 fnt\n|faint|p1b: Heatran\n|faint|p2a: Dugtrio\n|faint|p2b: Incineroar\n|\n|-start|p1a: Iron Moth|perish1\n|upkeep\n|\n|t:|1699993510\n|switch|p2a: Primarina|Primarina, F|63\/100\n|switch|p1b: Charizard|Charizard, F|100\/100\n|switch|p2b: Rotom|Rotom-Heat|100\/100\n|turn|4\n|\n|t:|1699993522\n|detailschange|p1b: Charizard|Charizard-Mega-Y, F\n|-mega|p1b: Charizard|Charizard|Charizardite Y\n|-weather|SunnyDay|[from] ability: Drought|[of] p1b: Charizard\n|move|p2b: Rotom|Volt Switch|p1b: Charizard\n|-supereffective|p1b: Charizard\n|-damage|p1b: Charizard|55\/100\n|\n|t:|1699993528\n|switch|p2b: Gothitelle|Gothitelle, F|100\/100|[from] Volt Switch\n|move|p1a: Iron Moth|Energy Ball|p2a: Primarina\n|-supereffective|p2a: Primarina\n|-damage|p2a: Primarina|13\/100\n|move|p1b: Charizard|Weather Ball|p2b: Gothitelle\n|-damage|p2b: Gothitelle|30\/100\n|move|p2a: Primarina|Perish Song|p2a: Primarina\n|-start|p1b: Charizard|perish3|[silent]\n|-start|p2a: Primarina|perish3|[silent]\n|-start|p2b: Gothitelle|perish3|[silent]\n|-fieldactivate|move: Perish Song\n|\n|-weather|SunnyDay|[upkeep]\n|-start|p1a: Iron Moth|perish0\n|-start|p1b: Charizard|perish3\n|faint|p1a: Iron Moth\n|-end|p1a: Iron Moth|Quark Drive|[silent]\n|-start|p2a: Primarina|perish3\n|-start|p2b: Gothitelle|perish3\n|upkeep\n|-message|Cesar hacker toons forfeited.\n|\n|win|lxvliiz\n|raw|lxvliiz's rating: 1125 &rarr; <strong>1152<\/strong><br \/>(+27 for winning)\n|raw|Cesar hacker toons's rating: 1148 &rarr; <strong>1121<\/strong><br \/>(-27 for losing)\n|l|\u2606Cesar hacker toons\n","uploadtime":1699993545,"views":5,"p1id":"lxvliiz","p2id":"cesarhackertoons","formatid":"gen9nationaldexdoubles","rating":1121,"private":0,"password":""}