{"id":"gen9nationaldexdoubles-1974497344","p1":"Endermo","p2":"Nerdygolem513","format":"[Gen 9] National Dex Doubles","log":"|j|\u2606Endermo\n|j|\u2606Nerdygolem513\n|t:|1698091897\n|gametype|doubles\n|player|p1|Endermo|1|1432\n|player|p2|Nerdygolem513|skullgrunt|1401\n|teamsize|p1|6\n|teamsize|p2|6\n|gen|9\n|tier|[Gen 9] National Dex Doubles\n|rated|\n|rule|HP Percentage Mod: HP is shown in percentages\n|rule|Endless Battle Clause: Forcing endless battles is banned\n|rule|OHKO Clause: OHKO moves are banned\n|rule|Evasion Moves Clause: Evasion moves are banned\n|rule|Evasion Abilities Clause: Evasion abilities are banned\n|rule|Species Clause: Limit one of each Pok\u00e9mon\n|rule|Gravity Sleep Clause: The combination of sleep-inducing moves with imperfect accuracy and Gravity or Gigantamax Orbeetle are banned\n|clearpoke\n|poke|p1|Hoopa-Unbound|\n|poke|p1|Hatterene, F|\n|poke|p1|Cresselia, F|\n|poke|p1|Indeedee-F, F|\n|poke|p1|Ursaluna, M|\n|poke|p1|Flutter Mane|\n|poke|p2|Tapu Koko|\n|poke|p2|Indeedee-F, F|\n|poke|p2|Raichu-Alola, F|\n|poke|p2|Alakazam, F|\n|poke|p2|Iron Valiant|\n|poke|p2|Farigiraf, F|\n|teampreview\n|\n|t:|1698091916\n|start\n|switch|p1a: Indeedee|Indeedee-F, F|100\/100\n|switch|p1b: Hatterene|Hatterene, F, shiny|100\/100\n|switch|p2a: Tapu Koko|Tapu Koko|100\/100\n|switch|p2b: Raichu|Raichu-Alola, F|100\/100\n|-fieldstart|move: Electric Terrain|[from] ability: Electric Surge|[of] p2a: Tapu Koko\n|-fieldstart|move: Psychic Terrain|[from] ability: Psychic Surge|[of] p1a: Indeedee\n|turn|1\n|\n|t:|1698091932\n|switch|p2a: Farigiraf|Farigiraf, F|100\/100\n|move|p2b: Raichu|Expanding Force|p1b: Hatterene|[spread] p1a,p1b\n|-resisted|p1a: Indeedee\n|-resisted|p1b: Hatterene\n|-damage|p1a: Indeedee|72\/100\n|-damage|p1b: Hatterene|65\/100\n|-damage|p2b: Raichu|91\/100|[from] item: Life Orb\n|move|p1b: Hatterene|Expanding Force|p2b: Raichu|[spread] p2a,p2b\n|-resisted|p2a: Farigiraf\n|-resisted|p2b: Raichu\n|-damage|p2a: Farigiraf|76\/100\n|-damage|p2b: Raichu|43\/100\n|move|p1a: Indeedee|Trick Room|p1a: Indeedee\n|-fieldstart|move: Trick Room|[of] p1a: Indeedee\n|\n|upkeep\n|turn|2\n|\n|t:|1698091951\n|move|p2b: Raichu|Protect|p2b: Raichu\n|-singleturn|p2b: Raichu|Protect\n|move|p1b: Hatterene|Expanding Force|p2b: Raichu|[spread] p2a\n|-activate|p2b: Raichu|move: Protect\n|-resisted|p2a: Farigiraf\n|-damage|p2a: Farigiraf|52\/100\n|move|p1a: Indeedee|Expanding Force|p2a: Farigiraf|[spread] p2a\n|-activate|p2b: Raichu|move: Protect\n|-resisted|p2a: Farigiraf\n|-damage|p2a: Farigiraf|35\/100\n|move|p2a: Farigiraf|Trick Room|p2a: Farigiraf\n|-fieldend|move: Trick Room\n|\n|upkeep\n|turn|3\n|inactive|Battle timer is ON: inactive players will automatically lose when time's up. (requested by Endermo)\n|\n|t:|1698091977\n|switch|p2a: Tapu Koko|Tapu Koko|100\/100\n|-fieldstart|move: Electric Terrain|[from] ability: Electric Surge|[of] p2a: Tapu Koko\n|-terastallize|p1b: Hatterene|Psychic\n|move|p2b: Raichu|Rising Voltage|p1b: Hatterene\n|-hint|Rising Voltage's BP doubled on grounded target.\n|-damage|p1b: Hatterene|0 fnt\n|faint|p1b: Hatterene\n|-damage|p2b: Raichu|33\/100|[from] item: Life Orb\n|move|p1a: Indeedee|Expanding Force|p2a: Tapu Koko\n|-damage|p2a: Tapu Koko|52\/100\n|\n|upkeep\n|-message|Endermo forfeited.\n|\n|win|Nerdygolem513\n|raw|Endermo's rating: 1432 &rarr; <strong>1410<\/strong><br \/>(-22 for losing)\n|raw|Nerdygolem513's rating: 1401 &rarr; <strong>1423<\/strong><br \/>(+22 for winning)\n|l|\u2606Endermo\n","uploadtime":1698091998,"views":4,"p1id":"endermo","p2id":"nerdygolem513","formatid":"gen9nationaldexdoubles","rating":1410,"private":0,"password":""}