{"id":"gen9nationaldexdoubles-1981761702","p1":"lxvliiz","p2":"Neinx6","format":"[Gen 9] National Dex Doubles","log":"|j|\u2606lxvliiz\n|j|\u2606Neinx6\n|t:|1698939663\n|gametype|doubles\n|player|p1|lxvliiz|gambler|1090\n|player|p2|Neinx6|n|1022\n|teamsize|p1|6\n|teamsize|p2|2\n|gen|9\n|tier|[Gen 9] National Dex Doubles\n|rated|\n|rule|HP Percentage Mod: HP is shown in percentages\n|rule|Endless Battle Clause: Forcing endless battles is banned\n|rule|OHKO Clause: OHKO moves are banned\n|rule|Evasion Moves Clause: Evasion moves are banned\n|rule|Evasion Abilities Clause: Evasion abilities are banned\n|rule|Species Clause: Limit one of each Pok\u00e9mon\n|rule|Gravity Sleep Clause: The combination of sleep-inducing moves with imperfect accuracy and Gravity or Gigantamax Orbeetle are banned\n|clearpoke\n|poke|p1|Kommo-o, F|\n|poke|p1|Volcarona, F|\n|poke|p1|Oricorio-Pom-Pom, F|\n|poke|p1|Quaquaval, F|\n|poke|p1|Flamigo, M|\n|poke|p1|Lilligant-Hisui, F|\n|poke|p2|Blastoise, F|\n|poke|p2|Swoobat, M|\n|teampreview\n|\n|t:|1698939671\n|start\n|switch|p1a: dancer|Oricorio-Pom-Pom, F, shiny|100\/100\n|switch|p1b: dancee|Kommo-o, F, shiny|100\/100\n|switch|p2a: Blastoise|Blastoise, F|100\/100\n|switch|p2b: Swoobat|Swoobat, M|100\/100\n|turn|1\n|\n|t:|1698939683\n|-terastallize|p1b: dancee|Ghost\n|move|p2b: Swoobat|Skill Swap|p2a: Blastoise\n|-activate|p2b: Swoobat|move: Skill Swap|||[of] p2a: Blastoise\n|move|p1a: dancer|Quiver Dance|p1a: dancer\n|-boost|p1a: dancer|spa|1\n|-boost|p1a: dancer|spd|1\n|-boost|p1a: dancer|spe|1\n|move|p1b: dancee|Clangorous Soul|p1b: dancee\n|-boost|p1b: dancee|atk|1\n|-boost|p1b: dancee|def|1\n|-boost|p1b: dancee|spa|1\n|-boost|p1b: dancee|spd|1\n|-boost|p1b: dancee|spe|1\n|-damage|p1b: dancee|68\/100\n|-activate|p1a: dancer|ability: Dancer\n|move|p1a: dancer|Clangorous Soul|p1a: dancer|[from]ability: Dancer\n|-boost|p1a: dancer|atk|1\n|-boost|p1a: dancer|def|1\n|-boost|p1a: dancer|spa|1\n|-boost|p1a: dancer|spd|1\n|-boost|p1a: dancer|spe|1\n|-damage|p1a: dancer|68\/100\n|move|p2a: Blastoise|Shell Smash|p2a: Blastoise\n|-unboost|p2a: Blastoise|def|2\n|-unboost|p2a: Blastoise|spd|2\n|-boost|p2a: Blastoise|atk|4\n|-boost|p2a: Blastoise|spa|4\n|-boost|p2a: Blastoise|spe|4\n|-enditem|p1a: dancer|Mirror Herb\n|-boost|p1a: dancer|atk|4|[from] item: Mirror Herb\n|-boost|p1a: dancer|spa|4|[from] item: Mirror Herb\n|-boost|p1a: dancer|spe|4|[from] item: Mirror Herb\n|-enditem|p2a: Blastoise|White Herb\n|-clearnegativeboost|p2a: Blastoise|[silent]\n|\n|upkeep\n|turn|2\n|\n|t:|1698939721\n|move|p1a: dancer|Revelation Dance|p2a: Blastoise\n|-supereffective|p2a: Blastoise\n|-damage|p2a: Blastoise|0 fnt\n|faint|p2a: Blastoise\n|move|p1b: dancee|Shadow Claw|p2b: Swoobat\n|-supereffective|p2b: Swoobat\n|-damage|p2b: Swoobat|0 fnt\n|faint|p2b: Swoobat\n|\n|win|lxvliiz\n|raw|lxvliiz's rating: 1090 &rarr; <strong>1111<\/strong><br \/>(+21 for winning)\n|raw|Neinx6's rating: 1022 &rarr; <strong>1011<\/strong><br \/>(-11 for losing)\n|l|\u2606Neinx6\n|c|\u2606lxvliiz|lmao\n","uploadtime":1698939732,"views":5,"p1id":"lxvliiz","p2id":"neinx6","formatid":"gen9nationaldexdoubles","rating":1011,"private":0,"password":""}