{"id":"gen9nationaldexdoubles-1975050916","p1":"amanitavirosalt","p2":"AdvancedDigit","format":"[Gen 9] National Dex Doubles","log":"|j|\u203damanitavirosalt\n|j|\u2606AdvancedDigit\n|t:|1698158040\n|gametype|doubles\n|player|p1|amanitavirosalt|colress|1193\n|player|p2|AdvancedDigit|hilbert-wonderlauncher|1358\n|teamsize|p1|6\n|teamsize|p2|6\n|gen|9\n|tier|[Gen 9] National Dex Doubles\n|rated|\n|rule|HP Percentage Mod: HP is shown in percentages\n|rule|Endless Battle Clause: Forcing endless battles is banned\n|rule|OHKO Clause: OHKO moves are banned\n|rule|Evasion Moves Clause: Evasion moves are banned\n|rule|Evasion Abilities Clause: Evasion abilities are banned\n|rule|Species Clause: Limit one of each Pok\u00e9mon\n|rule|Gravity Sleep Clause: The combination of sleep-inducing moves with imperfect accuracy and Gravity or Gigantamax Orbeetle are banned\n|clearpoke\n|poke|p1|Dracozolt|\n|poke|p1|Breloom, M|\n|poke|p1|Tyranitar, F|\n|poke|p1|Landorus, M|\n|poke|p1|Ting-Lu|\n|poke|p1|Ferrothorn, M|\n|poke|p2|Lilligant-Hisui, F|\n|poke|p2|Tornadus, M|\n|poke|p2|Malamar, F|\n|poke|p2|Gothitelle, M|\n|poke|p2|Charizard, F|\n|poke|p2|Garchomp, F|\n|teampreview\n|\n|t:|1698158050\n|start\n|switch|p1a: Landorus|Landorus, M|100\/100\n|switch|p1b: Tyranitar|Tyranitar, F|100\/100\n|switch|p2a: Lilligant|Lilligant-Hisui, F|100\/100\n|switch|p2b: Charizard|Charizard, F|100\/100\n|-weather|Sandstorm|[from] ability: Sand Stream|[of] p1b: Tyranitar\n|turn|1\n|\n|t:|1698158076\n|detailschange|p2b: Charizard|Charizard-Mega-Y, F\n|-mega|p2b: Charizard|Charizard|Charizardite Y\n|-weather|SunnyDay|[from] ability: Drought|[of] p2b: Charizard\n|move|p2a: Lilligant|Close Combat|p1b: Tyranitar\n|-supereffective|p1b: Tyranitar\n|-damage|p1b: Tyranitar|0 fnt\n|-unboost|p2a: Lilligant|def|1\n|-unboost|p2a: Lilligant|spd|1\n|faint|p1b: Tyranitar\n|move|p1a: Landorus|Rock Slide|p2b: Charizard|[spread] p2a,p2b\n|-resisted|p2a: Lilligant\n|-supereffective|p2b: Charizard\n|-damage|p2a: Lilligant|82\/100\n|-damage|p2b: Charizard|1\/100\n|cant|p2b: Charizard|flinch\n|\n|-weather|SunnyDay|[upkeep]\n|upkeep\n|c|\u2606AdvancedDigit|no way\n|\n|t:|1698158094\n|switch|p1b: Breloom|Breloom, M|100\/100\n|turn|2\n|-message|amanitavirosalt forfeited.\n|\n|win|AdvancedDigit\n|raw|amanitavirosalt's rating: 1193 &rarr; <strong>1179<\/strong><br \/>(-14 for losing)\n|raw|AdvancedDigit's rating: 1358 &rarr; <strong>1369<\/strong><br \/>(+11 for winning)\n|l|\u203damanitavirosalt\n","uploadtime":1698158137,"views":4,"p1id":"amanitavirosalt","p2id":"advanceddigit","formatid":"gen9nationaldexdoubles","rating":1179,"private":0,"password":""}