{"id":"gen9nationaldexdoubles-1992863270","p1":"lxvliiz","p2":"squidheadss","format":"[Gen 9] National Dex Doubles","log":"|j|\u2606lxvliiz\n|j|\u2606squidheadss\n|t:|1700241975\n|gametype|doubles\n|player|p1|lxvliiz|firebreather|1228\n|player|p2|squidheadss|cynthia|1508\n|teamsize|p1|6\n|teamsize|p2|6\n|gen|9\n|tier|[Gen 9] National Dex Doubles\n|rated|\n|rule|HP Percentage Mod: HP is shown in percentages\n|rule|Endless Battle Clause: Forcing endless battles is banned\n|rule|OHKO Clause: OHKO moves are banned\n|rule|Evasion Moves Clause: Evasion moves are banned\n|rule|Evasion Abilities Clause: Evasion abilities are banned\n|rule|Species Clause: Limit one of each Pok\u00e9mon\n|rule|Gravity Sleep Clause: The combination of sleep-inducing moves with imperfect accuracy and Gravity or Gigantamax Orbeetle are banned\n|clearpoke\n|poke|p1|Torkoal, M|\n|poke|p1|Charizard, F|\n|poke|p1|Iron Moth|\n|poke|p1|Typhlosion, F|\n|poke|p1|Heatran, M|\n|poke|p1|Blacephalon|\n|poke|p2|Kangaskhan, F|\n|poke|p2|Rillaboom, F|\n|poke|p2|Kyurem-Black|\n|poke|p2|Jirachi|\n|poke|p2|Urshifu-*, F|\n|poke|p2|Zeraora|\n|teampreview\n|c|\u2606lxvliiz|oh no\n|\n|t:|1700242003\n|start\n|switch|p1a: lighter|Typhlosion, F|100\/100\n|switch|p1b: cooking ong|Blacephalon|100\/100\n|switch|p2a: Zeraora|Zeraora|100\/100\n|switch|p2b: Urshifu|Urshifu-Rapid-Strike, F|100\/100\n|turn|1\n|c|\u2606lxvliiz|i feel like i already lost to you\n|\n|t:|1700242021\n|-terastallize|p1a: lighter|Fire\n|move|p2a: Zeraora|Fake Out|p1a: lighter\n|-damage|p1a: lighter|82\/100\n|move|p1b: cooking ong|Mind Blown|p2a: Zeraora|[spread] p2a,p2b\n|-start|p1a: lighter|ability: Flash Fire\n|-resisted|p2b: Urshifu\n|-damage|p2a: Zeraora|13\/100\n|-damage|p2b: Urshifu|55\/100\n|-damage|p1b: cooking ong|50\/100|[from] mindblown\n|cant|p1a: lighter|flinch\n|move|p2b: Urshifu|Surging Strikes|p1b: cooking ong\n|-supereffective|p1b: cooking ong\n|-crit|p1b: cooking ong\n|-damage|p1b: cooking ong|0 fnt\n|faint|p1b: cooking ong\n|-hitcount|p1: cooking ong|1\n|\n|upkeep\n|\n|t:|1700242031\n|switch|p1b: burning|Torkoal, M|100\/100\n|-weather|SunnyDay|[from] ability: Drought|[of] p1b: burning\n|turn|2\n|\n|t:|1700242047\n|move|p1a: lighter|Eruption|p2b: Urshifu|[spread] p2a,p2b\n|-resisted|p2b: Urshifu\n|-damage|p2a: Zeraora|0 fnt\n|-damage|p2b: Urshifu|0 fnt\n|faint|p2a: Zeraora\n|faint|p2b: Urshifu\n|move|p1b: burning|Eruption|p2: Zeraora|[notarget]\n|-fail|p1b: burning\n|\n|-weather|SunnyDay|[upkeep]\n|upkeep\n|\n|t:|1700242058\n|switch|p2a: Kangaskhan|Kangaskhan, F|100\/100\n|switch|p2b: Kyurem|Kyurem-Black|100\/100\n|-ability|p2b: Kyurem|Teravolt\n|turn|3\n|\n|t:|1700242074\n|detailschange|p2a: Kangaskhan|Kangaskhan-Mega, F\n|-mega|p2a: Kangaskhan|Kangaskhan|Kangaskhanite\n|move|p2a: Kangaskhan|Fake Out|p1a: lighter\n|-damage|p1a: lighter|50\/100\n|-damage|p1a: lighter|43\/100\n|-hitcount|p1a: lighter|2\n|cant|p1a: lighter|flinch\n|move|p2b: Kyurem|Dragon Dance|p2b: Kyurem\n|-boost|p2b: Kyurem|atk|1\n|-boost|p2b: Kyurem|spe|1\n|move|p1b: burning|Eruption|p2b: Kyurem|[spread] p2a,p2b\n|-damage|p2a: Kangaskhan|26\/100\n|-damage|p2b: Kyurem|34\/100\n|\n|-weather|SunnyDay|[upkeep]\n|upkeep\n|turn|4\n|\n|t:|1700242105\n|move|p1a: lighter|Eruption|p2b: Kyurem|[spread] p2a,p2b\n|-damage|p2a: Kangaskhan|0 fnt\n|-damage|p2b: Kyurem|0 fnt\n|faint|p2a: Kangaskhan\n|faint|p2b: Kyurem\n|move|p1b: burning|Eruption|p2: Kangaskhan|[notarget]\n|-fail|p1b: burning\n|\n|-weather|SunnyDay|[upkeep]\n|upkeep\n|c|\u2606squidheadss|gg\n|-message|squidheadss forfeited.\n|\n|win|lxvliiz\n|raw|lxvliiz's rating: 1228 &rarr; <strong>1270<\/strong><br \/>(+42 for winning)\n|raw|squidheadss's rating: 1508 &rarr; <strong>1475<\/strong><br \/>(-33 for losing)\n","uploadtime":1700242120,"views":6,"p1id":"lxvliiz","p2id":"squidheadss","formatid":"gen9nationaldexdoubles","rating":1270,"private":0,"password":""}