{"id":"gen9nationaldexdoubles-1970477945","p1":"AdvancedDigit","p2":"the maraculous","format":"[Gen 9] National Dex Doubles","log":"|j|\u2606AdvancedDigit\n|j|\u2606the maraculous\n|t:|1697642102\n|gametype|doubles\n|player|p1|AdvancedDigit|hilbert|1165\n|player|p2|the maraculous|dragontamer|1388\n|teamsize|p1|6\n|teamsize|p2|6\n|gen|9\n|tier|[Gen 9] National Dex Doubles\n|rated|\n|rule|HP Percentage Mod: HP is shown in percentages\n|rule|Endless Battle Clause: Forcing endless battles is banned\n|rule|OHKO Clause: OHKO moves are banned\n|rule|Evasion Moves Clause: Evasion moves are banned\n|rule|Evasion Abilities Clause: Evasion abilities are banned\n|rule|Species Clause: Limit one of each Pok\u00e9mon\n|rule|Gravity Sleep Clause: The combination of sleep-inducing moves with imperfect accuracy and Gravity or Gigantamax Orbeetle are banned\n|clearpoke\n|poke|p1|Ambipom, F|\n|poke|p1|Furret, F|\n|poke|p1|Volbeat, M|\n|poke|p1|Orthworm, M|\n|poke|p1|Great Tusk|\n|poke|p1|Sableye, F|\n|poke|p2|Xurkitree|\n|poke|p2|Iron Valiant|\n|poke|p2|Chandelure, F|\n|poke|p2|Landorus-Therian, M|\n|poke|p2|Kartana|\n|poke|p2|Farigiraf, M|\n|teampreview\n|\n|t:|1697642115\n|start\n|switch|p1a: Ambipom|Ambipom, F|100\/100\n|switch|p1b: Furret|Furret, F|100\/100\n|switch|p2a: Iron Valiant|Iron Valiant|100\/100\n|switch|p2b: Xurkitree|Xurkitree|100\/100\n|-item|p2a: Iron Valiant|Life Orb|[from] ability: Frisk|[of] p1b: Furret|[identify]\n|-item|p2b: Xurkitree|Electrium Z|[from] ability: Frisk|[of] p1b: Furret|[identify]\n|turn|1\n|\n|t:|1697642130\n|switch|p2b: Farigiraf|Farigiraf, M|100\/100\n|move|p1a: Ambipom|Fake Out||[still]\n|cant|p2b: Farigiraf|ability: Armor Tail|Fake Out|[of] p1a: Ambipom\n|move|p2a: Iron Valiant|Close Combat|p1b: Furret\n|-supereffective|p1b: Furret\n|-damage|p1b: Furret|0 fnt\n|-unboost|p2a: Iron Valiant|def|1\n|-unboost|p2a: Iron Valiant|spd|1\n|faint|p1b: Furret\n|-damage|p2a: Iron Valiant|91\/100|[from] item: Life Orb\n|\n|upkeep\n|-message|AdvancedDigit forfeited.\n|\n|win|the maraculous\n|raw|AdvancedDigit's rating: 1165 &rarr; <strong>1154<\/strong><br \/>(-11 for losing)\n|raw|the maraculous's rating: 1388 &rarr; <strong>1397<\/strong><br \/>(+9 for winning)\n|l|\u2606AdvancedDigit\n","uploadtime":1697642141,"views":4,"p1id":"advanceddigit","p2id":"themaraculous","formatid":"gen9nationaldexdoubles","rating":1154,"private":0,"password":""}