{"id":"gen9nationaldexdoubles-1975063068","p1":"Rasangar","p2":"aquiles meo","format":"[Gen 9] National Dex Doubles","log":"|j|\u2606Rasangar\n|j|\u2606aquiles meo\n|t:|1698159002\n|gametype|doubles\n|player|p1|Rasangar|2|1208\n|player|p2|aquiles meo|ethan|1050\n|teamsize|p1|6\n|teamsize|p2|6\n|gen|9\n|tier|[Gen 9] National Dex Doubles\n|rated|\n|rule|HP Percentage Mod: HP is shown in percentages\n|rule|Endless Battle Clause: Forcing endless battles is banned\n|rule|OHKO Clause: OHKO moves are banned\n|rule|Evasion Moves Clause: Evasion moves are banned\n|rule|Evasion Abilities Clause: Evasion abilities are banned\n|rule|Species Clause: Limit one of each Pok\u00e9mon\n|rule|Gravity Sleep Clause: The combination of sleep-inducing moves with imperfect accuracy and Gravity or Gigantamax Orbeetle are banned\n|clearpoke\n|poke|p1|Amoonguss, M|\n|poke|p1|Pelipper, F|\n|poke|p1|Palafin, F|\n|poke|p1|Great Tusk|\n|poke|p1|Gholdengo|\n|poke|p1|Garganacl, M|\n|poke|p2|Alakazam, F|\n|poke|p2|Kartana|\n|poke|p2|Skarmory, M|\n|poke|p2|Gardevoir, M|\n|poke|p2|Serperior, M|\n|poke|p2|Blacephalon|\n|teampreview\n|c|\u2606aquiles meo|!dt palafin\n|raw|<div class=\"message\"><ul class=\"utilichart\"><li class=\"result\"><span class=\"col numcol\">DOU<\/span> <span class=\"col iconcol\"><psicon pokemon=\"palafin\"\/><\/span> <span class=\"col pokemonnamecol\" style=\"white-space:nowrap\"><a href=\"https:\/\/dex.pokemonshowdown.com\/pokemon\/palafin\" target=\"_blank\">Palafin<\/a><\/span> <span class=\"col typecol\"><img src=\"https:\/\/play.pokemonshowdown.com\/sprites\/types\/Water.png\" alt=\"Water\" height=\"14\" width=\"32\"><\/span> <span style=\"float:left;min-height:26px\"><span class=\"col abilitycol\">Zero to Hero<\/span><span class=\"col abilitycol\"><\/span><\/span><span style=\"float:left;min-height:26px\"><span class=\"col statcol\"><em>HP<\/em><br \/>100<\/span> <span class=\"col statcol\"><em>Atk<\/em><br \/>70<\/span> <span class=\"col statcol\"><em>Def<\/em><br \/>72<\/span> <span class=\"col statcol\"><em>SpA<\/em><br \/>53<\/span> <span class=\"col statcol\"><em>SpD<\/em><br \/>62<\/span> <span class=\"col statcol\"><em>Spe<\/em><br \/>100<\/span> <span class=\"col bstcol\"><em>BST<br \/>457<\/em><\/span> <\/span><\/li><li style=\"clear:both\"><\/li><\/ul><\/div>\n|raw|<font size=\"1\"><font color=\"#686868\">Dex#:<\/font> 964&nbsp;|&ThickSpace;<font color=\"#686868\">Gen:<\/font> 9&nbsp;|&ThickSpace;<font color=\"#686868\">Height:<\/font> 1.3 m&nbsp;|&ThickSpace;<font color=\"#686868\">Weight:<\/font> 60.2 kg <em>(80 BP)<\/em>&nbsp;|&ThickSpace;<font color=\"#686868\">Dex Colour:<\/font> Blue&nbsp;|&ThickSpace;<font color=\"#686868\">Egg Group(s):<\/font> Field, Water 2&nbsp;|&ThickSpace;<font color=\"#686868\">Does Not Evolve<\/font><\/font>\n\n|c|\u2606aquiles meo|what\n|c|\u2606aquiles meo|its just a dolphin with a bow\n|\n|t:|1698159030\n|start\n|switch|p1a: Palafin|Palafin, F, shiny|100\/100\n|switch|p1b: Great Tusk|Great Tusk|100\/100\n|switch|p2a: Kartana|Kartana, shiny|100\/100\n|switch|p2b: Skarmory|Skarmory, M|100\/100\n|-enditem|p1b: Great Tusk|Booster Energy\n|-activate|p1b: Great Tusk|ability: Protosynthesis|[fromitem]\n|-start|p1b: Great Tusk|protosynthesisdef\n|turn|1\n|c|\u2606aquiles meo|!dt donphan\n|raw|<div class=\"message\"><ul class=\"utilichart\"><li class=\"result\"><span class=\"col numcol\">(DUU)<\/span> <span class=\"col iconcol\"><psicon pokemon=\"donphan\"\/><\/span> <span class=\"col pokemonnamecol\" style=\"white-space:nowrap\"><a href=\"https:\/\/dex.pokemonshowdown.com\/pokemon\/donphan\" target=\"_blank\">Donphan<\/a><\/span> <span class=\"col typecol\"><img src=\"https:\/\/play.pokemonshowdown.com\/sprites\/types\/Ground.png\" alt=\"Ground\" height=\"14\" width=\"32\"><\/span> <span style=\"float:left;min-height:26px\"><span class=\"col abilitycol\">Sturdy<\/span><span class=\"col abilitycol\"><em>Sand Veil<\/em><\/span><\/span><span style=\"float:left;min-height:26px\"><span class=\"col statcol\"><em>HP<\/em><br \/>90<\/span> <span class=\"col statcol\"><em>Atk<\/em><br \/>120<\/span> <span class=\"col statcol\"><em>Def<\/em><br \/>120<\/span> <span class=\"col statcol\"><em>SpA<\/em><br \/>60<\/span> <span class=\"col statcol\"><em>SpD<\/em><br \/>60<\/span> <span class=\"col statcol\"><em>Spe<\/em><br \/>50<\/span> <span class=\"col bstcol\"><em>BST<br \/>500<\/em><\/span> <\/span><\/li><li style=\"clear:both\"><\/li><\/ul><\/div>\n|raw|<font size=\"1\"><font color=\"#686868\">Dex#:<\/font> 232&nbsp;|&ThickSpace;<font color=\"#686868\">Gen:<\/font> 2&nbsp;|&ThickSpace;<font color=\"#686868\">Height:<\/font> 1.1 m&nbsp;|&ThickSpace;<font color=\"#686868\">Weight:<\/font> 120 kg <em>(100 BP)<\/em>&nbsp;|&ThickSpace;<font color=\"#686868\">Dex Colour:<\/font> Gray&nbsp;|&ThickSpace;<font color=\"#686868\">Egg Group(s):<\/font> Field&nbsp;|&ThickSpace;<font color=\"#686868\">Does Not Evolve<\/font><\/font>\n\n|c|\u2606aquiles meo|!dt great tusk\n|raw|<div class=\"message\"><ul class=\"utilichart\"><li class=\"result\"><span class=\"col numcol\">DUU<\/span> <span class=\"col iconcol\"><psicon pokemon=\"greattusk\"\/><\/span> <span class=\"col pokemonnamecol\" style=\"white-space:nowrap\"><a href=\"https:\/\/dex.pokemonshowdown.com\/pokemon\/greattusk\" target=\"_blank\">Great Tusk<\/a><\/span> <span class=\"col typecol\"><img src=\"https:\/\/play.pokemonshowdown.com\/sprites\/types\/Ground.png\" alt=\"Ground\" height=\"14\" width=\"32\"><img src=\"https:\/\/play.pokemonshowdown.com\/sprites\/types\/Fighting.png\" alt=\"Fighting\" height=\"14\" width=\"32\"><\/span> <span style=\"float:left;min-height:26px\"><span class=\"col abilitycol\">Protosynthesis<\/span><span class=\"col abilitycol\"><\/span><\/span><span style=\"float:left;min-height:26px\"><span class=\"col statcol\"><em>HP<\/em><br \/>115<\/span> <span class=\"col statcol\"><em>Atk<\/em><br \/>131<\/span> <span class=\"col statcol\"><em>Def<\/em><br \/>131<\/span> <span class=\"col statcol\"><em>SpA<\/em><br \/>53<\/span> <span class=\"col statcol\"><em>SpD<\/em><br \/>53<\/span> <span class=\"col statcol\"><em>Spe<\/em><br \/>87<\/span> <span class=\"col bstcol\"><em>BST<br \/>570<\/em><\/span> <\/span><\/li><li style=\"clear:both\"><\/li><\/ul><\/div>\n|raw|<font size=\"1\"><font color=\"#686868\">Dex#:<\/font> 984&nbsp;|&ThickSpace;<font color=\"#686868\">Gen:<\/font> 9&nbsp;|&ThickSpace;<font color=\"#686868\">Height:<\/font> 2.2 m&nbsp;|&ThickSpace;<font color=\"#686868\">Weight:<\/font> 320 kg <em>(120 BP)<\/em>&nbsp;|&ThickSpace;<font color=\"#686868\">Dex Colour:<\/font> Purple&nbsp;|&ThickSpace;<font color=\"#686868\">Egg Group(s):<\/font> Undiscovered&nbsp;|&ThickSpace;<font color=\"#686868\">Does Not Evolve<\/font><\/font>\n\n|c|\u2606aquiles meo|It aint the same way\n|c|\u2606aquiles meo|!dt clodsire\n|raw|<div class=\"message\"><ul class=\"utilichart\"><li class=\"result\"><span class=\"col numcol\">(DUU)<\/span> <span class=\"col iconcol\"><psicon pokemon=\"clodsire\"\/><\/span> <span class=\"col pokemonnamecol\" style=\"white-space:nowrap\"><a href=\"https:\/\/dex.pokemonshowdown.com\/pokemon\/clodsire\" target=\"_blank\">Clodsire<\/a><\/span> <span class=\"col typecol\"><img src=\"https:\/\/play.pokemonshowdown.com\/sprites\/types\/Poison.png\" alt=\"Poison\" height=\"14\" width=\"32\"><img src=\"https:\/\/play.pokemonshowdown.com\/sprites\/types\/Ground.png\" alt=\"Ground\" height=\"14\" width=\"32\"><\/span> <span style=\"float:left;min-height:26px\"><span class=\"col twoabilitycol\">Poison Point<br \/>Water Absorb<\/span><span class=\"col abilitycol\"><em>Unaware<\/em><\/span><\/span><span style=\"float:left;min-height:26px\"><span class=\"col statcol\"><em>HP<\/em><br \/>130<\/span> <span class=\"col statcol\"><em>Atk<\/em><br \/>75<\/span> <span class=\"col statcol\"><em>Def<\/em><br \/>60<\/span> <span class=\"col statcol\"><em>SpA<\/em><br \/>45<\/span> <span class=\"col statcol\"><em>SpD<\/em><br \/>100<\/span> <span class=\"col statcol\"><em>Spe<\/em><br \/>20<\/span> <span class=\"col bstcol\"><em>BST<br \/>430<\/em><\/span> <\/span><\/li><li style=\"clear:both\"><\/li><\/ul><\/div>\n|raw|<font size=\"1\"><font color=\"#686868\">Dex#:<\/font> 980&nbsp;|&ThickSpace;<font color=\"#686868\">Gen:<\/font> 9&nbsp;|&ThickSpace;<font color=\"#686868\">Height:<\/font> 1.8 m&nbsp;|&ThickSpace;<font color=\"#686868\">Weight:<\/font> 223 kg <em>(120 BP)<\/em>&nbsp;|&ThickSpace;<font color=\"#686868\">Dex Colour:<\/font> Brown&nbsp;|&ThickSpace;<font color=\"#686868\">Egg Group(s):<\/font> Water 1, Field&nbsp;|&ThickSpace;<font color=\"#686868\">Does Not Evolve<\/font><\/font>\n\n|c|\u2606aquiles meo|As I remember you\n|c|\u2606aquiles meo|!dt quagsire\n|raw|<div class=\"message\"><ul class=\"utilichart\"><li class=\"result\"><span class=\"col numcol\">(DUU)<\/span> <span class=\"col iconcol\"><psicon pokemon=\"quagsire\"\/><\/span> <span class=\"col pokemonnamecol\" style=\"white-space:nowrap\"><a href=\"https:\/\/dex.pokemonshowdown.com\/pokemon\/quagsire\" target=\"_blank\">Quagsire<\/a><\/span> <span class=\"col typecol\"><img src=\"https:\/\/play.pokemonshowdown.com\/sprites\/types\/Water.png\" alt=\"Water\" height=\"14\" width=\"32\"><img src=\"https:\/\/play.pokemonshowdown.com\/sprites\/types\/Ground.png\" alt=\"Ground\" height=\"14\" width=\"32\"><\/span> <span style=\"float:left;min-height:26px\"><span class=\"col twoabilitycol\">Damp<br \/>Water Absorb<\/span><span class=\"col abilitycol\"><em>Unaware<\/em><\/span><\/span><span style=\"float:left;min-height:26px\"><span class=\"col statcol\"><em>HP<\/em><br \/>95<\/span> <span class=\"col statcol\"><em>Atk<\/em><br \/>85<\/span> <span class=\"col statcol\"><em>Def<\/em><br \/>85<\/span> <span class=\"col statcol\"><em>SpA<\/em><br \/>65<\/span> <span class=\"col statcol\"><em>SpD<\/em><br \/>65<\/span> <span class=\"col statcol\"><em>Spe<\/em><br \/>35<\/span> <span class=\"col bstcol\"><em>BST<br \/>430<\/em><\/span> <\/span><\/li><li style=\"clear:both\"><\/li><\/ul><\/div>\n|raw|<font size=\"1\"><font color=\"#686868\">Dex#:<\/font> 195&nbsp;|&ThickSpace;<font color=\"#686868\">Gen:<\/font> 2&nbsp;|&ThickSpace;<font color=\"#686868\">Height:<\/font> 1.4 m&nbsp;|&ThickSpace;<font color=\"#686868\">Weight:<\/font> 75 kg <em>(80 BP)<\/em>&nbsp;|&ThickSpace;<font color=\"#686868\">Dex Colour:<\/font> Blue&nbsp;|&ThickSpace;<font color=\"#686868\">Egg Group(s):<\/font> Water 1, Field&nbsp;|&ThickSpace;<font color=\"#686868\">Does Not Evolve<\/font><\/font>\n\n|c|\u2606aquiles meo|baby we built this house\n|\n|t:|1698159088\n|-zpower|p2a: Kartana\n|move|p2a: Kartana|Z-Tailwind|p2a: Kartana|[anim]Tailwind\n|-start|p2a: Kartana|move: Focus Energy|[zeffect]\n|-sidestart|p2: aquiles meo|move: Tailwind\n|move|p2b: Skarmory|Stealth Rock|p1b: Great Tusk\n|-sidestart|p1: Rasangar|move: Stealth Rock\n|move|p1a: Palafin|Flip Turn|p2b: Skarmory\n|-damage|p2b: Skarmory|74\/100\n|\n|t:|1698159101\n|detailschange|p1a: Palafin|Palafin-Hero, F, shiny\n|switch|p1a: Pelipper|Pelipper, F|100\/100|[from] Flip Turn\n|-damage|p1a: Pelipper|76\/100|[from] Stealth Rock\n|-weather|RainDance|[from] ability: Drizzle|[of] p1a: Pelipper\n|move|p1b: Great Tusk|Taunt|p2b: Skarmory\n|-start|p2b: Skarmory|move: Taunt\n|\n|-weather|RainDance|[upkeep]\n|-heal|p2b: Skarmory|80\/100|[from] item: Leftovers\n|upkeep\n|turn|2\n|\n|t:|1698159139\n|move|p2a: Kartana|Psycho Cut|p1b: Great Tusk\n|-supereffective|p1b: Great Tusk\n|-crit|p1b: Great Tusk\n|-damage|p1b: Great Tusk|59\/100\n|-activate|p2b: Skarmory|move: Struggle\n|move|p2b: Skarmory|Struggle|p1b: Great Tusk\n|-damage|p1b: Great Tusk|55\/100\n|-damage|p2b: Skarmory|55\/100|[from] recoil\n|move|p1b: Great Tusk|Ice Spinner|p2a: Kartana\n|-crit|p2a: Kartana\n|-damage|p2a: Kartana|58\/100\n|move|p1a: Pelipper|Tailwind|p1a: Pelipper\n|-sidestart|p1: Rasangar|move: Tailwind\n|\n|-weather|RainDance|[upkeep]\n|-heal|p2b: Skarmory|61\/100|[from] item: Leftovers\n|upkeep\n|turn|3\n|\n|t:|1698159183\n|switch|p2b: Gardevoir|Gardevoir, M|100\/100\n|-ability|p2b: Gardevoir|Drizzle|[from] ability: Trace|[of] p1a: Pelipper\n|move|p2a: Kartana|Leaf Blade|p1a: Pelipper\n|-crit|p1a: Pelipper\n|-damage|p1a: Pelipper|0 fnt\n|faint|p1a: Pelipper\n|-ability|p2a: Kartana|Beast Boost|boost\n|-boost|p2a: Kartana|atk|1\n|move|p1b: Great Tusk|Ice Spinner|p2a: Kartana\n|-damage|p2a: Kartana|30\/100\n|\n|-weather|RainDance|[upkeep]\n|upkeep\n|c|\u2606aquiles meo|amongus\n|-message|Rasangar forfeited.\n|\n|win|aquiles meo\n|raw|Rasangar's rating: 1208 &rarr; <strong>1172<\/strong><br \/>(-36 for losing)\n|raw|aquiles meo's rating: 1050 &rarr; <strong>1096<\/strong><br \/>(+46 for winning)\n|l|\u2606Rasangar\n|c|\u2606aquiles meo|cheers\n","uploadtime":1698159211,"views":11,"p1id":"rasangar","p2id":"aquilesmeo","formatid":"gen9nationaldexdoubles","rating":1096,"private":0,"password":""}