{"id":"gen9nationaldexdoubles-1969981349","p1":"smeargleenjoyer259","p2":"lxvliiz","format":"[Gen 9] National Dex Doubles","log":"|j|\u2606smeargleenjoyer259\n|j|\u2606lxvliiz\n|t:|1697581810\n|gametype|doubles\n|player|p1|smeargleenjoyer259|schoolkid|1000\n|player|p2|lxvliiz|gambler|1135\n|teamsize|p1|6\n|teamsize|p2|6\n|gen|9\n|tier|[Gen 9] National Dex Doubles\n|rated|\n|rule|HP Percentage Mod: HP is shown in percentages\n|rule|Endless Battle Clause: Forcing endless battles is banned\n|rule|OHKO Clause: OHKO moves are banned\n|rule|Evasion Moves Clause: Evasion moves are banned\n|rule|Evasion Abilities Clause: Evasion abilities are banned\n|rule|Species Clause: Limit one of each Pok\u00e9mon\n|rule|Gravity Sleep Clause: The combination of sleep-inducing moves with imperfect accuracy and Gravity or Gigantamax Orbeetle are banned\n|clearpoke\n|poke|p1|Granbull, F|\n|poke|p1|Amoonguss, F|\n|poke|p1|Clefable, M|\n|poke|p1|Indeedee-F, F|\n|poke|p1|Umbreon, M|\n|poke|p1|Mimikyu, M|\n|poke|p2|Nidoking, M|\n|poke|p2|Ogerpon-Cornerstone, F|\n|poke|p2|Eevee, M|\n|poke|p2|Volcarona, F|\n|poke|p2|Mr. Mime, M|\n|poke|p2|Medicham, F|\n|teampreview\n|\n|t:|1697581818\n|start\n|switch|p1a: Clefable|Clefable, M|100\/100\n|switch|p1b: Indeedee|Indeedee-F, F|100\/100\n|switch|p2a: testing1|Eevee, M|100\/100\n|switch|p2b: testing2|Ogerpon-Cornerstone, F|100\/100\n|-fieldstart|move: Psychic Terrain|[from] ability: Psychic Surge|[of] p1b: Indeedee\n|-enditem|p1b: Indeedee|Psychic Seed\n|-boost|p1b: Indeedee|spd|1|[from] item: Psychic Seed\n|turn|1\n|\n|t:|1697581834\n|-terastallize|p2b: testing2|Rock\n|detailschange|p2b: testing2|Ogerpon-Cornerstone-Tera, F, tera:Rock\n|-ability|p2b: testing2|Embody Aspect (Cornerstone)|boost\n|-boost|p2b: testing2|def|1\n|move|p1b: Indeedee|Fake Out|p2a: testing1\n|-activate|p2a: testing1|move: Psychic Terrain\n|move|p2b: testing2|Follow Me|p2b: testing2\n|-singleturn|p2b: testing2|move: Follow Me\n|move|p1a: Clefable|Thunder Wave|p2b: testing2|[miss]\n|-miss|p1a: Clefable|p2b: testing2\n|-zpower|p2a: testing1\n|move|p2a: testing1|Extreme Evoboost|p2a: testing1\n|-boost|p2a: testing1|atk|2\n|-boost|p2a: testing1|def|2\n|-boost|p2a: testing1|spa|2\n|-boost|p2a: testing1|spd|2\n|-boost|p2a: testing1|spe|2\n|\n|upkeep\n|turn|2\n|-message|smeargleenjoyer259 forfeited.\n|\n|win|lxvliiz\n|raw|smeargleenjoyer259's rating: 1000 &rarr; <strong>1000<\/strong><br \/>(+0 for losing)\n|raw|lxvliiz's rating: 1135 &rarr; <strong>1151<\/strong><br \/>(+16 for winning)\n|l|\u2606smeargleenjoyer259\n","uploadtime":1697581856,"views":6,"p1id":"smeargleenjoyer259","p2id":"lxvliiz","formatid":"gen9nationaldexdoubles","rating":1000,"private":0,"password":""}