{"id":"gen9nationaldexdoubles-1969163443","p1":"ClownOfTheCentury6","p2":"jayc2022","format":"[Gen 9] National Dex Doubles","log":"|j|\u2606ClownOfTheCentury6\n|j|\u2606jayc2022\n|t:|1697495929\n|gametype|doubles\n|player|p1|ClownOfTheCentury6|harlequin|1172\n|player|p2|jayc2022|266|1141\n|teamsize|p1|6\n|teamsize|p2|6\n|gen|9\n|tier|[Gen 9] National Dex Doubles\n|rated|\n|rule|HP Percentage Mod: HP is shown in percentages\n|rule|Endless Battle Clause: Forcing endless battles is banned\n|rule|OHKO Clause: OHKO moves are banned\n|rule|Evasion Moves Clause: Evasion moves are banned\n|rule|Evasion Abilities Clause: Evasion abilities are banned\n|rule|Species Clause: Limit one of each Pok\u00e9mon\n|rule|Gravity Sleep Clause: The combination of sleep-inducing moves with imperfect accuracy and Gravity or Gigantamax Orbeetle are banned\n|clearpoke\n|poke|p1|Crabominable, F|\n|poke|p1|Ninetales-Alola, M|\n|poke|p1|Regidrago|\n|poke|p1|Cofagrigus, M|\n|poke|p1|Regice|\n|poke|p1|Sandslash-Alola, F|\n|poke|p2|Meowstic, M|\n|poke|p2|Shiinotic, F|\n|poke|p2|Poliwrath, M|\n|poke|p2|Tapu Bulu|\n|poke|p2|Stakataka|\n|poke|p2|Dragapult, M|\n|teampreview\n|\n|t:|1697495941\n|start\n|switch|p1a: Crabominable|Crabominable, F|100\/100\n|switch|p1b: Ninetales|Ninetales-Alola, M|100\/100\n|switch|p2a: Shiinotic|Shiinotic, F|100\/100\n|switch|p2b: Meowstic|Meowstic, M|100\/100\n|-weather|Snow|[from] ability: Snow Warning|[of] p1b: Ninetales\n|turn|1\n|\n|t:|1697495964\n|move|p2b: Meowstic|Skill Swap|p2a: Shiinotic\n|-activate|p2b: Meowstic|move: Skill Swap|||[of] p2a: Shiinotic\n|move|p2a: Shiinotic|Spore|p1a: Crabominable\n|-status|p1a: Crabominable|slp|[from] move: Spore\n|move|p1b: Ninetales|Frost Breath|p1a: Crabominable\n|-resisted|p1a: Crabominable\n|-crit|p1a: Crabominable\n|-damage|p1a: Crabominable|89\/100 slp\n|-setboost|p1a: Crabominable|atk|6|[from] ability: Anger Point\n|cant|p1a: Crabominable|slp\n|\n|-weather|Snow|[upkeep]\n|upkeep\n|turn|2\n|\n|t:|1697495992\n|move|p2a: Shiinotic|Spore|p1b: Ninetales\n|-status|p1b: Ninetales|slp|[from] move: Spore\n|cant|p1b: Ninetales|slp\n|move|p2b: Meowstic|Psychic|p1a: Crabominable\n|-supereffective|p1a: Crabominable\n|-damage|p1a: Crabominable|42\/100 slp\n|-unboost|p1a: Crabominable|spd|1\n|cant|p1a: Crabominable|slp\n|\n|-weather|Snow|[upkeep]\n|upkeep\n|turn|3\n|\n|t:|1697496016\n|move|p2a: Shiinotic|After You|p2b: Meowstic\n|-activate|p2b: Meowstic|move: After You\n|move|p2b: Meowstic|Psychic|p1a: Crabominable\n|-supereffective|p1a: Crabominable\n|-damage|p1a: Crabominable|0 fnt\n|faint|p1a: Crabominable\n|-curestatus|p1b: Ninetales|slp|[msg]\n|move|p1b: Ninetales|Freeze-Dry|p2a: Shiinotic\n|-supereffective|p2a: Shiinotic\n|-damage|p2a: Shiinotic|71\/100\n|\n|-weather|Snow|[upkeep]\n|upkeep\n|-message|ClownOfTheCentury6 forfeited.\n|\n|win|jayc2022\n|raw|ClownOfTheCentury6's rating: 1172 &rarr; <strong>1145<\/strong><br \/>(-27 for losing)\n|raw|jayc2022's rating: 1141 &rarr; <strong>1168<\/strong><br \/>(+27 for winning)\n|l|\u2606ClownOfTheCentury6\n","uploadtime":1697496096,"views":10,"p1id":"clownofthecentury6","p2id":"jayc2022","formatid":"gen9nationaldexdoubles","rating":1145,"private":0,"password":""}