{"id":"gen9nationaldexdoubles-1950743008","p1":"dwesfdrghsrbfdgfhf","p2":"qasxcfdcvbjhygtf","format":"[Gen 9] National Dex Doubles","log":"|j|\u2606dwesfdrghsrbfdgfhf\n|j|\u2606qasxcfdcvbjhygtf\n|t:|1695501705\n|gametype|doubles\n|player|p1|dwesfdrghsrbfdgfhf|1|1000\n|player|p2|qasxcfdcvbjhygtf|guzma|1102\n|teamsize|p1|6\n|teamsize|p2|6\n|gen|9\n|tier|[Gen 9] National Dex Doubles\n|rated|\n|rule|HP Percentage Mod: HP is shown in percentages\n|rule|Endless Battle Clause: Forcing endless battles is banned\n|rule|OHKO Clause: OHKO moves are banned\n|rule|Evasion Moves Clause: Evasion moves are banned\n|rule|Evasion Abilities Clause: Evasion abilities are banned\n|rule|Species Clause: Limit one of each Pok\u00e9mon\n|rule|Gravity Sleep Clause: The combination of sleep-inducing moves with imperfect accuracy and Gravity or Gigantamax Orbeetle are banned\n|clearpoke\n|poke|p1|Ambipom, M|\n|poke|p1|Polteageist-Antique|\n|poke|p1|Mawile, F|\n|poke|p1|Venusaur, F|\n|poke|p1|Umbreon, M|\n|poke|p1|Volcarona, F|\n|poke|p2|Sinistcha|\n|poke|p2|Snorlax, M|\n|poke|p2|Torkoal, M|\n|poke|p2|Ursaluna-Bloodmoon, M|\n|poke|p2|Hatterene, F|\n|poke|p2|Pheromosa|\n|teampreview\n|\n|t:|1695501726\n|start\n|switch|p1a: Ambipom|Ambipom, M|100\/100\n|switch|p1b: Mawile|Mawile, F|100\/100\n|switch|p2a: Mmm Tasty|Sinistcha|100\/100\n|switch|p2b: Yogi Bear|Ursaluna-Bloodmoon, M|100\/100\n|-ability|p1b: Mawile|Intimidate|boost\n|-unboost|p2a: Mmm Tasty|atk|1\n|-unboost|p2b: Yogi Bear|atk|1\n|turn|1\n|inactive|Battle timer is ON: inactive players will automatically lose when time's up. (requested by qasxcfdcvbjhygtf)\n|\n|t:|1695501773\n|move|p1a: Ambipom|Ice Punch|p2b: Yogi Bear\n|-supereffective|p2b: Yogi Bear\n|-damage|p2b: Yogi Bear|59\/100\n|-damage|p1a: Ambipom|91\/100|[from] item: Life Orb\n|move|p1b: Mawile|Iron Head|p2a: Mmm Tasty\n|-damage|p2a: Mmm Tasty|57\/100\n|-damage|p1b: Mawile|84\/100|[from] item: Rocky Helmet|[of] p2a: Mmm Tasty\n|move|p2b: Yogi Bear|Calm Mind|p2b: Yogi Bear\n|-boost|p2b: Yogi Bear|spa|1\n|-boost|p2b: Yogi Bear|spd|1\n|move|p2a: Mmm Tasty|Trick Room|p2a: Mmm Tasty\n|-fieldstart|move: Trick Room|[of] p2a: Mmm Tasty\n|\n|upkeep\n|turn|2\n|inactive|dwesfdrghsrbfdgfhf has 120 seconds left.\n|\n|t:|1695501803\n|-terastallize|p2b: Yogi Bear|Normal\n|move|p2b: Yogi Bear|Earth Power|p1b: Mawile\n|-supereffective|p1b: Mawile\n|-damage|p1b: Mawile|0 fnt\n|faint|p1b: Mawile\n|-damage|p2b: Yogi Bear|49\/100|[from] item: Life Orb\n|move|p2a: Mmm Tasty|Strength Sap|p1a: Ambipom\n|-unboost|p1a: Ambipom|atk|1\n|-heal|p2a: Mmm Tasty|100\/100\n|move|p1a: Ambipom|Ice Punch|p2b: Yogi Bear\n|-damage|p2b: Yogi Bear|34\/100\n|-damage|p1a: Ambipom|81\/100|[from] item: Life Orb\n|\n|upkeep\n|inactive|dwesfdrghsrbfdgfhf has 120 seconds left.\n|\n|t:|1695501821\n|switch|p1b: Umbreon|Umbreon, M|100\/100\n|turn|3\n|inactive|dwesfdrghsrbfdgfhf has 120 seconds left.\n|\n|t:|1695501838\n|move|p1a: Ambipom|Protect|p1a: Ambipom\n|-singleturn|p1a: Ambipom|Protect\n|move|p2a: Mmm Tasty|Rage Powder|p2a: Mmm Tasty\n|-singleturn|p2a: Mmm Tasty|move: Rage Powder\n|move|p2b: Yogi Bear|Hyper Voice|p1a: Ambipom|[spread] p1b\n|-activate|p1a: Ambipom|move: Protect\n|-damage|p1b: Umbreon|29\/100\n|-damage|p2b: Yogi Bear|24\/100|[from] item: Life Orb\n|move|p1b: Umbreon|Toxic|p2a: Mmm Tasty\n|-status|p2a: Mmm Tasty|tox\n|\n|-heal|p1b: Umbreon|35\/100|[from] item: Leftovers\n|-damage|p2a: Mmm Tasty|94\/100 tox|[from] psn\n|upkeep\n|turn|4\n|inactive|dwesfdrghsrbfdgfhf has 120 seconds left.\n|\n|t:|1695501863\n|switch|p2a: Torkoal|Torkoal, M|100\/100\n|-weather|SunnyDay|[from] ability: Drought|[of] p2a: Torkoal\n|switch|p1b: Volcarona|Volcarona, F|100\/100\n|move|p2b: Yogi Bear|Hyper Voice|p1b: Volcarona|[spread] p1a,p1b\n|-damage|p1a: Ambipom|0 fnt\n|-damage|p1b: Volcarona|0 fnt\n|faint|p1a: Ambipom\n|faint|p1b: Volcarona\n|-damage|p2b: Yogi Bear|14\/100|[from] item: Life Orb\n|\n|-weather|SunnyDay|[upkeep]\n|upkeep\n|-message|dwesfdrghsrbfdgfhf forfeited.\n|\n|win|qasxcfdcvbjhygtf\n|raw|dwesfdrghsrbfdgfhf's rating: 1000 &rarr; <strong>1000<\/strong><br \/>(+0 for losing)\n|raw|qasxcfdcvbjhygtf's rating: 1102 &rarr; <strong>1120<\/strong><br \/>(+18 for winning)\n|l|\u2606dwesfdrghsrbfdgfhf\n|l|\u2606qasxcfdcvbjhygtf\n|j|\u2606qasxcfdcvbjhygtf\n|player|p2|qasxcfdcvbjhygtf|guzma\n","uploadtime":1695501935,"views":6,"p1id":"dwesfdrghsrbfdgfhf","p2id":"qasxcfdcvbjhygtf","formatid":"gen9nationaldexdoubles","rating":1000,"private":0,"password":""}