{"id":"gen9nationaldexdoubles-1953877597","p1":"Skeliton Lord","p2":"Dalender","format":"[Gen 9] National Dex Doubles","log":"|j|\u2606Skeliton Lord\n|j|\u2606Dalender\n|t:|1695835069\n|gametype|doubles\n|player|p1|Skeliton Lord|102|1052\n|player|p2|Dalender|guitarist|1000\n|teamsize|p1|6\n|teamsize|p2|2\n|gen|9\n|tier|[Gen 9] National Dex Doubles\n|rated|\n|rule|HP Percentage Mod: HP is shown in percentages\n|rule|Endless Battle Clause: Forcing endless battles is banned\n|rule|OHKO Clause: OHKO moves are banned\n|rule|Evasion Moves Clause: Evasion moves are banned\n|rule|Evasion Abilities Clause: Evasion abilities are banned\n|rule|Species Clause: Limit one of each Pok\u00e9mon\n|rule|Gravity Sleep Clause: The combination of sleep-inducing moves with imperfect accuracy and Gravity or Gigantamax Orbeetle are banned\n|clearpoke\n|poke|p1|Venusaur, F|\n|poke|p1|Charizard, M|\n|poke|p1|Flutter Mane|\n|poke|p1|Grimmsnarl, M|\n|poke|p1|Gholdengo|\n|poke|p1|Great Tusk|\n|poke|p2|Runerigus, M|\n|poke|p2|Kecleon, M|\n|teampreview\n|inactive|Battle timer is ON: inactive players will automatically lose when time's up. (requested by Skeliton Lord)\n|\n|t:|1695835074\n|start\n|switch|p1a: Charizard|Charizard, M|100\/100\n|switch|p1b: Flutter Mane|Flutter Mane|100\/100\n|switch|p2a: Runerigus|Runerigus, M|100\/100\n|switch|p2b: Kecleon|Kecleon, M|100\/100\n|turn|1\n|\n|t:|1695835090\n|detailschange|p1a: Charizard|Charizard-Mega-Y, M\n|-mega|p1a: Charizard|Charizard|Charizardite Y\n|-weather|SunnyDay|[from] ability: Drought|[of] p1a: Charizard\n|-activate|p1b: Flutter Mane|ability: Protosynthesis\n|-start|p1b: Flutter Mane|protosynthesisspe\n|move|p1a: Charizard|Protect|p1a: Charizard\n|-singleturn|p1a: Charizard|Protect\n|move|p2b: Kecleon|Shadow Sneak|p2a: Runerigus\n|-start|p2b: Kecleon|typechange|Ghost|[from] ability: Protean\n|-supereffective|p2a: Runerigus\n|-damage|p2a: Runerigus|84\/100\n|-activate|p2a: Runerigus|Skill Swap|||[of] p2b: Kecleon\n|-enditem|p2a: Runerigus|Weakness Policy\n|-boost|p2a: Runerigus|atk|2|[from] item: Weakness Policy\n|-boost|p2a: Runerigus|spa|2|[from] item: Weakness Policy\n|move|p1b: Flutter Mane|Shadow Ball|p2a: Runerigus\n|-supereffective|p2a: Runerigus\n|-damage|p2a: Runerigus|0 fnt\n|faint|p2a: Runerigus\n|\n|-weather|SunnyDay|[upkeep]\n|upkeep\n|turn|2\n|-message|Dalender forfeited.\n|\n|win|Skeliton Lord\n|raw|Skeliton Lord's rating: 1052 &rarr; <strong>1079<\/strong><br \/>(+27 for winning)\n|raw|Dalender's rating: 1000 &rarr; <strong>1000<\/strong><br \/>(+0 for losing)\n|l|\u2606Dalender\n","uploadtime":1695835111,"views":8,"p1id":"skelitonlord","p2id":"dalender","formatid":"gen9nationaldexdoubles","rating":1000,"private":0,"password":""}