{"id":"gen9nationaldexdoubles-1998745718","p1":"Levelup_yaman","p2":"6chaos9","format":"[Gen 9] National Dex Doubles","log":"|j|\u2606Levelup_yaman\n|j|\u26066chaos9\n|t:|1700982213\n|gametype|doubles\n|player|p1|Levelup_yaman|picnicker|1065\n|player|p2|6chaos9|169|1061\n|teamsize|p1|6\n|teamsize|p2|3\n|gen|9\n|tier|[Gen 9] National Dex Doubles\n|rated|\n|rule|HP Percentage Mod: HP is shown in percentages\n|rule|Endless Battle Clause: Forcing endless battles is banned\n|rule|OHKO Clause: OHKO moves are banned\n|rule|Evasion Moves Clause: Evasion moves are banned\n|rule|Evasion Abilities Clause: Evasion abilities are banned\n|rule|Species Clause: Limit one of each Pok\u00e9mon\n|rule|Gravity Sleep Clause: The combination of sleep-inducing moves with imperfect accuracy and Gravity or Gigantamax Orbeetle are banned\n|clearpoke\n|poke|p1|Pawmot, F|\n|poke|p1|Baxcalibur, F|\n|poke|p1|Skeledirge, M|\n|poke|p1|Arboliva, M|\n|poke|p1|Garganacl, M|\n|poke|p1|Kingambit, M|\n|poke|p2|Slaking, M|\n|poke|p2|Sableye, F|\n|poke|p2|Zoroark-Hisui, M|\n|teampreview\n|inactive|Battle timer is ON: inactive players will automatically lose when time's up. (requested by Levelup_yaman)\n|\n|t:|1700982237\n|start\n|switch|p1a: Skeledirge|Skeledirge, M|100\/100\n|switch|p1b: Pawmot|Pawmot, F|100\/100\n|switch|p2a: Slaking|Slaking, M|100\/100\n|switch|p2b: Sableye|Sableye, F|100\/100\n|turn|1\n|\n|t:|1700982257\n|-terastallize|p1b: Pawmot|Fairy\n|move|p2b: Sableye|Skill Swap|p2a: Slaking\n|-activate|p2b: Sableye|move: Skill Swap|||[of] p2a: Slaking\n|move|p2a: Slaking|Focus Energy|p2a: Slaking\n|-start|p2a: Slaking|move: Focus Energy\n|move|p1a: Skeledirge|Torch Song|p2a: Slaking\n|-damage|p2a: Slaking|73\/100\n|-boost|p1a: Skeledirge|spa|1\n|move|p1b: Pawmot|Play Rough|p2b: Sableye\n|-supereffective|p2b: Sableye\n|-damage|p2b: Sableye|0 fnt\n|faint|p2b: Sableye\n|\n|-heal|p2a: Slaking|79\/100|[from] item: Leftovers\n|upkeep\n|\n|t:|1700982268\n|switch|p2b: Zoroark|Zoroark-Hisui, M|100\/100\n|turn|2\n|\n|t:|1700982285\n|move|p2a: Slaking|Sucker Punch|p1a: Skeledirge\n|-supereffective|p1a: Skeledirge\n|-crit|p1a: Skeledirge\n|-damage|p1a: Skeledirge|16\/100\n|move|p1a: Skeledirge|Torch Song|p2a: Slaking\n|-damage|p2a: Slaking|40\/100\n|-boost|p1a: Skeledirge|spa|1\n|move|p1b: Pawmot|Close Combat|p2a: Slaking\n|-supereffective|p2a: Slaking\n|-damage|p2a: Slaking|0 fnt\n|-unboost|p1b: Pawmot|def|1\n|-unboost|p1b: Pawmot|spd|1\n|faint|p2a: Slaking\n|move|p2b: Zoroark|Bitter Malice|p1b: Pawmot\n|-damage|p1b: Pawmot|0 fnt\n|faint|p1b: Pawmot\n|\n|upkeep\n|\n|t:|1700982296\n|switch|p1b: Kingambit|Kingambit, M|100\/100\n|turn|3\n|\n|t:|1700982301\n|move|p1b: Kingambit|Sucker Punch|p2b: Zoroark\n|-supereffective|p2b: Zoroark\n|-damage|p2b: Zoroark|0 fnt\n|faint|p2b: Zoroark\n|\n|win|Levelup_yaman\n|raw|Levelup_yaman's rating: 1065 &rarr; <strong>1095<\/strong><br \/>(+30 for winning)\n|raw|6chaos9's rating: 1061 &rarr; <strong>1042<\/strong><br \/>(-19 for losing)\n|l|\u26066chaos9\n","uploadtime":1700982309,"views":6,"p1id":"levelupyaman","p2id":"6chaos9","formatid":"gen9nationaldexdoubles","rating":1042,"private":0,"password":""}