{"id":"gen9nationaldexdoubles-1990758036","p1":"El Ryuk456","p2":"jayc2022","format":"[Gen 9] National Dex Doubles","log":"|j|\u2606El Ryuk456\n|j|\u2606jayc2022\n|t:|1699998043\n|gametype|doubles\n|player|p1|El Ryuk456|ingo|1364\n|player|p2|jayc2022|170|1136\n|teamsize|p1|6\n|teamsize|p2|6\n|gen|9\n|tier|[Gen 9] National Dex Doubles\n|rated|\n|rule|HP Percentage Mod: HP is shown in percentages\n|rule|Endless Battle Clause: Forcing endless battles is banned\n|rule|OHKO Clause: OHKO moves are banned\n|rule|Evasion Moves Clause: Evasion moves are banned\n|rule|Evasion Abilities Clause: Evasion abilities are banned\n|rule|Species Clause: Limit one of each Pok\u00e9mon\n|rule|Gravity Sleep Clause: The combination of sleep-inducing moves with imperfect accuracy and Gravity or Gigantamax Orbeetle are banned\n|clearpoke\n|poke|p1|Tsareena, F|\n|poke|p1|Talonflame, M|\n|poke|p1|Lapras, F|\n|poke|p1|Eldegoss, F|\n|poke|p1|Cinderace, F|\n|poke|p1|Goodra, M|\n|poke|p2|Lunatone|\n|poke|p2|Solrock|\n|poke|p2|Snorlax, F|\n|poke|p2|Slowbro-Galar, F|\n|poke|p2|Dudunsparce-*, M|\n|poke|p2|Weezing, F|\n|teampreview\n|inactive|Battle timer is ON: inactive players will automatically lose when time's up. (requested by El Ryuk456)\n|\n|t:|1699998070\n|start\n|switch|p1a: Beyonce|Tsareena, F|100\/100\n|switch|p1b: Gale|Talonflame, M|100\/100\n|switch|p2a: Lunatone|Lunatone|100\/100\n|switch|p2b: Snorlax|Snorlax, F|100\/100\n|turn|1\n|\n|t:|1699998085\n|move|p1b: Gale|Will-O-Wisp|p2b: Snorlax\n|-status|p2b: Snorlax|brn\n|move|p1a: Beyonce|Taunt|p2a: Lunatone\n|-start|p2a: Lunatone|move: Taunt\n|move|p2b: Snorlax|Belly Drum|p2b: Snorlax\n|-damage|p2b: Snorlax|50\/100 brn\n|-setboost|p2b: Snorlax|atk|6|[from] move: Belly Drum\n|-enditem|p2b: Snorlax|Sitrus Berry|[eat]\n|-heal|p2b: Snorlax|75\/100 brn|[from] item: Sitrus Berry\n|cant|p2a: Lunatone|move: Taunt|Trick Room\n|\n|-damage|p2b: Snorlax|69\/100 brn|[from] brn\n|upkeep\n|turn|2\n|inactive|jayc2022 has 120 seconds left.\n|\n|t:|1699998116\n|switch|p1b: Eldegoss|Eldegoss, F|100\/100\n|move|p1a: Beyonce|Trop Kick|p2b: Snorlax\n|-damage|p2b: Snorlax|37\/100 brn\n|-unboost|p2b: Snorlax|atk|1\n|move|p2a: Lunatone|Meteor Beam||[still]\n|-prepare|p2a: Lunatone|Meteor Beam\n|-boost|p2a: Lunatone|spa|1\n|-enditem|p2a: Lunatone|Power Herb\n|-anim|p2a: Lunatone|Meteor Beam|p1b: Eldegoss\n|-damage|p1b: Eldegoss|28\/100\n|-ability|p1b: Eldegoss|Cotton Down\n|-unboost|p1a: Beyonce|spe|1\n|-unboost|p2a: Lunatone|spe|1\n|-unboost|p2b: Snorlax|spe|1\n|move|p2b: Snorlax|Body Slam|p1a: Beyonce\n|-damage|p1a: Beyonce|27\/100\n|-enditem|p1a: Beyonce|Sitrus Berry|[eat]\n|-heal|p1a: Beyonce|51\/100|[from] item: Sitrus Berry\n|\n|-damage|p2b: Snorlax|31\/100 brn|[from] brn\n|upkeep\n|turn|3\n|\n|t:|1699998144\n|move|p1b: Eldegoss|Giga Drain|p2a: Lunatone\n|-supereffective|p2a: Lunatone\n|-damage|p2a: Lunatone|58\/100\n|-heal|p1b: Eldegoss|54\/100|[from] drain|[of] p2a: Lunatone\n|move|p1a: Beyonce|Low Sweep|p2b: Snorlax\n|-supereffective|p2b: Snorlax\n|-damage|p2b: Snorlax|0 fnt\n|faint|p2b: Snorlax\n|move|p2a: Lunatone|Psychic|p1a: Beyonce\n|-damage|p1a: Beyonce|0 fnt\n|faint|p1a: Beyonce\n|\n|-end|p2a: Lunatone|move: Taunt\n|upkeep\n|inactive|jayc2022 has 120 seconds left.\n|\n|t:|1699998181\n|switch|p1a: Goodra|Goodra, M|100\/100\n|switch|p2b: Solrock|Solrock|100\/100\n|turn|4\n|\n|t:|1699998194\n|-terastallize|p1a: Goodra|Water\n|move|p1a: Goodra|Muddy Water|p2a: Lunatone|[spread] p2a,p2b\n|-supereffective|p2a: Lunatone\n|-supereffective|p2b: Solrock\n|-damage|p2a: Lunatone|0 fnt\n|-damage|p2b: Solrock|27\/100\n|faint|p2a: Lunatone\n|move|p1b: Eldegoss|Giga Drain|p2b: Solrock\n|-supereffective|p2b: Solrock\n|-damage|p2b: Solrock|0 fnt\n|-heal|p1b: Eldegoss|69\/100|[from] drain|[of] p2b: Solrock\n|faint|p2b: Solrock\n|\n|upkeep\n|-message|jayc2022 forfeited.\n|\n|win|El Ryuk456\n|raw|El Ryuk456's rating: 1364 &rarr; <strong>1372<\/strong><br \/>(+8 for winning)\n|raw|jayc2022's rating: 1136 &rarr; <strong>1125<\/strong><br \/>(-11 for losing)\n|l|\u2606jayc2022\n","uploadtime":1699998209,"views":9,"p1id":"elryuk456","p2id":"jayc2022","formatid":"gen9nationaldexdoubles","rating":1125,"private":0,"password":""}