{"id":"gen9nationaldexdoubles-1960681419","p1":"zeref203","p2":"LavaShowdown4","format":"[Gen 9] National Dex Doubles","log":"|j|\u2606zeref203\n|j|\u2606LavaShowdown4\n|t:|1696545457\n|gametype|doubles\n|player|p1|zeref203|1|1159\n|player|p2|LavaShowdown4|102|1119\n|teamsize|p1|6\n|teamsize|p2|6\n|gen|9\n|tier|[Gen 9] National Dex Doubles\n|rated|\n|rule|HP Percentage Mod: HP is shown in percentages\n|rule|Endless Battle Clause: Forcing endless battles is banned\n|rule|OHKO Clause: OHKO moves are banned\n|rule|Evasion Moves Clause: Evasion moves are banned\n|rule|Evasion Abilities Clause: Evasion abilities are banned\n|rule|Species Clause: Limit one of each Pok\u00e9mon\n|rule|Gravity Sleep Clause: The combination of sleep-inducing moves with imperfect accuracy and Gravity or Gigantamax Orbeetle are banned\n|clearpoke\n|poke|p1|Great Tusk|\n|poke|p1|Ninetales, F|\n|poke|p1|Sableye, F|\n|poke|p1|Feraligatr, M|\n|poke|p1|Salamence, F|\n|poke|p1|Flutter Mane|\n|poke|p2|Gardevoir, F|\n|poke|p2|Lopunny, F|\n|poke|p2|Volcarona, M|\n|poke|p2|Zoroark-Hisui, F|\n|poke|p2|Primarina, F|\n|poke|p2|Garchomp, M|\n|teampreview\n|inactive|Battle timer is ON: inactive players will automatically lose when time's up. (requested by zeref203)\n|\n|t:|1696545464\n|start\n|switch|p1a: Ninetales|Ninetales, F|100\/100\n|switch|p1b: Flutter Mane|Flutter Mane|100\/100\n|switch|p2a: Gardevoir|Gardevoir, F|100\/100\n|switch|p2b: Lopunny|Lopunny, F|100\/100\n|-weather|SunnyDay|[from] ability: Drought|[of] p1a: Ninetales\n|-activate|p1b: Flutter Mane|ability: Protosynthesis\n|-start|p1b: Flutter Mane|protosynthesisspe\n|turn|1\n|\n|t:|1696545481\n|move|p1b: Flutter Mane|Dazzling Gleam|p2a: Gardevoir|[spread] p2a,p2b\n|-damage|p2a: Gardevoir|59\/100\n|-damage|p2b: Lopunny|40\/100\n|move|p1a: Ninetales|Heat Wave|p2b: Lopunny|[spread] p2a,p2b\n|-damage|p2a: Gardevoir|19\/100\n|-damage|p2b: Lopunny|0 fnt\n|faint|p2b: Lopunny\n|move|p2a: Gardevoir|Aura Sphere|p1b: Flutter Mane\n|-immune|p1b: Flutter Mane\n|\n|-weather|SunnyDay|[upkeep]\n|upkeep\n|\n|t:|1696545492\n|switch|p2b: Primarina|Primarina, F|100\/100\n|turn|2\n|\n|t:|1696545501\n|switch|p2a: Garchomp|Garchomp, M|100\/100\n|move|p1b: Flutter Mane|Dazzling Gleam|p2a: Garchomp|[spread] p2a,p2b\n|-damage|p2a: Garchomp|3\/100\n|-damage|p2b: Primarina|63\/100\n|replace|p2a: Zoroark|Zoroark-Hisui, F\n|-end|p2a: Zoroark|Illusion\n|move|p1a: Ninetales|Solar Beam||[still]\n|-prepare|p1a: Ninetales|Solar Beam\n|-anim|p1a: Ninetales|Solar Beam|p2b: Primarina\n|-supereffective|p2b: Primarina\n|-damage|p2b: Primarina|11\/100\n|move|p2b: Primarina|Surf|p1a: Ninetales|[spread] p2a,p1a,p1b\n|-supereffective|p1a: Ninetales\n|-crit|p1a: Ninetales\n|-damage|p2a: Zoroark|0 fnt\n|-damage|p1a: Ninetales|15\/100\n|-damage|p1b: Flutter Mane|76\/100\n|faint|p2a: Zoroark\n|\n|-weather|SunnyDay|[upkeep]\n|upkeep\n|\n|t:|1696545519\n|switch|p2a: Volcarona|Volcarona, M|100\/100\n|turn|3\n|\n|t:|1696545535\n|move|p1b: Flutter Mane|Dazzling Gleam|p2a: Volcarona|[spread] p2a,p2b\n|-resisted|p2a: Volcarona\n|-damage|p2a: Volcarona|77\/100\n|-damage|p2b: Primarina|0 fnt\n|faint|p2b: Primarina\n|move|p1a: Ninetales|Dark Pulse|p2a: Volcarona\n|-crit|p2a: Volcarona\n|-damage|p2a: Volcarona|48\/100\n|move|p2a: Volcarona|Bug Buzz|p1b: Flutter Mane\n|-resisted|p1b: Flutter Mane\n|-damage|p1b: Flutter Mane|64\/100\n|\n|-weather|SunnyDay|[upkeep]\n|upkeep\n|\n|t:|1696545546\n|switch|p2b: Garchomp|Garchomp, M|100\/100\n|turn|4\n|\n|t:|1696545559\n|move|p1b: Flutter Mane|Dazzling Gleam|p2a: Volcarona|[spread] p2a,p2b\n|-resisted|p2a: Volcarona\n|-supereffective|p2b: Garchomp\n|-damage|p2a: Volcarona|27\/100\n|-damage|p2b: Garchomp|0 fnt\n|faint|p2b: Garchomp\n|move|p1a: Ninetales|Heat Wave|p2a: Volcarona\n|-damage|p2a: Volcarona|0 fnt\n|faint|p2a: Volcarona\n|\n|-weather|SunnyDay|[upkeep]\n|upkeep\n|-message|LavaShowdown4 forfeited.\n|\n|win|zeref203\n|raw|zeref203's rating: 1159 &rarr; <strong>1181<\/strong><br \/>(+22 for winning)\n|raw|LavaShowdown4's rating: 1119 &rarr; <strong>1097<\/strong><br \/>(-22 for losing)\n|l|\u2606LavaShowdown4\n","uploadtime":1696545585,"views":9,"p1id":"zeref203","p2id":"lavashowdown4","formatid":"gen9nationaldexdoubles","rating":1097,"private":0,"password":""}