{"id":"gen9nationaldexdoubles-1995759836","p1":"Never_Loved333","p2":"jokingdraco","format":"[Gen 9] National Dex Doubles","log":"|j|\u2606Never_Loved333\n|j|\u2606jokingdraco\n|t:|1700600538\n|gametype|doubles\n|player|p1|Never_Loved333|169|1023\n|player|p2|jokingdraco|harlequin|1113\n|teamsize|p1|6\n|teamsize|p2|6\n|gen|9\n|tier|[Gen 9] National Dex Doubles\n|rated|\n|rule|HP Percentage Mod: HP is shown in percentages\n|rule|Endless Battle Clause: Forcing endless battles is banned\n|rule|OHKO Clause: OHKO moves are banned\n|rule|Evasion Moves Clause: Evasion moves are banned\n|rule|Evasion Abilities Clause: Evasion abilities are banned\n|rule|Species Clause: Limit one of each Pok\u00e9mon\n|rule|Gravity Sleep Clause: The combination of sleep-inducing moves with imperfect accuracy and Gravity or Gigantamax Orbeetle are banned\n|clearpoke\n|poke|p1|Wo-Chien|\n|poke|p1|Muk-Alola, F|\n|poke|p1|Manaphy|\n|poke|p1|Greninja-*, M|\n|poke|p1|Gengar, M|\n|poke|p1|Gothitelle, F|\n|poke|p2|Whimsicott, M|\n|poke|p2|Lucario, F|\n|poke|p2|Dracovish|\n|poke|p2|Dragapult, M|\n|poke|p2|Shiftry, F|\n|poke|p2|Dracozolt|\n|teampreview\n|\n|t:|1700600550\n|start\n|switch|p1a: Wo-Chien|Wo-Chien|100\/100\n|switch|p1b: Muk|Muk-Alola, F|100\/100\n|switch|p2a: Whimsicott|Whimsicott, M, shiny|100\/100\n|switch|p2b: Lucario|Lucario, F, shiny|100\/100\n|-ability|p1a: Wo-Chien|Tablets of Ruin\n|turn|1\n|\n|t:|1700600578\n|-terastallize|p1a: Wo-Chien|Poison\n|move|p2a: Whimsicott|Beat Up|p2b: Lucario\n|-resisted|p2b: Lucario\n|-damage|p2b: Lucario|99\/100\n|-ability|p2b: Lucario|Justified|boost\n|-boost|p2b: Lucario|atk|1\n|-resisted|p2b: Lucario\n|-damage|p2b: Lucario|98\/100\n|-ability|p2b: Lucario|Justified|boost\n|-boost|p2b: Lucario|atk|1\n|-resisted|p2b: Lucario\n|-damage|p2b: Lucario|97\/100\n|-ability|p2b: Lucario|Justified|boost\n|-boost|p2b: Lucario|atk|1\n|-resisted|p2b: Lucario\n|-damage|p2b: Lucario|96\/100\n|-ability|p2b: Lucario|Justified|boost\n|-boost|p2b: Lucario|atk|1\n|-resisted|p2b: Lucario\n|-damage|p2b: Lucario|94\/100\n|-ability|p2b: Lucario|Justified|boost\n|-boost|p2b: Lucario|atk|1\n|-resisted|p2b: Lucario\n|-damage|p2b: Lucario|93\/100\n|-ability|p2b: Lucario|Justified|boost\n|-boost|p2b: Lucario|atk|1\n|-hitcount|p2b: Lucario|6\n|move|p2b: Lucario|Close Combat|p1b: Muk\n|-damage|p1b: Muk|0 fnt\n|-unboost|p2b: Lucario|def|1\n|-unboost|p2b: Lucario|spd|1\n|faint|p1b: Muk\n|move|p1a: Wo-Chien|Grassy Terrain|p1a: Wo-Chien\n|-fieldstart|move: Grassy Terrain\n|\n|-heal|p2b: Lucario|99\/100|[from] Grassy Terrain\n|upkeep\n|\n|t:|1700600606\n|switch|p1b: Gengar|Gengar, M, shiny|100\/100\n|turn|2\n|\n|t:|1700600629\n|move|p2a: Whimsicott|Tailwind|p2a: Whimsicott\n|-sidestart|p2: jokingdraco|move: Tailwind\n|move|p2b: Lucario|Meteor Mash|p1b: Gengar\n|-damage|p1b: Gengar|0 fnt\n|faint|p1b: Gengar\n|move|p1a: Wo-Chien|Leech Seed|p2a: Whimsicott\n|-immune|p2a: Whimsicott\n|\n|-heal|p2b: Lucario|100\/100|[from] Grassy Terrain\n|upkeep\n|\n|t:|1700600642\n|switch|p1b: Gothitelle|Gothitelle, F, shiny|100\/100\n|turn|3\n|\n|t:|1700600681\n|move|p1b: Gothitelle|Ally Switch|p1b: Gothitelle\n|swap|p1b: Gothitelle|0|[from] move: Ally Switch\n|move|p2a: Whimsicott|Switcheroo|p1b: Wo-Chien\n|-activate|p2a: Whimsicott|move: Trick|[of] p1b: Wo-Chien\n|-item|p1b: Wo-Chien|Eject Button|[from] move: Switcheroo\n|-item|p2a: Whimsicott|Leftovers|[from] move: Switcheroo\n|move|p2b: Lucario|Bullet Punch|p1b: Wo-Chien\n|-damage|p1b: Wo-Chien|65\/100\n|-enditem|p1b: Wo-Chien|Eject Button\n|-message|Never_Loved333 forfeited.\n|\n|win|jokingdraco\n|raw|Never_Loved333's rating: 1023 &rarr; <strong>1013<\/strong><br \/>(-10 for losing)\n|raw|jokingdraco's rating: 1113 &rarr; <strong>1132<\/strong><br \/>(+19 for winning)\n|l|\u2606Never_Loved333\n","uploadtime":1700600718,"views":0,"p1id":"neverloved333","p2id":"jokingdraco","formatid":"gen9nationaldexdoubles","rating":1013,"private":0,"password":""}