{"id":"gen9nationaldexdoubles-1967297344","p1":"DarkThive","p2":"thabeetle","format":"[Gen 9] National Dex Doubles","log":"|j|\u2606DarkThive\n|j|\u2606thabeetle\n|t:|1697286362\n|gametype|doubles\n|player|p1|DarkThive|harlequin|\n|player|p2|thabeetle|hiker-gen4|\n|teamsize|p1|6\n|teamsize|p2|6\n|gen|9\n|tier|[Gen 9] National Dex Doubles\n|rule|HP Percentage Mod: HP is shown in percentages\n|rule|Endless Battle Clause: Forcing endless battles is banned\n|rule|OHKO Clause: OHKO moves are banned\n|rule|Evasion Moves Clause: Evasion moves are banned\n|rule|Evasion Abilities Clause: Evasion abilities are banned\n|rule|Species Clause: Limit one of each Pok\u00e9mon\n|rule|Gravity Sleep Clause: The combination of sleep-inducing moves with imperfect accuracy and Gravity or Gigantamax Orbeetle are banned\n|clearpoke\n|poke|p1|Regigigas|\n|poke|p1|Gallade, M|\n|poke|p1|Salazzle, F|\n|poke|p1|Zapdos|\n|poke|p1|Latias, F|\n|poke|p1|Latios, M|\n|poke|p2|Gyarados, M|\n|poke|p2|Pincurchin, M|\n|poke|p2|Corviknight, F|\n|poke|p2|Gabite, F|\n|poke|p2|Zoroark-Hisui, F|\n|poke|p2|Gallade, M|\n|teampreview\n|j| uplburning\n|c|\u2606DarkThive|No\n|c|\u2606DarkThive|I forgot my strat for this team\n|inactive|Battle timer is ON: inactive players will automatically lose when time's up. (requested by thabeetle)\n|\n|t:|1697286414\n|start\n|switch|p1a: Onion|Gallade, M|100\/100\n|switch|p1b: poisonous milk|Salazzle, F|100\/100\n|switch|p2a: Gabite|Gabite, F|100\/100\n|switch|p2b: Pincurchin|Pincurchin, M|100\/100\n|-fieldstart|move: Electric Terrain|[from] ability: Electric Surge|[of] p2b: Pincurchin\n|turn|1\n|c|\u2606DarkThive|wait shit\n|c|\u2606DarkThive|redo\n|-message|DarkThive forfeited.\n|\n|win|thabeetle\n|l|\u2606DarkThive\n","uploadtime":1697286445,"views":9,"p1id":"darkthive","p2id":"thabeetle","formatid":"gen9nationaldexdoubles","rating":0,"private":0,"password":""}