{"id":"gen9nationaldexdoubles-1971467899","p1":"Tdoshd","p2":"Blonking","format":"[Gen 9] National Dex Doubles","log":"|j|\u2606Tdoshd\n|j|\u2606Blonking\n|t:|1697740828\n|gametype|doubles\n|player|p1|Tdoshd|rosa|1127\n|player|p2|Blonking|265|1166\n|teamsize|p1|6\n|teamsize|p2|6\n|gen|9\n|tier|[Gen 9] National Dex Doubles\n|rated|\n|rule|HP Percentage Mod: HP is shown in percentages\n|rule|Endless Battle Clause: Forcing endless battles is banned\n|rule|OHKO Clause: OHKO moves are banned\n|rule|Evasion Moves Clause: Evasion moves are banned\n|rule|Evasion Abilities Clause: Evasion abilities are banned\n|rule|Species Clause: Limit one of each Pok\u00e9mon\n|rule|Gravity Sleep Clause: The combination of sleep-inducing moves with imperfect accuracy and Gravity or Gigantamax Orbeetle are banned\n|clearpoke\n|poke|p1|Regigigas|\n|poke|p1|Weezing-Galar, M|\n|poke|p1|Flutter Mane|\n|poke|p1|Rillaboom, F|\n|poke|p1|Landorus-Therian, M|\n|poke|p1|Kingambit, M|\n|poke|p2|Gardevoir, F|\n|poke|p2|Indeedee-F, F|\n|poke|p2|Dudunsparce-*, M|\n|poke|p2|Maushold|\n|poke|p2|Typhlosion-Hisui, F|\n|poke|p2|Iron Bundle|\n|teampreview\n|inactive|Battle timer is ON: inactive players will automatically lose when time's up. (requested by Blonking)\n|\n|t:|1697740847\n|start\n|switch|p1a: Weezing|Weezing-Galar, M|100\/100\n|switch|p1b: Regigigas|Regigigas|100\/100\n|switch|p2a: Maushold|Maushold|100\/100\n|switch|p2b: Best Pok\u00e9mon|Dudunsparce, M|100\/100\n|-ability|p1a: Weezing|Neutralizing Gas\n|turn|1\n|\n|t:|1697740861\n|switch|p2a: Typhlosion|Typhlosion-Hisui, F|100\/100\n|switch|p2b: Iron Bundle|Iron Bundle|100\/100\n|move|p1b: Regigigas|Return|p2a: Typhlosion\n|-immune|p2a: Typhlosion\n|move|p1a: Weezing|Will-O-Wisp|p2b: Iron Bundle\n|-status|p2b: Iron Bundle|brn\n|\n|-damage|p2b: Iron Bundle|95\/100 brn|[from] brn\n|upkeep\n|turn|2\n|\n|t:|1697740875\n|move|p1b: Regigigas|Protect|p1b: Regigigas\n|-singleturn|p1b: Regigigas|Protect\n|move|p1a: Weezing|Protect|p1a: Weezing\n|-singleturn|p1a: Weezing|Protect\n|move|p2b: Iron Bundle|Fling|p2a: Typhlosion\n|-supereffective|p2a: Typhlosion\n|-damage|p2a: Typhlosion|97\/100\n|-boost|p2a: Typhlosion|spe|1|[from] item: Salac Berry\n|-enditem|p2a: Typhlosion|Weakness Policy\n|-boost|p2a: Typhlosion|atk|2|[from] item: Weakness Policy\n|-boost|p2a: Typhlosion|spa|2|[from] item: Weakness Policy\n|-enditem|p2b: Iron Bundle|Salac Berry|[from] move: Fling\n|move|p2a: Typhlosion|Eruption|p1a: Weezing|[spread] \n|-activate|p1a: Weezing|move: Protect\n|-activate|p1b: Regigigas|move: Protect\n|\n|-damage|p2b: Iron Bundle|89\/100 brn|[from] brn\n|upkeep\n|turn|3\n|\n|t:|1697740898\n|move|p2a: Typhlosion|Eruption|p1a: Weezing|[spread] p1a,p1b\n|-damage|p1a: Weezing|0 fnt\n|-damage|p1b: Regigigas|10\/100\n|faint|p1a: Weezing\n|-end|p1a: Weezing|ability: Neutralizing Gas\n|-start|p1b: Regigigas|ability: Slow Start\n|move|p2b: Iron Bundle|Freeze-Dry|p1b: Regigigas\n|-damage|p1b: Regigigas|0 fnt\n|faint|p1b: Regigigas\n|-end|p1b: Regigigas|Slow Start|[silent]\n|\n|-damage|p2b: Iron Bundle|83\/100 brn|[from] brn\n|upkeep\n|c|\u2606Blonking|Return deez nuts\n|inactive|Tdoshd has 120 seconds left.\n|\n|t:|1697740913\n|switch|p1b: Landorus|Landorus-Therian, M|100\/100\n|switch|p1a: Kingambit|Kingambit, M|100\/100\n|-ability|p1b: Landorus|Intimidate|boost\n|-unboost|p2a: Typhlosion|atk|1\n|-unboost|p2b: Iron Bundle|atk|1\n|turn|4\n|\n|t:|1697740924\n|-end|p2b: Iron Bundle|Quark Drive|[silent]\n|switch|p2b: HELP!|Indeedee-F, F|100\/100\n|-fieldstart|move: Psychic Terrain|[from] ability: Psychic Surge|[of] p2b: HELP!\n|move|p1a: Kingambit|Sucker Punch|p2a: Typhlosion\n|-activate|p2a: Typhlosion|move: Psychic Terrain\n|move|p2a: Typhlosion|Eruption|p1b: Landorus|[spread] p1a,p1b\n|-supereffective|p1a: Kingambit\n|-damage|p1a: Kingambit|0 fnt\n|-damage|p1b: Landorus|0 fnt\n|faint|p1a: Kingambit\n|faint|p1b: Landorus\n|\n|upkeep\n|-message|Tdoshd forfeited.\n|\n|win|Blonking\n|raw|Tdoshd's rating: 1127 &rarr; <strong>1105<\/strong><br \/>(-22 for losing)\n|raw|Blonking's rating: 1166 &rarr; <strong>1188<\/strong><br \/>(+22 for winning)\n|l|\u2606Tdoshd\n","uploadtime":1697740939,"views":10,"p1id":"tdoshd","p2id":"blonking","formatid":"gen9nationaldexdoubles","rating":1105,"private":0,"password":""}