{"id":"gen9nationaldexdoubles-1997789694","p1":"glimmeraqua","p2":"glimmeranemo","format":"[Gen 9] National Dex Doubles","log":"|j|\u2606glimmeraqua\n|j|\u2606glimmeranemo\n|t:|1700852910\n|gametype|doubles\n|player|p1|glimmeraqua|caitlin|\n|player|p2|glimmeranemo|iris-gen5bw2|\n|teamsize|p1|2\n|teamsize|p2|2\n|gen|9\n|tier|[Gen 9] National Dex Doubles\n|rule|HP Percentage Mod: HP is shown in percentages\n|rule|Endless Battle Clause: Forcing endless battles is banned\n|rule|OHKO Clause: OHKO moves are banned\n|rule|Evasion Moves Clause: Evasion moves are banned\n|rule|Evasion Abilities Clause: Evasion abilities are banned\n|rule|Species Clause: Limit one of each Pok\u00e9mon\n|rule|Gravity Sleep Clause: The combination of sleep-inducing moves with imperfect accuracy and Gravity or Gigantamax Orbeetle are banned\n|clearpoke\n|poke|p1|Gardevoir, M|\n|poke|p1|Amoonguss, F|\n|poke|p2|Iron Hands|\n|poke|p2|Amoonguss, M|\n|teampreview\n|inactive|Battle timer is ON: inactive players will automatically lose when time's up. (requested by glimmeraqua)\n|\n|t:|1700852915\n|start\n|switch|p1a: Glimmer|Gardevoir, M|100\/100\n|switch|p1b: Canon fodder|Amoonguss, F|100\/100\n|switch|p2a: The Law|Iron Hands|100\/100\n|switch|p2b: Canon fodder|Amoonguss, M|100\/100\n|-ability|p1a: Glimmer|Effect Spore|[from] ability: Trace|[of] p2b: Canon fodder\n|turn|1\n|\n|t:|1700852933\n|detailschange|p1a: Glimmer|Gardevoir-Mega, M\n|-mega|p1a: Glimmer|Gardevoir|Gardevoirite\n|move|p1a: Glimmer|Hyper Beam|p2a: The Law\n|-supereffective|p2a: The Law\n|-damage|p2a: The Law|0 fnt\n|-mustrecharge|p1a: Glimmer\n|faint|p2a: The Law\n|-end|p2a: The Law|Quark Drive|[silent]\n|move|p2b: Canon fodder|Body Slam|p2: The Law|[notarget]\n|-fail|p2b: Canon fodder\n|move|p1b: Canon fodder|Body Slam|p2b: Canon fodder\n|-damage|p2b: Canon fodder|73\/100\n|\n|upkeep\n|turn|2\n|\n|t:|1700852952\n|cant|p1a: Glimmer|recharge\n|move|p2b: Canon fodder|Facade|p1b: Canon fodder\n|-damage|p1b: Canon fodder|79\/100\n|move|p1b: Canon fodder|Body Slam|p2b: Canon fodder\n|-damage|p2b: Canon fodder|46\/100\n|\n|upkeep\n|turn|3\n|\n|t:|1700852963\n|move|p1a: Glimmer|Hyper Beam|p2b: Canon fodder\n|-resisted|p2b: Canon fodder\n|-damage|p2b: Canon fodder|0 fnt\n|-mustrecharge|p1a: Glimmer\n|faint|p2b: Canon fodder\n|\n|win|glimmeraqua\n","uploadtime":1700852971,"views":42,"p1id":"glimmeraqua","p2id":"glimmeranemo","formatid":"gen9nationaldexdoubles","rating":0,"private":0,"password":""}