{"id":"gen9nationaldexdoubles-1997491920","p1":"SakuramajiMaya","p2":"Tournesun","format":"[Gen 9] National Dex Doubles","log":"|j|\u2606SakuramajiMaya\n|j|\u2606Tournesun\n|t:|1700814710\n|gametype|doubles\n|player|p1|SakuramajiMaya|266|1000\n|player|p2|Tournesun|workerice|1114\n|teamsize|p1|6\n|teamsize|p2|6\n|gen|9\n|tier|[Gen 9] National Dex Doubles\n|rated|\n|rule|HP Percentage Mod: HP is shown in percentages\n|rule|Endless Battle Clause: Forcing endless battles is banned\n|rule|OHKO Clause: OHKO moves are banned\n|rule|Evasion Moves Clause: Evasion moves are banned\n|rule|Evasion Abilities Clause: Evasion abilities are banned\n|rule|Species Clause: Limit one of each Pok\u00e9mon\n|rule|Gravity Sleep Clause: The combination of sleep-inducing moves with imperfect accuracy and Gravity or Gigantamax Orbeetle are banned\n|clearpoke\n|poke|p1|Torkoal, M|\n|poke|p1|Chi-Yu|\n|poke|p1|Flutter Mane|\n|poke|p1|Great Tusk|\n|poke|p1|Jumpluff, M|\n|poke|p1|Gyarados, F|\n|poke|p2|Plusle, F|\n|poke|p2|Minun, F|\n|poke|p2|Cinderace, M|\n|poke|p2|Diggersby, M|\n|poke|p2|Azumarill, F|\n|poke|p2|Lopunny, F|\n|teampreview\n|\n|t:|1700814718\n|start\n|switch|p1a: Jumpluff|Jumpluff, M|100\/100\n|switch|p1b: Torkoal|Torkoal, M|100\/100\n|switch|p2a: Plusle|Plusle, F|100\/100\n|switch|p2b: Minun|Minun, F|100\/100\n|-item|p2b: Minun|Air Balloon\n|-weather|SunnyDay|[from] ability: Drought|[of] p1b: Torkoal\n|turn|1\n|\n|t:|1700814739\n|-terastallize|p2a: Plusle|Flying\n|move|p1a: Jumpluff|Sleep Powder|p2a: Plusle\n|-status|p2a: Plusle|slp|[from] move: Sleep Powder\n|move|p2b: Minun|Substitute|p2b: Minun\n|-start|p2b: Minun|Substitute\n|-damage|p2b: Minun|76\/100\n|cant|p2a: Plusle|slp\n|move|p1b: Torkoal|Overheat|p2b: Minun\n|-end|p2b: Minun|Substitute\n|-enditem|p2b: Minun|Air Balloon\n|-unboost|p1b: Torkoal|spa|2\n|-enditem|p1b: Torkoal|Eject Pack\n|\n|t:|1700814755\n|switch|p1b: Great Tusk|Great Tusk|100\/100\n|-activate|p1b: Great Tusk|ability: Protosynthesis\n|-start|p1b: Great Tusk|protosynthesisatk\n|\n|-weather|SunnyDay|[upkeep]\n|upkeep\n|turn|2\n|\n|t:|1700814767\n|move|p1a: Jumpluff|Sleep Powder|p2b: Minun\n|-status|p2b: Minun|slp|[from] move: Sleep Powder\n|move|p1b: Great Tusk|Rock Slide|p2a: Plusle|[spread] p2b\n|-miss|p1b: Great Tusk|p2a: Plusle\n|-damage|p2b: Minun|17\/100 slp\n|cant|p2b: Minun|slp\n|cant|p2a: Plusle|slp\n|\n|-weather|SunnyDay|[upkeep]\n|upkeep\n|turn|3\n|\n|t:|1700814784\n|move|p1a: Jumpluff|Tailwind|p1a: Jumpluff\n|-sidestart|p1: SakuramajiMaya|move: Tailwind\n|move|p1b: Great Tusk|Rock Slide|p2a: Plusle|[spread] p2a,p2b\n|-supereffective|p2a: Plusle\n|-enditem|p2a: Plusle|Focus Sash\n|-damage|p2a: Plusle|1\/100 slp\n|-damage|p2b: Minun|0 fnt\n|faint|p2b: Minun\n|-curestatus|p2a: Plusle|slp|[msg]\n|move|p2a: Plusle|Echoed Voice|p1a: Jumpluff\n|-damage|p1a: Jumpluff|89\/100\n|\n|-weather|SunnyDay|[upkeep]\n|upkeep\n|-message|Tournesun forfeited.\n|\n|win|SakuramajiMaya\n|raw|SakuramajiMaya's rating: 1000 &rarr; <strong>1053<\/strong><br \/>(+53 for winning)\n|raw|Tournesun's rating: 1114 &rarr; <strong>1081<\/strong><br \/>(-33 for losing)\n|l|\u2606Tournesun\n","uploadtime":1700814811,"views":4,"p1id":"sakuramajimaya","p2id":"tournesun","formatid":"gen9nationaldexdoubles","rating":1053,"private":0,"password":""}