{"id":"gen9nationaldexdoubles-1977757210","p1":"Yami Tayori","p2":"SFDds sd","format":"[Gen 9] National Dex Doubles","log":"|j|\u2606Yami Tayori\n|j|\u2606SFDds sd\n|t:|1698446020\n|gametype|doubles\n|player|p1|Yami Tayori|1|1000\n|player|p2|SFDds sd|lucas|1045\n|teamsize|p1|6\n|teamsize|p2|6\n|gen|9\n|tier|[Gen 9] National Dex Doubles\n|rated|\n|rule|HP Percentage Mod: HP is shown in percentages\n|rule|Endless Battle Clause: Forcing endless battles is banned\n|rule|OHKO Clause: OHKO moves are banned\n|rule|Evasion Moves Clause: Evasion moves are banned\n|rule|Evasion Abilities Clause: Evasion abilities are banned\n|rule|Species Clause: Limit one of each Pok\u00e9mon\n|rule|Gravity Sleep Clause: The combination of sleep-inducing moves with imperfect accuracy and Gravity or Gigantamax Orbeetle are banned\n|clearpoke\n|poke|p1|Delphox, M|\n|poke|p1|Inteleon, M|\n|poke|p1|Luvdisc, F|\n|poke|p1|Chimecho, M|\n|poke|p1|Coalossal, M|\n|poke|p1|Avalugg-Hisui, F|\n|poke|p2|Indeedee-F, F|\n|poke|p2|Oranguru, F|\n|poke|p2|Glastrier|\n|poke|p2|Hoopa-Unbound|\n|poke|p2|Ursaluna, F|\n|poke|p2|Zygarde|\n|teampreview\n|inactive|Battle timer is ON: inactive players will automatically lose when time's up. (requested by SFDds sd)\n|\n|t:|1698446033\n|start\n|switch|p1a: Luvdisc|Luvdisc, F|100\/100\n|switch|p1b: Avalugg|Avalugg-Hisui, F|100\/100\n|switch|p2a: Hoopa|Hoopa-Unbound|100\/100\n|switch|p2b: Zygarde|Zygarde|100\/100\n|-ability|p2b: Zygarde|Aura Break\n|turn|1\n|\n|t:|1698446046\n|switch|p1b: Coalossal|Coalossal, M|100\/100\n|move|p1a: Luvdisc|Flip Turn|p1b: Coalossal\n|-supereffective|p1b: Coalossal\n|-damage|p1b: Coalossal|77\/100\n|-ability|p1b: Coalossal|Steam Engine|boost\n|-boost|p1b: Coalossal|spe|6\n|-enditem|p1b: Coalossal|Weakness Policy\n|-boost|p1b: Coalossal|atk|2|[from] item: Weakness Policy\n|-boost|p1b: Coalossal|spa|2|[from] item: Weakness Policy\n|\n|t:|1698446055\n|switch|p1a: Chimecho|Chimecho, M|100\/100|[from] Flip Turn\n|move|p2b: Zygarde|Coil|p2b: Zygarde\n|-boost|p2b: Zygarde|atk|1\n|-boost|p2b: Zygarde|def|1\n|-boost|p2b: Zygarde|accuracy|1\n|move|p2a: Hoopa|Trick Room|p2a: Hoopa\n|-fieldstart|move: Trick Room|[of] p2a: Hoopa\n|-enditem|p2b: Zygarde|Room Service\n|-unboost|p2b: Zygarde|spe|1|[from] item: Room Service\n|-enditem|p2a: Hoopa|Room Service\n|-unboost|p2a: Hoopa|spe|1|[from] item: Room Service\n|\n|upkeep\n|turn|2\n|\n|t:|1698446082\n|move|p2a: Hoopa|Dark Pulse|p1a: Chimecho\n|-supereffective|p1a: Chimecho\n|-damage|p1a: Chimecho|0 fnt\n|faint|p1a: Chimecho\n|move|p2b: Zygarde|Thousand Arrows|p1b: Coalossal\n|-supereffective|p1b: Coalossal\n|-damage|p1b: Coalossal|0 fnt\n|faint|p1b: Coalossal\n|\n|upkeep\n|inactive|Yami Tayori has 120 seconds left.\n|\n|t:|1698446095\n|switch|p1b: Inteleon|Inteleon, M|100\/100\n|switch|p1a: Avalugg|Avalugg-Hisui, F|100\/100\n|turn|3\n|\n|t:|1698446119\n|move|p1a: Avalugg|Crunch|p2b: Zygarde\n|-damage|p2b: Zygarde|81\/100\n|move|p2a: Hoopa|Dark Pulse|p1b: Inteleon\n|-damage|p1b: Inteleon|2\/100\n|-item|p2a: Hoopa|Razor Claw|[from] ability: Magician|[of] p1b: Inteleon\n|move|p2b: Zygarde|Thousand Arrows|p1b: Inteleon|[spread] p1a,p1b\n|-supereffective|p1a: Avalugg\n|-damage|p1a: Avalugg|62\/100\n|-damage|p1b: Inteleon|0 fnt\n|faint|p1b: Inteleon\n|\n|upkeep\n|\n|t:|1698446123\n|switch|p1b: Delphox|Delphox, M|100\/100\n|turn|4\n|\n|t:|1698446139\n|move|p1a: Avalugg|Body Press|p2a: Hoopa\n|-damage|p2a: Hoopa|57\/100\n|move|p2a: Hoopa|Dark Pulse|p1b: Delphox\n|-supereffective|p1b: Delphox\n|-damage|p1b: Delphox|0 fnt\n|faint|p1b: Delphox\n|move|p2b: Zygarde|Thousand Arrows|p1a: Avalugg\n|-supereffective|p1a: Avalugg\n|-damage|p1a: Avalugg|9\/100\n|\n|upkeep\n|-message|Yami Tayori forfeited.\n|\n|win|SFDds sd\n|raw|Yami Tayori's rating: 1000 &rarr; <strong>1000<\/strong><br \/>(+0 for losing)\n|raw|SFDds sd's rating: 1045 &rarr; <strong>1074<\/strong><br \/>(+29 for winning)\n|l|\u2606Yami Tayori\n","uploadtime":1698446149,"views":4,"p1id":"yamitayori","p2id":"sfddssd","formatid":"gen9nationaldexdoubles","rating":1000,"private":0,"password":""}