{"id":"gen9nationaldexdoubles-1990429707","p1":"fumbari 24","p2":"ergouwergh","format":"[Gen 9] National Dex Doubles","log":"|j|\u2606fumbari 24\n|j|\u2606ergouwergh\n|t:|1699970131\n|gametype|doubles\n|player|p1|fumbari 24|hilbert|1360\n|player|p2|ergouwergh|hilda|1225\n|teamsize|p1|6\n|teamsize|p2|6\n|gen|9\n|tier|[Gen 9] National Dex Doubles\n|rated|\n|rule|HP Percentage Mod: HP is shown in percentages\n|rule|Endless Battle Clause: Forcing endless battles is banned\n|rule|OHKO Clause: OHKO moves are banned\n|rule|Evasion Moves Clause: Evasion moves are banned\n|rule|Evasion Abilities Clause: Evasion abilities are banned\n|rule|Species Clause: Limit one of each Pok\u00e9mon\n|rule|Gravity Sleep Clause: The combination of sleep-inducing moves with imperfect accuracy and Gravity or Gigantamax Orbeetle are banned\n|clearpoke\n|poke|p1|Iron Moth|\n|poke|p1|Tapu Koko|\n|poke|p1|Hariyama, M|\n|poke|p1|Farigiraf, F|\n|poke|p1|Sableye, M|\n|poke|p1|Heracross, M|\n|poke|p2|Eevee, F|\n|poke|p2|Golduck, F|\n|poke|p2|Flamigo, F|\n|poke|p2|Armarouge, F|\n|poke|p2|Zangoose, F|\n|poke|p2|Krookodile, F|\n|teampreview\n|inactive|Battle timer is ON: inactive players will automatically lose when time's up. (requested by ergouwergh)\n|\n|t:|1699970149\n|start\n|switch|p1a: Raijin|Tapu Koko, shiny|100\/100\n|switch|p1b: E.V.A|Iron Moth|100\/100\n|switch|p2a: Golduck|Golduck, F|100\/100\n|switch|p2b: Eevee|Eevee, F|100\/100\n|-fieldstart|move: Electric Terrain|[from] ability: Electric Surge|[of] p1a: Raijin\n|-enditem|p1b: E.V.A|Electric Seed\n|-boost|p1b: E.V.A|def|1|[from] item: Electric Seed\n|-activate|p1b: E.V.A|ability: Quark Drive\n|-start|p1b: E.V.A|quarkdrivespe\n|-ability|p2a: Golduck|Cloud Nine\n|turn|1\n|\n|t:|1699970167\n|move|p1b: E.V.A|Acid Spray|p2b: Eevee\n|-damage|p2b: Eevee|76\/100\n|-unboost|p2b: Eevee|spd|2\n|-zpower|p1a: Raijin\n|move|p1a: Raijin|Twinkle Tackle|p2b: Eevee|[zeffect]\n|-damage|p2b: Eevee|0 fnt\n|faint|p2b: Eevee\n|move|p2a: Golduck|Simple Beam|p2: Eevee|[notarget]\n|-fail|p2a: Golduck\n|\n|upkeep\n|-message|ergouwergh forfeited.\n|\n|win|fumbari 24\n|raw|fumbari 24's rating: 1360 &rarr; <strong>1373<\/strong><br \/>(+13 for winning)\n|raw|ergouwergh's rating: 1225 &rarr; <strong>1209<\/strong><br \/>(-16 for losing)\n|l|\u2606ergouwergh\n","uploadtime":1699970180,"views":4,"p1id":"fumbari24","p2id":"ergouwergh","formatid":"gen9nationaldexdoubles","rating":1209,"private":0,"password":""}