{"id":"gen9nationaldexdoubles-1974267377","p1":"AdvancedDigit","p2":"Flashstepx2","format":"[Gen 9] National Dex Doubles","log":"|j|\u2606AdvancedDigit\n|j|\u2606Flashstepx2\n|t:|1698073395\n|gametype|doubles\n|player|p1|AdvancedDigit|hilbert|1270\n|player|p2|Flashstepx2|steven|1177\n|teamsize|p1|6\n|teamsize|p2|6\n|gen|9\n|tier|[Gen 9] National Dex Doubles\n|rated|\n|rule|HP Percentage Mod: HP is shown in percentages\n|rule|Endless Battle Clause: Forcing endless battles is banned\n|rule|OHKO Clause: OHKO moves are banned\n|rule|Evasion Moves Clause: Evasion moves are banned\n|rule|Evasion Abilities Clause: Evasion abilities are banned\n|rule|Species Clause: Limit one of each Pok\u00e9mon\n|rule|Gravity Sleep Clause: The combination of sleep-inducing moves with imperfect accuracy and Gravity or Gigantamax Orbeetle are banned\n|clearpoke\n|poke|p1|Scizor, M|\n|poke|p1|Mr. Mime, F|\n|poke|p1|Clefairy, F|\n|poke|p1|Amoonguss, M|\n|poke|p1|Chi-Yu|\n|poke|p1|Murkrow, F|\n|poke|p2|Ninetales-Alola, M|\n|poke|p2|Abomasnow, M|\n|poke|p2|Mr. Rime, M|\n|poke|p2|Regice|\n|poke|p2|Beartic, M|\n|poke|p2|Baxcalibur, F|\n|teampreview\n|\n|t:|1698073421\n|start\n|switch|p1a: Scizor|Scizor, M|100\/100\n|switch|p1b: Mr. Mime|Mr. Mime, F|100\/100\n|switch|p2a: Beartic|Beartic, M, shiny|100\/100\n|switch|p2b: Abomasnow|Abomasnow, M|100\/100\n|-weather|Snow|[from] ability: Snow Warning|[of] p2b: Abomasnow\n|turn|1\n|\n|t:|1698073448\n|detailschange|p2b: Abomasnow|Abomasnow-Mega, M\n|-mega|p2b: Abomasnow|Abomasnow|Abomasite\n|move|p1b: Mr. Mime|Fake Out|p2b: Abomasnow\n|-damage|p2b: Abomasnow|97\/100\n|move|p2a: Beartic|Bulk Up|p2a: Beartic\n|-boost|p2a: Beartic|atk|1\n|-boost|p2a: Beartic|def|1\n|move|p1a: Scizor|Swords Dance|p1a: Scizor\n|-boost|p1a: Scizor|atk|2\n|cant|p2b: Abomasnow|flinch\n|\n|-weather|Snow|[upkeep]\n|upkeep\n|turn|2\n|inactive|Battle timer is ON: inactive players will automatically lose when time's up. (requested by AdvancedDigit)\n|\n|t:|1698073486\n|move|p1a: Scizor|Bullet Punch|p2b: Abomasnow\n|-supereffective|p2b: Abomasnow\n|-damage|p2b: Abomasnow|0 fnt\n|faint|p2b: Abomasnow\n|move|p1b: Mr. Mime|Thunder Wave|p2a: Beartic\n|-status|p2a: Beartic|par\n|move|p2a: Beartic|Close Combat|p1a: Scizor\n|-damage|p1a: Scizor|27\/100\n|-unboost|p2a: Beartic|def|1\n|-unboost|p2a: Beartic|spd|1\n|-enditem|p2a: Beartic|White Herb\n|-clearnegativeboost|p2a: Beartic|[silent]\n|\n|-weather|Snow|[upkeep]\n|upkeep\n|\n|t:|1698073502\n|switch|p2b: Regice|Regice|100\/100\n|turn|3\n|\n|t:|1698073514\n|-terastallize|p1a: Scizor|Steel\n|move|p1b: Mr. Mime|Follow Me|p1b: Mr. Mime\n|-singleturn|p1b: Mr. Mime|move: Follow Me\n|move|p1a: Scizor|Bullet Punch|p2b: Regice\n|-supereffective|p2b: Regice\n|-damage|p2b: Regice|0 fnt\n|faint|p2b: Regice\n|move|p2a: Beartic|Aqua Jet|p1b: Mr. Mime\n|-damage|p1b: Mr. Mime|59\/100\n|\n|-weather|Snow|[upkeep]\n|-heal|p1b: Mr. Mime|65\/100|[from] item: Leftovers\n|upkeep\n|-message|Flashstepx2 forfeited.\n|\n|win|AdvancedDigit\n|raw|AdvancedDigit's rating: 1270 &rarr; <strong>1288<\/strong><br \/>(+18 for winning)\n|raw|Flashstepx2's rating: 1177 &rarr; <strong>1159<\/strong><br \/>(-18 for losing)\n|l|\u2606Flashstepx2\n","uploadtime":1698073531,"views":6,"p1id":"advanceddigit","p2id":"flashstepx2","formatid":"gen9nationaldexdoubles","rating":1159,"private":0,"password":""}