{"id":"gen9nationaldexdoubles-1962040158","p1":"Zera & Lucy","p2":"Ratop","format":"[Gen 9] National Dex Doubles","log":"|j|\u2606Zera & Lucy\n|j|\u2606Ratop\n|t:|1696701246\n|gametype|doubles\n|player|p1|Zera & Lucy|cynthia|1306\n|player|p2|Ratop|artist|1298\n|teamsize|p1|6\n|teamsize|p2|6\n|gen|9\n|tier|[Gen 9] National Dex Doubles\n|rated|\n|rule|HP Percentage Mod: HP is shown in percentages\n|rule|Endless Battle Clause: Forcing endless battles is banned\n|rule|OHKO Clause: OHKO moves are banned\n|rule|Evasion Moves Clause: Evasion moves are banned\n|rule|Evasion Abilities Clause: Evasion abilities are banned\n|rule|Species Clause: Limit one of each Pok\u00e9mon\n|rule|Gravity Sleep Clause: The combination of sleep-inducing moves with imperfect accuracy and Gravity or Gigantamax Orbeetle are banned\n|clearpoke\n|poke|p1|Goodra-Hisui, M|\n|poke|p1|Indeedee, M|\n|poke|p1|Munkidori, M|\n|poke|p1|Espeon, F|\n|poke|p1|Toxtricity, M|\n|poke|p1|Kommo-o, F|\n|poke|p2|Abomasnow, M|\n|poke|p2|Chien-Pao|\n|poke|p2|Ninetales-Alola, F|\n|poke|p2|Baxcalibur, M|\n|poke|p2|Mamoswine, M|\n|poke|p2|Glalie, M|\n|teampreview\n|inactive|Battle timer is ON: inactive players will automatically lose when time's up. (requested by Zera & Lucy)\n|\n|t:|1696701260\n|start\n|switch|p1a: Goodra|Goodra-Hisui, M|100\/100\n|switch|p1b: Toxtricity|Toxtricity, M|100\/100\n|switch|p2a: Glalie|Glalie, M|100\/100\n|switch|p2b: Baxcalibur|Baxcalibur, M|100\/100\n|turn|1\n|\n|t:|1696701279\n|detailschange|p2a: Glalie|Glalie-Mega, M\n|-mega|p2a: Glalie|Glalie|Glalitite\n|move|p2b: Baxcalibur|Protect|p2b: Baxcalibur\n|-singleturn|p2b: Baxcalibur|Protect\n|move|p2a: Glalie|Explosion|p1b: Toxtricity|[spread] p1a,p1b\n|-activate|p2b: Baxcalibur|move: Protect\n|-damage|p1a: Goodra|0 fnt\n|-damage|p1b: Toxtricity|0 fnt\n|faint|p2a: Glalie\n|faint|p1a: Goodra\n|faint|p1b: Toxtricity\n|\n|upkeep\n|\n|t:|1696701293\n|switch|p2a: Ninetales|Ninetales-Alola, F|100\/100\n|switch|p1b: Indeedee|Indeedee, M|100\/100\n|switch|p1a: Espeon|Espeon, F|100\/100\n|-weather|Snow|[from] ability: Snow Warning|[of] p2a: Ninetales\n|-fieldstart|move: Psychic Terrain|[from] ability: Psychic Surge|[of] p1b: Indeedee\n|turn|2\n|\n|t:|1696701302\n|-terastallize|p1a: Espeon|Psychic\n|move|p1a: Espeon|Expanding Force|p2b: Baxcalibur|[spread] p2a,p2b\n|-damage|p2a: Ninetales|0 fnt\n|-damage|p2b: Baxcalibur|0 fnt\n|faint|p2a: Ninetales\n|faint|p2b: Baxcalibur\n|move|p1b: Indeedee|Expanding Force|p2: Ninetales|[notarget]\n|-fail|p1b: Indeedee\n|\n|-weather|Snow|[upkeep]\n|upkeep\n|\n|t:|1696701315\n|switch|p2a: Abomasnow|Abomasnow, M|100\/100\n|switch|p2b: Mamoswine|Mamoswine, M|100\/100\n|turn|3\n|\n|t:|1696701329\n|move|p1a: Espeon|Expanding Force|p2a: Abomasnow|[spread] p2a,p2b\n|-enditem|p2a: Abomasnow|Focus Sash\n|-damage|p2a: Abomasnow|1\/100\n|-damage|p2b: Mamoswine|0 fnt\n|faint|p2b: Mamoswine\n|move|p1b: Indeedee|Expanding Force|p2a: Abomasnow\n|-damage|p2a: Abomasnow|0 fnt\n|faint|p2a: Abomasnow\n|\n|-weather|Snow|[upkeep]\n|upkeep\n|-message|Ratop forfeited.\n|\n|win|Zera & Lucy\n|raw|Zera &amp; Lucy's rating: 1306 &rarr; <strong>1326<\/strong><br \/>(+20 for winning)\n|raw|Ratop's rating: 1298 &rarr; <strong>1274<\/strong><br \/>(-24 for losing)\n|l|\u2606Ratop\n","uploadtime":1696701343,"views":11,"p1id":"zeralucy","p2id":"ratop","formatid":"gen9nationaldexdoubles","rating":1274,"private":0,"password":""}