{"id":"gen9nationaldexdoubles-1974424377","p1":"Nerdygolem513","p2":"Jfurb28","format":"[Gen 9] National Dex Doubles","log":"|j|\u2606Nerdygolem513\n|j|\u2606Jfurb28\n|t:|1698085872\n|gametype|doubles\n|player|p1|Nerdygolem513|skullgrunt|1358\n|player|p2|Jfurb28|giovanni|1491\n|teamsize|p1|6\n|teamsize|p2|6\n|gen|9\n|tier|[Gen 9] National Dex Doubles\n|rated|\n|rule|HP Percentage Mod: HP is shown in percentages\n|rule|Endless Battle Clause: Forcing endless battles is banned\n|rule|OHKO Clause: OHKO moves are banned\n|rule|Evasion Moves Clause: Evasion moves are banned\n|rule|Evasion Abilities Clause: Evasion abilities are banned\n|rule|Species Clause: Limit one of each Pok\u00e9mon\n|rule|Gravity Sleep Clause: The combination of sleep-inducing moves with imperfect accuracy and Gravity or Gigantamax Orbeetle are banned\n|clearpoke\n|poke|p1|Tapu Koko|\n|poke|p1|Indeedee-F, F|\n|poke|p1|Raichu-Alola, M|\n|poke|p1|Alakazam, F|\n|poke|p1|Iron Valiant|\n|poke|p1|Farigiraf, F|\n|poke|p2|Torkoal, M|\n|poke|p2|Venusaur, F|\n|poke|p2|Walking Wake|\n|poke|p2|Tornadus, M|\n|poke|p2|Great Tusk|\n|poke|p2|Flutter Mane|\n|teampreview\n|\n|t:|1698085882\n|start\n|switch|p1a: Tapu Koko|Tapu Koko|100\/100\n|switch|p1b: Raichu|Raichu-Alola, M|100\/100\n|switch|p2a: Venusaur|Venusaur, F|100\/100\n|switch|p2b: Torkoal|Torkoal, M|100\/100\n|-fieldstart|move: Electric Terrain|[from] ability: Electric Surge|[of] p1a: Tapu Koko\n|-weather|SunnyDay|[from] ability: Drought|[of] p2b: Torkoal\n|turn|1\n|inactive|Battle timer is ON: inactive players will automatically lose when time's up. (requested by Jfurb28)\n|\n|t:|1698085903\n|move|p1b: Raichu|Rising Voltage|p2b: Torkoal\n|-hint|Rising Voltage's BP doubled on grounded target.\n|-damage|p2b: Torkoal|0 fnt\n|faint|p2b: Torkoal\n|-damage|p1b: Raichu|91\/100|[from] item: Life Orb\n|move|p2a: Venusaur|Sludge Bomb|p1a: Tapu Koko\n|-supereffective|p1a: Tapu Koko\n|-damage|p1a: Tapu Koko|0 fnt\n|faint|p1a: Tapu Koko\n|\n|-weather|SunnyDay|[upkeep]\n|upkeep\n|\n|t:|1698085928\n|switch|p1a: Indeedee|Indeedee-F, F|100\/100\n|switch|p2b: Tornadus|Tornadus, M|100\/100\n|-fieldstart|move: Psychic Terrain|[from] ability: Psychic Surge|[of] p1a: Indeedee\n|turn|2\n|\n|t:|1698085947\n|move|p1b: Raichu|Protect|p1b: Raichu\n|-singleturn|p1b: Raichu|Protect\n|move|p2b: Tornadus|Tailwind|p2b: Tornadus\n|-sidestart|p2: Jfurb28|move: Tailwind\n|move|p2a: Venusaur|Sludge Bomb|p1a: Indeedee\n|-damage|p1a: Indeedee|72\/100\n|move|p1a: Indeedee|Trick Room|p1a: Indeedee\n|-fieldstart|move: Trick Room|[of] p1a: Indeedee\n|\n|-weather|SunnyDay|[upkeep]\n|-heal|p1a: Indeedee|78\/100|[from] item: Leftovers\n|upkeep\n|turn|3\n|\n|t:|1698085961\n|switch|p2b: Great Tusk|Great Tusk|100\/100\n|-activate|p2b: Great Tusk|ability: Protosynthesis\n|-start|p2b: Great Tusk|protosynthesisatk\n|move|p1a: Indeedee|Expanding Force|p2b: Great Tusk|[spread] p2a,p2b\n|-supereffective|p2a: Venusaur\n|-supereffective|p2b: Great Tusk\n|-damage|p2a: Venusaur|15\/100\n|-damage|p2b: Great Tusk|0 fnt\n|faint|p2b: Great Tusk\n|-end|p2b: Great Tusk|Protosynthesis|[silent]\n|move|p1b: Raichu|Expanding Force|p2a: Venusaur\n|-supereffective|p2a: Venusaur\n|-damage|p2a: Venusaur|0 fnt\n|faint|p2a: Venusaur\n|-damage|p1b: Raichu|81\/100|[from] item: Life Orb\n|\n|-weather|SunnyDay|[upkeep]\n|-heal|p1a: Indeedee|85\/100|[from] item: Leftovers\n|upkeep\n|-message|Jfurb28 forfeited.\n|\n|win|Nerdygolem513\n|raw|Nerdygolem513's rating: 1358 &rarr; <strong>1385<\/strong><br \/>(+27 for winning)\n|raw|Jfurb28's rating: 1491 &rarr; <strong>1464<\/strong><br \/>(-27 for losing)\n|l|\u2606Jfurb28\n","uploadtime":1698085980,"views":12,"p1id":"nerdygolem513","p2id":"jfurb28","formatid":"gen9nationaldexdoubles","rating":1385,"private":0,"password":""}