{"id":"gen9nationaldexdoubles-1995177150","p1":"Brick_Enjoyer_144","p2":"Adog2908","format":"[Gen 9] National Dex Doubles","log":"|j|\u2606Brick_Enjoyer_144\n|j|\u2606Adog2908\n|t:|1700531231\n|gametype|doubles\n|player|p1|Brick_Enjoyer_144|shauntal|1202\n|player|p2|Adog2908|giovanni|1211\n|teamsize|p1|6\n|teamsize|p2|6\n|gen|9\n|tier|[Gen 9] National Dex Doubles\n|rated|\n|rule|HP Percentage Mod: HP is shown in percentages\n|rule|Endless Battle Clause: Forcing endless battles is banned\n|rule|OHKO Clause: OHKO moves are banned\n|rule|Evasion Moves Clause: Evasion moves are banned\n|rule|Evasion Abilities Clause: Evasion abilities are banned\n|rule|Species Clause: Limit one of each Pok\u00e9mon\n|rule|Gravity Sleep Clause: The combination of sleep-inducing moves with imperfect accuracy and Gravity or Gigantamax Orbeetle are banned\n|clearpoke\n|poke|p1|Smeargle, F|\n|poke|p1|Kartana|\n|poke|p1|Roaring Moon|\n|poke|p1|Minior-Violet|\n|poke|p1|Mawile, F|\n|poke|p1|Zapdos|\n|poke|p2|Armarouge, F|\n|poke|p2|Indeedee-F, F|\n|poke|p2|Amoonguss, F|\n|poke|p2|Ferrothorn, M|\n|poke|p2|Diancie|\n|poke|p2|Aerodactyl, M|\n|teampreview\n|inactive|Battle timer is ON: inactive players will automatically lose when time's up. (requested by Adog2908)\n|inactive|Brick_Enjoyer_144 also wants the timer to be on.\n|\n|t:|1700531243\n|start\n|switch|p1a: Smeargle|Smeargle, F, shiny|100\/100\n|switch|p1b: Minior|Minior-Violet, shiny|100\/100\n|switch|p2a: Indeedee|Indeedee-F, F|100\/100\n|switch|p2b: Armarouge|Armarouge, F|100\/100\n|-formechange|p1b: Minior|Minior-Meteor||[from] ability: Shields Down\n|-fieldstart|move: Psychic Terrain|[from] ability: Psychic Surge|[of] p2a: Indeedee\n|-enditem|p2a: Indeedee|Psychic Seed\n|-boost|p2a: Indeedee|spd|1|[from] item: Psychic Seed\n|turn|1\n|inactive|Adog2908 has 120 seconds left.\n|\n|t:|1700531275\n|move|p1a: Smeargle|Spore|p2a: Indeedee\n|-status|p2a: Indeedee|slp|[from] move: Spore\n|move|p1b: Minior|Shell Smash|p1b: Minior\n|-unboost|p1b: Minior|def|1\n|-unboost|p1b: Minior|spd|1\n|-boost|p1b: Minior|atk|2\n|-boost|p1b: Minior|spa|2\n|-boost|p1b: Minior|spe|2\n|move|p2b: Armarouge|Expanding Force|p1b: Minior|[spread] p1a,p1b\n|-damage|p1a: Smeargle|0 fnt\n|-enditem|p1b: Minior|Focus Sash\n|-damage|p1b: Minior|1\/100\n|faint|p1a: Smeargle\n|cant|p2a: Indeedee|slp\n|\n|-formechange|p1b: Minior|Minior-Violet||[from] ability: Shields Down\n|upkeep\n|inactive|Brick_Enjoyer_144 has 120 seconds left.\n|\n|t:|1700531293\n|switch|p1a: Roaring Moon|Roaring Moon, shiny|100\/100\n|-enditem|p1a: Roaring Moon|Booster Energy\n|-activate|p1a: Roaring Moon|ability: Protosynthesis|[fromitem]\n|-start|p1a: Roaring Moon|protosynthesisatk\n|turn|2\n|\n|t:|1700531308\n|move|p1b: Minior|Stone Edge|p2b: Armarouge\n|-supereffective|p2b: Armarouge\n|-damage|p2b: Armarouge|0 fnt\n|faint|p2b: Armarouge\n|move|p1a: Roaring Moon|Knock Off|p2a: Indeedee\n|-supereffective|p2a: Indeedee\n|-damage|p2a: Indeedee|9\/100 slp\n|cant|p2a: Indeedee|slp\n|\n|upkeep\n|\n|t:|1700531319\n|switch|p2b: Diancie|Diancie|100\/100\n|turn|3\n|\n|t:|1700531330\n|move|p1b: Minior|Iron Head|p2b: Diancie\n|-supereffective|p2b: Diancie\n|-damage|p2b: Diancie|0 fnt\n|faint|p2b: Diancie\n|move|p1a: Roaring Moon|Knock Off|p2a: Indeedee\n|-supereffective|p2a: Indeedee\n|-damage|p2a: Indeedee|0 fnt\n|faint|p2a: Indeedee\n|\n|upkeep\n|l|\u2606Adog2908\n|inactive|Adog2908 disconnected and has a minute to reconnect!\n|player|p2|\n|inactive|Adog2908 has 30 seconds to reconnect!\n|inactive|Adog2908 has 20 seconds to reconnect!\n|inactive|Adog2908 has 15 seconds to reconnect!\n|inactive|Adog2908 has 10 seconds to reconnect!\n|inactive|Adog2908 has 5 seconds to reconnect!\n|-message|Adog2908 lost due to inactivity.\n|\n|win|Brick_Enjoyer_144\n|raw|Brick_Enjoyer_144's rating: 1202 &rarr; <strong>1228<\/strong><br \/>(+26 for winning)\n|raw|Adog2908's rating: 1211 &rarr; <strong>1185<\/strong><br \/>(-26 for losing)\n","uploadtime":1700531403,"views":1,"p1id":"brickenjoyer144","p2id":"adog2908","formatid":"gen9nationaldexdoubles","rating":1185,"private":0,"password":""}