{"id":"gen9nationaldexdoubles-1970090455","p1":"tomciv20","p2":"CluelessGamer18","format":"[Gen 9] National Dex Doubles","log":"|j|\u2606tomciv20\n|j|\u2606CluelessGamer18\n|t:|1697593160\n|gametype|doubles\n|player|p1|tomciv20|265|\n|player|p2|CluelessGamer18|1|\n|teamsize|p1|6\n|teamsize|p2|6\n|gen|9\n|tier|[Gen 9] National Dex Doubles\n|rule|HP Percentage Mod: HP is shown in percentages\n|rule|Endless Battle Clause: Forcing endless battles is banned\n|rule|OHKO Clause: OHKO moves are banned\n|rule|Evasion Moves Clause: Evasion moves are banned\n|rule|Evasion Abilities Clause: Evasion abilities are banned\n|rule|Species Clause: Limit one of each Pok\u00e9mon\n|rule|Gravity Sleep Clause: The combination of sleep-inducing moves with imperfect accuracy and Gravity or Gigantamax Orbeetle are banned\n|clearpoke\n|poke|p1|Tyranitar, M|\n|poke|p1|Lycanroc, F|\n|poke|p1|Houndstone, M|\n|poke|p1|Dracovish|\n|poke|p1|Indeedee-F, F|\n|poke|p1|Accelgor, F|\n|poke|p2|Drapion, F|\n|poke|p2|Lapras, M|\n|poke|p2|Nidoking, M|\n|poke|p2|Serperior, M|\n|poke|p2|Umbreon, M|\n|poke|p2|Talonflame, M|\n|teampreview\n|j| JJ22FTW\n|j| lethalpilot\n|\n|t:|1697593199\n|start\n|switch|p1a: Tyranitar|Tyranitar, M|100\/100\n|switch|p1b: Lycanroc|Lycanroc, F|100\/100\n|switch|p2a: Serperior|Serperior, M, shiny|100\/100\n|switch|p2b: Drapion|Drapion, F, shiny|100\/100\n|-weather|Sandstorm|[from] ability: Sand Stream|[of] p1a: Tyranitar\n|turn|1\n|\n|t:|1697593239\n|switch|p1a: Dracovish|Dracovish|100\/100\n|-zpower|p1b: Lycanroc\n|move|p1b: Lycanroc|Splintered Stormshards|p2a: Serperior|[zeffect]\n|-damage|p2a: Serperior|0 fnt\n|faint|p2a: Serperior\n|move|p2b: Drapion|Aqua Tail|p1a: Dracovish\n|-resisted|p1a: Dracovish\n|-damage|p1a: Dracovish|91\/100\n|\n|-weather|Sandstorm|[upkeep]\n|-damage|p2b: Drapion|94\/100|[from] Sandstorm\n|upkeep\n|\n|t:|1697593283\n|switch|p2a: Lapras|Lapras, M, shiny|100\/100\n|turn|2\n|\n|t:|1697593295\n|move|p1b: Lycanroc|Stone Edge|p2a: Lapras\n|-supereffective|p2a: Lapras\n|-damage|p2a: Lapras|0 fnt\n|faint|p2a: Lapras\n|move|p1a: Dracovish|Fishious Rend|p2b: Drapion\n|-damage|p2b: Drapion|0 fnt\n|faint|p2b: Drapion\n|\n|-weather|Sandstorm|[upkeep]\n|upkeep\n|\n|t:|1697593306\n|switch|p2b: Umbreon|Umbreon, M, shiny|100\/100\n|switch|p2a: Nidoking|Nidoking, M, shiny|100\/100\n|turn|3\n|\n|t:|1697593327\n|-terastallize|p2a: Nidoking|Flying\n|move|p1b: Lycanroc|Stone Edge|p2b: Umbreon\n|-crit|p2b: Umbreon\n|-damage|p2b: Umbreon|38\/100\n|move|p1a: Dracovish|Fishious Rend|p2a: Nidoking\n|-crit|p2a: Nidoking\n|-damage|p2a: Nidoking|0 fnt\n|faint|p2a: Nidoking\n|move|p2b: Umbreon|Toxic|p1a: Dracovish|[miss]\n|-miss|p2b: Umbreon|p1a: Dracovish\n|\n|-weather|Sandstorm|[upkeep]\n|-damage|p2b: Umbreon|32\/100|[from] Sandstorm\n|-heal|p2b: Umbreon|38\/100|[from] item: Leftovers\n|upkeep\n|\n|t:|1697593339\n|switch|p2a: Josh|Talonflame, M, shiny|100\/100\n|turn|4\n|\n|t:|1697593358\n|move|p1b: Lycanroc|Accelerock|p2a: Josh\n|-supereffective|p2a: Josh\n|-damage|p2a: Josh|0 fnt\n|faint|p2a: Josh\n|move|p1a: Dracovish|Fishious Rend|p2b: Umbreon\n|-damage|p2b: Umbreon|0 fnt\n|faint|p2b: Umbreon\n|\n|win|tomciv20\n|l| lethalpilot\n|l| JJ22FTW\n","uploadtime":1697593393,"views":8,"p1id":"tomciv20","p2id":"cluelessgamer18","formatid":"gen9nationaldexdoubles","rating":0,"private":0,"password":""}