{"id":"gen9nationaldexdoubles-1962640700","p1":"Portguitas","p2":"d3adWiz4rd","format":"[Gen 9] National Dex Doubles","log":"|j|\u2606Portguitas\n|j|\u2606d3adWiz4rd\n|t:|1696777692\n|gametype|doubles\n|player|p1|Portguitas|ethan|\n|player|p2|d3adWiz4rd|1|\n|teamsize|p1|6\n|teamsize|p2|6\n|gen|9\n|tier|[Gen 9] National Dex Doubles\n|rule|HP Percentage Mod: HP is shown in percentages\n|rule|Endless Battle Clause: Forcing endless battles is banned\n|rule|OHKO Clause: OHKO moves are banned\n|rule|Evasion Moves Clause: Evasion moves are banned\n|rule|Evasion Abilities Clause: Evasion abilities are banned\n|rule|Species Clause: Limit one of each Pok\u00e9mon\n|rule|Gravity Sleep Clause: The combination of sleep-inducing moves with imperfect accuracy and Gravity or Gigantamax Orbeetle are banned\n|clearpoke\n|poke|p1|Typhlosion-Hisui, M|\n|poke|p1|Gliscor, M|\n|poke|p1|Murkrow, F|\n|poke|p1|Incineroar, F|\n|poke|p1|Flutter Mane|\n|poke|p1|Roaring Moon|\n|poke|p2|Dusclops, M|\n|poke|p2|Sableye, F|\n|poke|p2|Krookodile, F|\n|poke|p2|Zoroark-Hisui, M|\n|poke|p2|Skeledirge, M|\n|poke|p2|Absol, M|\n|teampreview\n|\n|t:|1696777707\n|start\n|switch|p1a: AsumiNews|Murkrow, F|100\/100\n|switch|p1b: Ace|Typhlosion-Hisui, M, shiny|100\/100\n|switch|p2a: Krookodile|Krookodile, F|100\/100\n|switch|p2b: Dusclops|Dusclops, M, shiny|100\/100\n|-item|p2a: Krookodile|Power Herb|[from] ability: Frisk|[of] p1b: Ace|[identify]\n|-item|p2b: Dusclops|Eviolite|[from] ability: Frisk|[of] p1b: Ace|[identify]\n|-item|p1a: AsumiNews|Eviolite|[from] ability: Frisk|[of] p2b: Dusclops|[identify]\n|-item|p1b: Ace|Life Orb|[from] ability: Frisk|[of] p2b: Dusclops|[identify]\n|turn|1\n|\n|t:|1696777728\n|switch|p2b: Absol|Absol, M, shiny|100\/100\n|move|p1b: Ace|Detect|p1b: Ace\n|-singleturn|p1b: Ace|Protect\n|move|p1a: AsumiNews|Tailwind|p1a: AsumiNews\n|-sidestart|p1: Portguitas|move: Tailwind\n|move|p2a: Krookodile|U-turn|p1a: AsumiNews\n|-damage|p1a: AsumiNews|87\/100\n|\n|t:|1696777737\n|switch|p2a: Dusclops|Dusclops, M, shiny|100\/100|[from] U-turn\n|-item|p1a: AsumiNews|Eviolite|[from] ability: Frisk|[of] p2a: Dusclops|[identify]\n|-item|p1b: Ace|Life Orb|[from] ability: Frisk|[of] p2a: Dusclops|[identify]\n|\n|upkeep\n|turn|2\n|\n|t:|1696777753\n|move|p1a: AsumiNews|Sunny Day|p1a: AsumiNews\n|-weather|SunnyDay\n|move|p1b: Ace|Eruption|p2a: Dusclops|[spread] p2a,p2b\n|-damage|p2a: Dusclops|31\/100\n|-damage|p2b: Absol|0 fnt\n|faint|p2b: Absol\n|-damage|p1b: Ace|91\/100|[from] item: Life Orb\n|move|p2a: Dusclops|Taunt|p1b: Ace\n|-start|p1b: Ace|move: Taunt\n|\n|-weather|SunnyDay|[upkeep]\n|upkeep\n|\n|t:|1696777765\n|switch|p2b: Krookodile|Krookodile, F|100\/100\n|turn|3\n|\n|t:|1696777777\n|move|p1a: AsumiNews|Taunt|p2a: Dusclops\n|-start|p2a: Dusclops|move: Taunt\n|move|p1b: Ace|Eruption|p2a: Dusclops|[spread] p2a,p2b\n|-damage|p2a: Dusclops|0 fnt\n|-damage|p2b: Krookodile|0 fnt\n|faint|p2a: Dusclops\n|faint|p2b: Krookodile\n|-damage|p1b: Ace|81\/100|[from] item: Life Orb\n|\n|-weather|SunnyDay|[upkeep]\n|upkeep\n|\n|t:|1696777802\n|switch|p2b: Skeledirge|Skeledirge, M|100\/100\n|switch|p2a: Sableye|Sableye, F|100\/100\n|turn|4\n|\n|t:|1696777841\n|move|p1a: AsumiNews|Haze|p1a: AsumiNews\n|-clearallboost\n|move|p1b: Ace|Eruption|p2a: Sableye|[spread] p2a,p2b\n|-resisted|p2b: Skeledirge\n|-crit|p2b: Skeledirge\n|-damage|p2a: Sableye|0 fnt\n|-damage|p2b: Skeledirge|38\/100\n|replace|p2a: Zoroark|Zoroark-Hisui, M\n|-end|p2a: Zoroark|Illusion\n|faint|p2a: Zoroark\n|-damage|p1b: Ace|71\/100|[from] item: Life Orb\n|move|p2b: Skeledirge|Slack Off|p2b: Skeledirge\n|-heal|p2b: Skeledirge|88\/100\n|\n|-weather|SunnyDay|[upkeep]\n|-heal|p2b: Skeledirge|94\/100|[from] item: Leftovers\n|-sideend|p1: Portguitas|move: Tailwind\n|upkeep\n|-message|d3adWiz4rd forfeited.\n|\n|win|Portguitas\n|l|\u2606d3adWiz4rd\n","uploadtime":1696777864,"views":9,"p1id":"portguitas","p2id":"d3adwiz4rd","formatid":"gen9nationaldexdoubles","rating":0,"private":0,"password":""}