{"id":"gen9nationaldexdoubles-1993744291","p1":"Edelgard1162","p2":"TeddyWarlock","format":"[Gen 9] National Dex Doubles","log":"|j|\u2606Edelgard1162\n|j|\u2606TeddyWarlock\n|t:|1700352087\n|gametype|doubles\n|player|p1|Edelgard1162|rika|1337\n|player|p2|TeddyWarlock|rood|1605\n|teamsize|p1|6\n|teamsize|p2|6\n|gen|9\n|tier|[Gen 9] National Dex Doubles\n|rated|\n|rule|HP Percentage Mod: HP is shown in percentages\n|rule|Endless Battle Clause: Forcing endless battles is banned\n|rule|OHKO Clause: OHKO moves are banned\n|rule|Evasion Moves Clause: Evasion moves are banned\n|rule|Evasion Abilities Clause: Evasion abilities are banned\n|rule|Species Clause: Limit one of each Pok\u00e9mon\n|rule|Gravity Sleep Clause: The combination of sleep-inducing moves with imperfect accuracy and Gravity or Gigantamax Orbeetle are banned\n|clearpoke\n|poke|p1|Togedemaru, L1, F|\n|poke|p1|Liepard, M|\n|poke|p1|Rillaboom, F|\n|poke|p1|Tyranitar, M|\n|poke|p1|Diancie|\n|poke|p1|Gastrodon, M|\n|poke|p2|Tyranitar, M|\n|poke|p2|Glimmora, M|\n|poke|p2|Garganacl, F|\n|poke|p2|Iron Hands|\n|poke|p2|Excadrill, F|\n|poke|p2|Landorus-Therian, M|\n|teampreview\n|inactive|Battle timer is ON: inactive players will automatically lose when time's up. (requested by TeddyWarlock)\n|inactive|Edelgard1162 also wants the timer to be on.\n|\n|t:|1700352102\n|start\n|switch|p1a: Togedemaru|Togedemaru, L1, F|100\/100\n|switch|p1b: Rillaboom|Rillaboom, F|100\/100\n|switch|p2a: Glimmora|Glimmora, M, shiny|100\/100\n|switch|p2b: Garganacl|Garganacl, F|100\/100\n|-fieldstart|move: Grassy Terrain|[from] ability: Grassy Surge|[of] p1b: Rillaboom\n|turn|1\n|\n|t:|1700352116\n|-terastallize|p2b: Garganacl|Ghost\n|move|p1b: Rillaboom|Fake Out|p2b: Garganacl\n|-immune|p2b: Garganacl\n|move|p2a: Glimmora|Mortal Spin|p1a: Togedemaru|[spread] p1b\n|-immune|p1a: Togedemaru\n|-supereffective|p1b: Rillaboom\n|-damage|p1b: Rillaboom|92\/100\n|-status|p1b: Rillaboom|psn\n|move|p2b: Garganacl|Salt Cure|p1a: Togedemaru\n|-resisted|p1a: Togedemaru\n|-ability|p1a: Togedemaru|Sturdy\n|-damage|p1a: Togedemaru|9\/100\n|-start|p1a: Togedemaru|Salt Cure\n|move|p1a: Togedemaru|Endeavor|p2b: Garganacl\n|-immune|p2b: Garganacl\n|\n|-heal|p1b: Rillaboom|99\/100 psn|[from] Grassy Terrain\n|-heal|p1b: Rillaboom|100\/100 psn|[from] item: Leftovers\n|-heal|p1a: Togedemaru|17\/100|[from] Grassy Terrain\n|-damage|p1b: Rillaboom|88\/100 psn|[from] psn\n|-damage|p1a: Togedemaru|0 fnt|[from] Salt Cure\n|faint|p1a: Togedemaru\n|upkeep\n|\n|t:|1700352133\n|switch|p1a: Tyranitar|Tyranitar, M|100\/100\n|-weather|Sandstorm|[from] ability: Sand Stream|[of] p1a: Tyranitar\n|turn|2\n|inactive|Edelgard1162 has 120 seconds left.\n|\n|t:|1700352168\n|switch|p1b: Diancie|Diancie|100\/100\n|switch|p2b: Landorus|Landorus-Therian, M|100\/100\n|-ability|p2b: Landorus|Intimidate|boost\n|-unboost|p1a: Tyranitar|atk|1\n|-fail|p1b: Diancie|unboost|[from] ability: Clear Body|[of] p1b: Diancie\n|move|p2a: Glimmora|Sludge Bomb|p1b: Diancie\n|-damage|p1b: Diancie|74\/100\n|-status|p1b: Diancie|psn\n|move|p1a: Tyranitar|Knock Off|p2b: Landorus\n|-damage|p2b: Landorus|57\/100\n|-enditem|p2b: Landorus|Choice Scarf|[from] move: Knock Off|[of] p1a: Tyranitar\n|\n|-weather|Sandstorm|[upkeep]\n|-heal|p1b: Diancie|80\/100 psn|[from] Grassy Terrain\n|-damage|p1b: Diancie|68\/100 psn|[from] psn\n|upkeep\n|turn|3\n|inactive|Edelgard1162 has 120 seconds left.\n|\n|t:|1700352194\n|switch|p1a: Gastrodon|Gastrodon, M|100\/100\n|detailschange|p1b: Diancie|Diancie-Mega\n|-mega|p1b: Diancie|Diancie|Diancite\n|move|p1b: Diancie|Diamond Storm|p2a: Glimmora|[spread] p2a,p2b\n|-damage|p2a: Glimmora|54\/100\n|-damage|p2b: Landorus|13\/100\n|-boost|p1b: Diancie|def|2\n|-activate|p2a: Glimmora|ability: Toxic Debris\n|-sidestart|p1: Edelgard1162|move: Toxic Spikes\n|move|p2b: Landorus|U-turn|p1a: Gastrodon\n|-damage|p1a: Gastrodon|70\/100\n|inactive|TeddyWarlock has 120 seconds left.\n|\n|t:|1700352208\n|switch|p2b: Excadrill|Excadrill, F|100\/100|[from] U-turn\n|move|p2a: Glimmora|Energy Ball|p1b: Diancie\n|-supereffective|p1b: Diancie\n|-damage|p1b: Diancie|3\/100 psn\n|\n|-weather|Sandstorm|[upkeep]\n|-heal|p1b: Diancie|9\/100 psn|[from] Grassy Terrain\n|-heal|p2a: Glimmora|61\/100|[from] Grassy Terrain\n|-heal|p1a: Gastrodon|76\/100|[from] Grassy Terrain\n|-damage|p1b: Diancie|0 fnt|[from] psn\n|faint|p1b: Diancie\n|upkeep\n|inactive|Edelgard1162 has 120 seconds left.\n|\n|t:|1700352220\n|switch|p1b: Rillaboom|Rillaboom, F|88\/100 psn\n|turn|4\n|\n|t:|1700352239\n|move|p2b: Excadrill|Protect|p2b: Excadrill\n|-singleturn|p2b: Excadrill|Protect\n|move|p1b: Rillaboom|Protect|p1b: Rillaboom\n|-singleturn|p1b: Rillaboom|Protect\n|move|p2a: Glimmora|Energy Ball|p1a: Gastrodon\n|-supereffective|p1a: Gastrodon\n|-damage|p1a: Gastrodon|0 fnt\n|faint|p1a: Gastrodon\n|\n|-weather|Sandstorm|[upkeep]\n|-damage|p1b: Rillaboom|82\/100 psn|[from] Sandstorm\n|-heal|p2a: Glimmora|67\/100|[from] Grassy Terrain\n|-heal|p1b: Rillaboom|88\/100 psn|[from] Grassy Terrain\n|-heal|p1b: Rillaboom|94\/100 psn|[from] item: Leftovers\n|-damage|p1b: Rillaboom|82\/100 psn|[from] psn\n|upkeep\n|-message|Edelgard1162 forfeited.\n|\n|win|TeddyWarlock\n|raw|Edelgard1162's rating: 1337 &rarr; <strong>1330<\/strong><br \/>(-7 for losing)\n|raw|TeddyWarlock's rating: 1605 &rarr; <strong>1612<\/strong><br \/>(+7 for winning)\n|l|\u2606TeddyWarlock\n","uploadtime":1700352265,"views":4,"p1id":"edelgard1162","p2id":"teddywarlock","formatid":"gen9nationaldexdoubles","rating":1330,"private":0,"password":""}