{"id":"gen9nationaldexdoubles-1990875158","p1":"lxvliiz","p2":"Dawnverge","format":"[Gen 9] National Dex Doubles","log":"|j|\u2606lxvliiz\n|j|\u2606Dawnverge\n|t:|1700010187\n|gametype|doubles\n|player|p1|lxvliiz|firebreather|1251\n|player|p2|Dawnverge|gentleman-gen4|1315\n|teamsize|p1|6\n|teamsize|p2|6\n|gen|9\n|tier|[Gen 9] National Dex Doubles\n|rated|\n|rule|HP Percentage Mod: HP is shown in percentages\n|rule|Endless Battle Clause: Forcing endless battles is banned\n|rule|OHKO Clause: OHKO moves are banned\n|rule|Evasion Moves Clause: Evasion moves are banned\n|rule|Evasion Abilities Clause: Evasion abilities are banned\n|rule|Species Clause: Limit one of each Pok\u00e9mon\n|rule|Gravity Sleep Clause: The combination of sleep-inducing moves with imperfect accuracy and Gravity or Gigantamax Orbeetle are banned\n|clearpoke\n|poke|p1|Torkoal, F|\n|poke|p1|Charizard, F|\n|poke|p1|Rotom-Heat|\n|poke|p1|Heatran, M|\n|poke|p1|Iron Moth|\n|poke|p1|Typhlosion, F|\n|poke|p2|Ninetales-Alola, M|\n|poke|p2|Sandslash-Alola, F|\n|poke|p2|Arctozolt|\n|poke|p2|Cloyster, F|\n|poke|p2|Abomasnow, M|\n|poke|p2|Iron Bundle|\n|teampreview\n|inactive|Battle timer is ON: inactive players will automatically lose when time's up. (requested by Dawnverge)\n|c|\u2606lxvliiz|oh\n|c|\u2606Dawnverge|Ahh\n|c|\u2606lxvliiz|why hello there\n|c|\u2606Dawnverge|We'll see how this goes\n|\n|t:|1700010209\n|start\n|switch|p1a: lighter|Typhlosion, F|100\/100\n|switch|p1b: hot hot hot|Heatran, M|100\/100\n|switch|p2a: Dog|Ninetales-Alola, M|100\/100\n|switch|p2b: Bruh Moment|Iron Bundle, shiny|100\/100\n|-weather|Snow|[from] ability: Snow Warning|[of] p2a: Dog\n|-enditem|p2b: Bruh Moment|Booster Energy\n|-activate|p2b: Bruh Moment|ability: Quark Drive|[fromitem]\n|-start|p2b: Bruh Moment|quarkdrivespe\n|turn|1\n|c|\u2606lxvliiz|i probably lose bc of iron bundle\n|\n|t:|1700010228\n|-terastallize|p1b: hot hot hot|Fire\n|move|p2b: Bruh Moment|Water Pulse|p1b: hot hot hot\n|-supereffective|p1b: hot hot hot\n|-damage|p1b: hot hot hot|39\/100\n|move|p1a: lighter|Lava Plume|p2b: Bruh Moment|[spread] p2a,p2b\n|-start|p1b: hot hot hot|ability: Flash Fire\n|-supereffective|p2a: Dog\n|-crit|p2a: Dog\n|-damage|p2a: Dog|25\/100\n|-damage|p2b: Bruh Moment|41\/100\n|-status|p2a: Dog|brn\n|-status|p2b: Bruh Moment|brn\n|move|p1b: hot hot hot|Lava Plume|p2b: Bruh Moment|[spread] p2a,p2b\n|-start|p1a: lighter|ability: Flash Fire\n|-supereffective|p2a: Dog\n|-damage|p2a: Dog|0 fnt\n|-damage|p2b: Bruh Moment|0 fnt\n|faint|p2a: Dog\n|faint|p2b: Bruh Moment\n|-end|p2b: Bruh Moment|Quark Drive|[silent]\n|\n|-weather|Snow|[upkeep]\n|upkeep\n|c|\u2606lxvliiz|ayo double burn is crazy tho\n|c|\u2606lxvliiz|also\n|c|\u2606lxvliiz|oh\n|\n|t:|1700010251\n|switch|p2b: 30% Flinch Chance|Sandslash-Alola, F|100\/100\n|switch|p2a: Average Dream Stan|Arctozolt|100\/100\n|turn|2\n|\n|t:|1700010258\n|-terastallize|p2a: Average Dream Stan|Electric\n|move|p2b: 30% Flinch Chance|Rock Slide|p1a: lighter|[spread] p1a,p1b\n|-supereffective|p1a: lighter\n|-supereffective|p1b: hot hot hot\n|-damage|p1a: lighter|57\/100\n|-damage|p1b: hot hot hot|8\/100\n|move|p1a: lighter|Lava Plume|p2b: 30% Flinch Chance|[spread] p2a,p2b\n|-immune|p1b: hot hot hot|[from] ability: Flash Fire\n|-supereffective|p2b: 30% Flinch Chance\n|-damage|p2a: Average Dream Stan|43\/100\n|-damage|p2b: 30% Flinch Chance|0 fnt\n|faint|p2b: 30% Flinch Chance\n|move|p2a: Average Dream Stan|Bolt Beak|p1a: lighter\n|-damage|p1a: lighter|0 fnt\n|faint|p1a: lighter\n|move|p1b: hot hot hot|Lava Plume|p2a: Average Dream Stan\n|-damage|p2a: Average Dream Stan|0 fnt\n|faint|p2a: Average Dream Stan\n|\n|-weather|Snow|[upkeep]\n|upkeep\n|-message|Dawnverge forfeited.\n|\n|win|lxvliiz\n|raw|lxvliiz's rating: 1251 &rarr; <strong>1281<\/strong><br \/>(+30 for winning)\n|raw|Dawnverge's rating: 1315 &rarr; <strong>1291<\/strong><br \/>(-24 for losing)\n|l|\u2606Dawnverge\n|c|\u2606lxvliiz|gg\n","uploadtime":1700010284,"views":5,"p1id":"lxvliiz","p2id":"dawnverge","formatid":"gen9nationaldexdoubles","rating":1281,"private":0,"password":""}