{"id":"gen9nationaldexdoubles-1951975019","p1":"Pedro Carbono","p2":"DragsIThink","format":"[Gen 9] National Dex Doubles","log":"|j|\u2606Pedro Carbono\n|j|\u2606DragsIThink\n|t:|1695646577\n|gametype|doubles\n|player|p1|Pedro Carbono|n|1000\n|player|p2|DragsIThink|roxie|1246\n|teamsize|p1|6\n|teamsize|p2|6\n|gen|9\n|tier|[Gen 9] National Dex Doubles\n|rated|\n|rule|HP Percentage Mod: HP is shown in percentages\n|rule|Endless Battle Clause: Forcing endless battles is banned\n|rule|OHKO Clause: OHKO moves are banned\n|rule|Evasion Moves Clause: Evasion moves are banned\n|rule|Evasion Abilities Clause: Evasion abilities are banned\n|rule|Species Clause: Limit one of each Pok\u00e9mon\n|rule|Gravity Sleep Clause: The combination of sleep-inducing moves with imperfect accuracy and Gravity or Gigantamax Orbeetle are banned\n|clearpoke\n|poke|p1|Turtonator, M|\n|poke|p1|Oricorio-Sensu, M|\n|poke|p1|Blissey, F|\n|poke|p1|Vaporeon, M|\n|poke|p1|Krookodile, M|\n|poke|p1|Magnezone|\n|poke|p2|Tornadus, M|\n|poke|p2|Shiftry, F|\n|poke|p2|Chien-Pao|\n|poke|p2|Landorus-Therian, M|\n|poke|p2|Kilowattrel, F|\n|poke|p2|Whimsicott, F|\n|teampreview\n|\n|t:|1695646613\n|start\n|switch|p1a: Oricorio|Oricorio-Sensu, M, shiny|100\/100\n|switch|p1b: Blissey|Blissey, F, shiny|100\/100\n|switch|p2a: Shredded|Tornadus, M|100\/100\n|switch|p2b: oni|Shiftry, F|100\/100\n|turn|1\n|\n|t:|1695646628\n|move|p2a: Shredded|Tailwind|p2a: Shredded\n|-sidestart|p2: DragsIThink|move: Tailwind\n|-ability|p2b: oni|Wind Rider|boost\n|-boost|p2b: oni|atk|1\n|move|p2b: oni|Knock Off|p1a: Oricorio\n|-supereffective|p1a: Oricorio\n|-damage|p1a: Oricorio|0 fnt\n|-enditem|p1a: Oricorio|Aguav Berry|[from] move: Knock Off|[of] p2b: oni\n|faint|p1a: Oricorio\n|-damage|p2b: oni|91\/100|[from] item: Life Orb\n|move|p1b: Blissey|Reflect|p1b: Blissey\n|-sidestart|p1: Pedro Carbono|Reflect\n|\n|upkeep\n|\n|t:|1695646640\n|switch|p1a: Krookodile|Krookodile, M|100\/100\n|turn|2\n|\n|t:|1695646657\n|move|p2a: Shredded|Bleakwind Storm|p1a: Krookodile|[spread] p1a,p1b\n|-damage|p1a: Krookodile|60\/100\n|-damage|p1b: Blissey|90\/100\n|move|p2b: oni|Leaf Blade|p1a: Krookodile\n|-supereffective|p1a: Krookodile\n|-crit|p1a: Krookodile\n|-damage|p1a: Krookodile|0 fnt\n|faint|p1a: Krookodile\n|-damage|p2b: oni|81\/100|[from] item: Life Orb\n|move|p1b: Blissey|Heal Pulse|p1: Krookodile|[notarget]\n|-fail|p1b: Blissey\n|\n|-heal|p1b: Blissey|96\/100|[from] item: Leftovers\n|upkeep\n|-message|Pedro Carbono forfeited.\n|\n|win|DragsIThink\n|raw|Pedro Carbono's rating: 1000 &rarr; <strong>1000<\/strong><br \/>(+0 for losing)\n|raw|DragsIThink's rating: 1246 &rarr; <strong>1256<\/strong><br \/>(+10 for winning)\n|l|\u2606Pedro Carbono\n","uploadtime":1695646672,"views":8,"p1id":"pedrocarbono","p2id":"dragsithink","formatid":"gen9nationaldexdoubles","rating":1000,"private":0,"password":""}