{"id":"gen9nationaldexdoubles-1997743576","p1":"MattBud","p2":"Coach Matt","format":"[Gen 9] National Dex Doubles","log":"|j|\u2606MattBud\n|j|\u2606Coach Matt\n|t:|1700847978\n|gametype|doubles\n|player|p1|MattBud|swimmer|\n|player|p2|Coach Matt|169|\n|teamsize|p1|2\n|teamsize|p2|2\n|gen|9\n|tier|[Gen 9] National Dex Doubles\n|rule|HP Percentage Mod: HP is shown in percentages\n|rule|Endless Battle Clause: Forcing endless battles is banned\n|rule|OHKO Clause: OHKO moves are banned\n|rule|Evasion Moves Clause: Evasion moves are banned\n|rule|Evasion Abilities Clause: Evasion abilities are banned\n|rule|Species Clause: Limit one of each Pok\u00e9mon\n|rule|Gravity Sleep Clause: The combination of sleep-inducing moves with imperfect accuracy and Gravity or Gigantamax Orbeetle are banned\n|clearpoke\n|poke|p1|Ampharos, F|\n|poke|p1|Toxtricity, M|\n|poke|p2|Manectric, M|\n|poke|p2|Gogoat, F|\n|teampreview\n|\n|t:|1700847981\n|start\n|switch|p1a: Toxtricity|Toxtricity, M|100\/100\n|switch|p1b: Ampharos|Ampharos, F|100\/100\n|switch|p2a: Manectric|Manectric, M|100\/100\n|switch|p2b: Gogoat|Gogoat, F|100\/100\n|turn|1\n|\n|t:|1700848002\n|move|p2a: Manectric|Signal Beam|p1b: Ampharos\n|-damage|p1b: Ampharos|80\/100\n|move|p1b: Ampharos|Magnetic Flux|p1b: Ampharos\n|-boost|p1a: Toxtricity|def|1\n|-boost|p1a: Toxtricity|spd|1\n|-boost|p1b: Ampharos|def|1\n|-boost|p1b: Ampharos|spd|1\n|move|p1a: Toxtricity|Shift Gear|p1a: Toxtricity\n|-boost|p1a: Toxtricity|spe|2\n|-boost|p1a: Toxtricity|atk|1\n|move|p2b: Gogoat|Bulk Up|p2b: Gogoat\n|-boost|p2b: Gogoat|atk|1\n|-boost|p2b: Gogoat|def|1\n|\n|-heal|p1b: Ampharos|86\/100|[from] item: Leftovers\n|upkeep\n|turn|2\n|\n|t:|1700848018\n|move|p1a: Toxtricity|Boomburst|p2a: Manectric|[spread] p1b,p2a,p2b\n|-damage|p1b: Ampharos|49\/100\n|-damage|p2a: Manectric|0 fnt\n|-damage|p2b: Gogoat|48\/100\n|faint|p2a: Manectric\n|move|p1b: Ampharos|Magnetic Flux|p1b: Ampharos\n|-boost|p1a: Toxtricity|def|1\n|-boost|p1a: Toxtricity|spd|1\n|-boost|p1b: Ampharos|def|1\n|-boost|p1b: Ampharos|spd|1\n|move|p2b: Gogoat|Earthquake|p1a: Toxtricity|[spread] p1a,p1b\n|-supereffective|p1a: Toxtricity\n|-supereffective|p1b: Ampharos\n|-damage|p1a: Toxtricity|0 fnt\n|-damage|p1b: Ampharos|15\/100\n|faint|p1a: Toxtricity\n|\n|-heal|p1b: Ampharos|21\/100|[from] item: Leftovers\n|upkeep\n|turn|3\n|\n|t:|1700848040\n|move|p1b: Ampharos|Thunderbolt|p2b: Gogoat\n|-resisted|p2b: Gogoat\n|-damage|p2b: Gogoat|33\/100\n|move|p2b: Gogoat|Horn Leech|p1b: Ampharos\n|-damage|p1b: Ampharos|0 fnt\n|-heal|p2b: Gogoat|42\/100|[from] drain|[of] p1b: Ampharos\n|faint|p1b: Ampharos\n|\n|win|Coach Matt\n","uploadtime":1700848046,"views":1,"p1id":"mattbud","p2id":"coachmatt","formatid":"gen9nationaldexdoubles","rating":0,"private":0,"password":""}