{"id":"gen9nationaldexdoubles-1958868410","p1":"Immagamer","p2":"Drakhar_LoveSensei","format":"[Gen 9] National Dex Doubles","log":"|j|\u2606Immagamer\n|j|\u2606Drakhar_LoveSensei\n|t:|1696364213\n|gametype|doubles\n|player|p1|Immagamer|lucas|1283\n|player|p2|Drakhar_LoveSensei|idol|1129\n|teamsize|p1|6\n|teamsize|p2|6\n|gen|9\n|tier|[Gen 9] National Dex Doubles\n|rated|\n|rule|HP Percentage Mod: HP is shown in percentages\n|rule|Endless Battle Clause: Forcing endless battles is banned\n|rule|OHKO Clause: OHKO moves are banned\n|rule|Evasion Moves Clause: Evasion moves are banned\n|rule|Evasion Abilities Clause: Evasion abilities are banned\n|rule|Species Clause: Limit one of each Pok\u00e9mon\n|rule|Gravity Sleep Clause: The combination of sleep-inducing moves with imperfect accuracy and Gravity or Gigantamax Orbeetle are banned\n|clearpoke\n|poke|p1|Mew|\n|poke|p1|Primeape, F|\n|poke|p1|Smeargle, F|\n|poke|p1|Maushold-Four|\n|poke|p1|Indeedee-F, F|\n|poke|p1|Blaziken, F|\n|poke|p2|Chesnaught, M|\n|poke|p2|Trevenant, M|\n|poke|p2|Sinistcha-Masterpiece|\n|poke|p2|Dipplin, M|\n|poke|p2|Whimsicott, M|\n|poke|p2|Shiftry, M|\n|teampreview\n|inactive|Battle timer is ON: inactive players will automatically lose when time's up. (requested by Immagamer)\n|inactive|Drakhar_LoveSensei has 120 seconds left.\n|\n|t:|1696364255\n|start\n|switch|p1a: Mew|Mew|100\/100\n|switch|p1b: Primeape|Primeape, F|100\/100\n|switch|p2a: Whimsicott|Whimsicott, M, shiny|100\/100\n|switch|p2b: Shiftry|Shiftry, M, shiny|100\/100\n|turn|1\n|\n|t:|1696364269\n|move|p2a: Whimsicott|Tailwind|p2a: Whimsicott\n|-sidestart|p2: Drakhar_LoveSensei|move: Tailwind\n|-ability|p2b: Shiftry|Wind Rider|boost\n|-boost|p2b: Shiftry|atk|1\n|move|p2b: Shiftry|Swords Dance|p2b: Shiftry\n|-boost|p2b: Shiftry|atk|2\n|-zpower|p1a: Mew\n|move|p1a: Mew|Z-Tailwind|p1a: Mew|[anim]Tailwind\n|-start|p1a: Mew|move: Focus Energy|[zeffect]\n|-sidestart|p1: Immagamer|move: Tailwind\n|move|p1b: Primeape|Drain Punch|p2b: Shiftry\n|-supereffective|p2b: Shiftry\n|-enditem|p2b: Shiftry|Focus Sash\n|-damage|p2b: Shiftry|1\/100\n|\n|upkeep\n|turn|2\n|\n|t:|1696364295\n|-terastallize|p2b: Shiftry|Rock\n|move|p2a: Whimsicott|Fling|p2b: Shiftry\n|-damage|p2b: Shiftry|0 fnt\n|-enditem|p2a: Whimsicott|Lansat Berry|[from] move: Fling\n|faint|p2b: Shiftry\n|move|p1a: Mew|Beat Up|p1b: Primeape\n|-resisted|p1b: Primeape\n|-crit|p1b: Primeape\n|-damage|p1b: Primeape|98\/100\n|-setboost|p1b: Primeape|atk|6|[from] ability: Anger Point\n|-resisted|p1b: Primeape\n|-crit|p1b: Primeape\n|-damage|p1b: Primeape|95\/100\n|-resisted|p1b: Primeape\n|-crit|p1b: Primeape\n|-damage|p1b: Primeape|93\/100\n|-resisted|p1b: Primeape\n|-damage|p1b: Primeape|91\/100\n|-resisted|p1b: Primeape\n|-crit|p1b: Primeape\n|-damage|p1b: Primeape|89\/100\n|-resisted|p1b: Primeape\n|-crit|p1b: Primeape\n|-damage|p1b: Primeape|86\/100\n|-hitcount|p1b: Primeape|6\n|move|p1b: Primeape|Rage Fist|p2a: Whimsicott\n|-damage|p2a: Whimsicott|0 fnt\n|faint|p2a: Whimsicott\n|\n|upkeep\n|\n|t:|1696364306\n|switch|p2a: Sinistcha|Sinistcha-Masterpiece, shiny|100\/100\n|switch|p2b: Dipplin|Dipplin, M, shiny|100\/100\n|-ability|p2b: Dipplin|Supersweet Syrup\n|-ability|p2b: Dipplin|Supersweet Syrup|boost\n|-unboost|p1a: Mew|evasion|1\n|-unboost|p1b: Primeape|evasion|1\n|turn|3\n|inactive|Immagamer has 120 seconds left.\n|\n|t:|1696364338\n|-terastallize|p1b: Primeape|Ghost\n|move|p1a: Mew|Ally Switch|p1a: Mew\n|swap|p1a: Mew|1|[from] move: Ally Switch\n|move|p2a: Sinistcha|Leaf Storm|p1b: Mew\n|-damage|p1b: Mew|38\/100\n|-unboost|p2a: Sinistcha|spa|2\n|move|p1a: Primeape|Rage Fist|p2a: Sinistcha\n|-supereffective|p2a: Sinistcha\n|-damage|p2a: Sinistcha|0 fnt\n|faint|p2a: Sinistcha\n|move|p2b: Dipplin|Infestation|p1a: Primeape\n|-resisted|p1a: Primeape\n|-damage|p1a: Primeape|83\/100\n|-activate|p1a: Primeape|move: Infestation|[of] p2b: Dipplin\n|\n|-damage|p1a: Primeape|70\/100|[from] move: Infestation|[partiallytrapped]\n|upkeep\n|\n|t:|1696364344\n|switch|p2a: Trevenant|Trevenant, M, shiny|100\/100\n|turn|4\n|\n|t:|1696364370\n|switch|p1b: Maushold|Maushold-Four|100\/100\n|move|p1a: Primeape|Rage Fist|p2a: Trevenant\n|-supereffective|p2a: Trevenant\n|-damage|p2a: Trevenant|0 fnt\n|faint|p2a: Trevenant\n|move|p2b: Dipplin|Dragon Breath|p1a: Primeape\n|-damage|p1a: Primeape|55\/100\n|\n|-damage|p1a: Primeape|42\/100|[from] move: Infestation|[partiallytrapped]\n|-sideend|p1: Immagamer|move: Tailwind\n|-sideend|p2: Drakhar_LoveSensei|move: Tailwind\n|upkeep\n|-message|Drakhar_LoveSensei forfeited.\n|\n|win|Immagamer\n|raw|Immagamer's rating: 1253 &rarr; <strong>1269<\/strong><br \/>(+16 for winning)\n|raw|Drakhar_LoveSensei's rating: 1129 &rarr; <strong>1113<\/strong><br \/>(-16 for losing)\n|l|\u2606Drakhar_LoveSensei\n","uploadtime":1696364382,"views":5,"p1id":"immagamer","p2id":"drakharlovesensei","formatid":"gen9nationaldexdoubles","rating":1113,"private":0,"password":""}