{"id":"gen9nationaldexdoubles-1967739150","p1":"Jkhiiii","p2":"ElectroShibe","format":"[Gen 9] National Dex Doubles","log":"|j|\u2606Jkhiiii\n|j|\u2606ElectroShibe\n|t:|1697332954\n|gametype|doubles\n|player|p1|Jkhiiii|ghetsis|1002\n|player|p2|ElectroShibe|265|1149\n|teamsize|p1|6\n|teamsize|p2|6\n|gen|9\n|tier|[Gen 9] National Dex Doubles\n|rated|\n|rule|HP Percentage Mod: HP is shown in percentages\n|rule|Endless Battle Clause: Forcing endless battles is banned\n|rule|OHKO Clause: OHKO moves are banned\n|rule|Evasion Moves Clause: Evasion moves are banned\n|rule|Evasion Abilities Clause: Evasion abilities are banned\n|rule|Species Clause: Limit one of each Pok\u00e9mon\n|rule|Gravity Sleep Clause: The combination of sleep-inducing moves with imperfect accuracy and Gravity or Gigantamax Orbeetle are banned\n|clearpoke\n|poke|p1|Zoroark-Hisui, F|\n|poke|p1|Ursaluna, M|\n|poke|p1|Falinks|\n|poke|p1|Alcremie, F|\n|poke|p1|Skeledirge, M|\n|poke|p1|Granbull, M|\n|poke|p2|Ninetales, M|\n|poke|p2|Ceruledge, F|\n|poke|p2|Arcanine-Hisui, F|\n|poke|p2|Amoonguss, M|\n|poke|p2|Victini|\n|poke|p2|Pawmot, F|\n|teampreview\n|inactive|Battle timer is ON: inactive players will automatically lose when time's up. (requested by Jkhiiii)\n|\n|t:|1697332963\n|start\n|switch|p1a: Alcremie|Alcremie, F|100\/100\n|switch|p1b: Skeledirge|Skeledirge, M|100\/100\n|switch|p2a: Shiru|Victini|100\/100\n|switch|p2b: Pawmot|Pawmot, F|100\/100\n|turn|1\n|\n|t:|1697332976\n|move|p2a: Shiru|Flame Charge|p1a: Alcremie\n|-damage|p1a: Alcremie|72\/100\n|-boost|p2a: Shiru|spe|1\n|move|p2b: Pawmot|Fling|p2a: Shiru\n|-supereffective|p2a: Shiru\n|-damage|p2a: Shiru|94\/100\n|-boost|p2a: Shiru|spe|1|[from] item: Salac Berry\n|-enditem|p2a: Shiru|Weakness Policy\n|-boost|p2a: Shiru|atk|2|[from] item: Weakness Policy\n|-boost|p2a: Shiru|spa|2|[from] item: Weakness Policy\n|-enditem|p2b: Pawmot|Salac Berry|[from] move: Fling\n|move|p1a: Alcremie|Decorate|p1b: Skeledirge\n|-boost|p1b: Skeledirge|atk|2\n|-boost|p1b: Skeledirge|spa|2\n|move|p1b: Skeledirge|Torch Song|p2b: Pawmot\n|-damage|p2b: Pawmot|0 fnt\n|-boost|p1b: Skeledirge|spa|1\n|faint|p2b: Pawmot\n|-enditem|p1b: Skeledirge|Throat Spray\n|-boost|p1b: Skeledirge|spa|1|[from] item: Throat Spray\n|\n|-heal|p1a: Alcremie|78\/100|[from] item: Leftovers\n|upkeep\n|\n|t:|1697333001\n|switch|p2b: impopser amuugu|Amoonguss, M|100\/100\n|turn|2\n|\n|t:|1697333012\n|-terastallize|p1b: Skeledirge|Fire\n|move|p2a: Shiru|Protect|p2a: Shiru\n|-singleturn|p2a: Shiru|Protect\n|move|p1a: Alcremie|Decorate|p1b: Skeledirge\n|-boost|p1b: Skeledirge|atk|2\n|-boost|p1b: Skeledirge|spa|2\n|move|p1b: Skeledirge|Torch Song|p2b: impopser amuugu\n|-supereffective|p2b: impopser amuugu\n|-damage|p2b: impopser amuugu|0 fnt\n|faint|p2b: impopser amuugu\n|\n|-heal|p1a: Alcremie|84\/100|[from] item: Leftovers\n|upkeep\n|\n|t:|1697333028\n|switch|p2b: Amaterasu|Arcanine-Hisui, F|100\/100\n|turn|3\n|\n|t:|1697333039\n|move|p2a: Shiru|Bolt Strike|p1b: Skeledirge\n|-damage|p1b: Skeledirge|72\/100\n|move|p2b: Amaterasu|Head Smash|p1b: Skeledirge\n|-supereffective|p1b: Skeledirge\n|-damage|p1b: Skeledirge|0 fnt\n|faint|p1b: Skeledirge\n|move|p1a: Alcremie|Dazzling Gleam|p2b: Amaterasu|[spread] p2a,p2b\n|-resisted|p2a: Shiru\n|-resisted|p2b: Amaterasu\n|-damage|p2a: Shiru|83\/100\n|-damage|p2b: Amaterasu|91\/100\n|\n|-heal|p1a: Alcremie|90\/100|[from] item: Leftovers\n|upkeep\n|\n|t:|1697333053\n|switch|p1b: Ursaluna|Ursaluna, M|100\/100\n|turn|4\n|\n|t:|1697333065\n|move|p2a: Shiru|V-create|p1b: Ursaluna\n|-damage|p1b: Ursaluna|0 fnt\n|-unboost|p2a: Shiru|spe|1\n|-unboost|p2a: Shiru|def|1\n|-unboost|p2a: Shiru|spd|1\n|faint|p1b: Ursaluna\n|move|p2b: Amaterasu|Head Smash|p1a: Alcremie\n|-damage|p1a: Alcremie|2\/100\n|move|p1a: Alcremie|Decorate|p1: Ursaluna|[notarget]\n|-fail|p1a: Alcremie\n|\n|-heal|p1a: Alcremie|8\/100|[from] item: Leftovers\n|upkeep\n|-message|Jkhiiii forfeited.\n|\n|win|ElectroShibe\n|raw|Jkhiiii's rating: 1002 &rarr; <strong>1000<\/strong><br \/>(-2 for losing)\n|raw|ElectroShibe's rating: 1149 &rarr; <strong>1164<\/strong><br \/>(+15 for winning)\n|l|\u2606Jkhiiii\n","uploadtime":1697333083,"views":8,"p1id":"jkhiiii","p2id":"electroshibe","formatid":"gen9nationaldexdoubles","rating":1000,"private":0,"password":""}