{"id":"gen9nationaldexdoubles-1970693499","p1":"EpicGuy321","p2":"Denvah_17","format":"[Gen 9] National Dex Doubles","log":"|j|\u2606EpicGuy321\n|j|\u2606Denvah_17\n|t:|1697658764\n|gametype|doubles\n|player|p1|EpicGuy321|169|1342\n|player|p2|Denvah_17|alder|1559\n|teamsize|p1|6\n|teamsize|p2|6\n|gen|9\n|tier|[Gen 9] National Dex Doubles\n|rated|\n|rule|HP Percentage Mod: HP is shown in percentages\n|rule|Endless Battle Clause: Forcing endless battles is banned\n|rule|OHKO Clause: OHKO moves are banned\n|rule|Evasion Moves Clause: Evasion moves are banned\n|rule|Evasion Abilities Clause: Evasion abilities are banned\n|rule|Species Clause: Limit one of each Pok\u00e9mon\n|rule|Gravity Sleep Clause: The combination of sleep-inducing moves with imperfect accuracy and Gravity or Gigantamax Orbeetle are banned\n|clearpoke\n|poke|p1|Ogerpon-Hearthflame, F|\n|poke|p1|Incineroar, M|\n|poke|p1|Sinistcha-Masterpiece|\n|poke|p1|Tornadus, M|\n|poke|p1|Flutter Mane|\n|poke|p1|Walking Wake|\n|poke|p2|Sinistcha-Masterpiece|\n|poke|p2|Diancie|\n|poke|p2|Okidogi, M|\n|poke|p2|Ursaluna-Bloodmoon, M|\n|poke|p2|Volcanion|\n|poke|p2|Golisopod, F|\n|teampreview\n|inactive|Battle timer is ON: inactive players will automatically lose when time's up. (requested by Denvah_17)\n|\n|t:|1697658783\n|start\n|switch|p1a: Menace|Incineroar, M|100\/100\n|switch|p1b: Walking Wake|Walking Wake|100\/100\n|switch|p2a: Rihanna|Diancie, shiny|100\/100\n|switch|p2b: Freddy Fazbear|Ursaluna-Bloodmoon, M|100\/100\n|-ability|p1a: Menace|Intimidate|boost\n|-fail|p2a: Rihanna|unboost|[from] ability: Clear Body|[of] p2a: Rihanna\n|-unboost|p2b: Freddy Fazbear|atk|1\n|turn|1\n|\n|t:|1697658794\n|switch|p2b: Mr. Saxobeat|Volcanion|100\/100\n|-terastallize|p1b: Walking Wake|Water\n|move|p1a: Menace|Fake Out|p2b: Mr. Saxobeat\n|-damage|p2b: Mr. Saxobeat|91\/100\n|move|p1b: Walking Wake|Agility|p1b: Walking Wake\n|-boost|p1b: Walking Wake|spe|2\n|move|p2a: Rihanna|Trick Room|p2a: Rihanna\n|-fieldstart|move: Trick Room|[of] p2a: Rihanna\n|\n|-heal|p2b: Mr. Saxobeat|97\/100|[from] item: Leftovers\n|upkeep\n|turn|2\n|\n|t:|1697658821\n|move|p2a: Rihanna|Diamond Storm|p1b: Walking Wake|[spread] p1a,p1b\n|-supereffective|p1a: Menace\n|-damage|p1a: Menace|39\/100\n|-damage|p1b: Walking Wake|74\/100\n|move|p2b: Mr. Saxobeat|Earth Power|p1b: Walking Wake\n|-damage|p1b: Walking Wake|39\/100\n|move|p1a: Menace|Parting Shot|p2b: Mr. Saxobeat\n|-unboost|p2b: Mr. Saxobeat|atk|1\n|-unboost|p2b: Mr. Saxobeat|spa|1\n|inactive|EpicGuy321 has 120 seconds left.\n|\n|t:|1697658833\n|switch|p1a: Sinistcha|Sinistcha-Masterpiece|100\/100|[from] Parting Shot\n|-heal|p1b: Walking Wake|64\/100|[from] ability: Hospitality|[of] p1a: Sinistcha\n|move|p1b: Walking Wake|Hydro Steam|p2a: Rihanna\n|-supereffective|p2a: Rihanna\n|-damage|p2a: Rihanna|17\/100\n|-enditem|p2a: Rihanna|Weakness Policy\n|-boost|p2a: Rihanna|atk|2|[from] item: Weakness Policy\n|-boost|p2a: Rihanna|spa|2|[from] item: Weakness Policy\n|\n|-heal|p2b: Mr. Saxobeat|100\/100|[from] item: Leftovers\n|upkeep\n|turn|3\n|\n|t:|1697658847\n|move|p2a: Rihanna|Diamond Storm|p1b: Walking Wake|[spread] p1a,p1b\n|-damage|p1a: Sinistcha|47\/100\n|-damage|p1b: Walking Wake|12\/100\n|-boost|p2a: Rihanna|def|2\n|-enditem|p1a: Sinistcha|Sitrus Berry|[eat]\n|-heal|p1a: Sinistcha|72\/100|[from] item: Sitrus Berry\n|move|p2b: Mr. Saxobeat|Heat Wave|p1a: Sinistcha|[spread] p1a,p1b\n|-supereffective|p1a: Sinistcha\n|-resisted|p1b: Walking Wake\n|-damage|p1a: Sinistcha|21\/100\n|-damage|p1b: Walking Wake|0 fnt\n|faint|p1b: Walking Wake\n|-end|p1b: Walking Wake|Protosynthesis|[silent]\n|move|p1a: Sinistcha|Matcha Gotcha|p2b: Mr. Saxobeat|[spread] p2a,p2b\n|-supereffective|p2a: Rihanna\n|-damage|p2a: Rihanna|0 fnt\n|-heal|p1a: Sinistcha|29\/100|[from] drain|[of] p2a: Rihanna\n|-damage|p2b: Mr. Saxobeat|68\/100\n|-heal|p1a: Sinistcha|46\/100|[from] drain|[of] p2b: Mr. Saxobeat\n|faint|p2a: Rihanna\n|\n|-heal|p2b: Mr. Saxobeat|74\/100|[from] item: Leftovers\n|upkeep\n|-message|EpicGuy321 forfeited.\n|\n|win|Denvah_17\n|raw|EpicGuy321's rating: 1342 &rarr; <strong>1333<\/strong><br \/>(-9 for losing)\n|raw|Denvah_17's rating: 1559 &rarr; <strong>1568<\/strong><br \/>(+9 for winning)\n|l|\u2606EpicGuy321\n","uploadtime":1697658872,"views":9,"p1id":"epicguy321","p2id":"denvah17","formatid":"gen9nationaldexdoubles","rating":1333,"private":0,"password":""}