{"id":"gen9nationaldexdoubles-1971537372","p1":"Hui tig","p2":"Cinderace ronaldo","format":"[Gen 9] National Dex Doubles","log":"|j|\u2606Hui tig\n|j|\u2606Cinderace ronaldo\n|t:|1697746461\n|gametype|doubles\n|player|p1|Hui tig|2|1064\n|player|p2|Cinderace ronaldo|cynthia-gen4|1000\n|teamsize|p1|6\n|teamsize|p2|6\n|gen|9\n|tier|[Gen 9] National Dex Doubles\n|rated|\n|rule|HP Percentage Mod: HP is shown in percentages\n|rule|Endless Battle Clause: Forcing endless battles is banned\n|rule|OHKO Clause: OHKO moves are banned\n|rule|Evasion Moves Clause: Evasion moves are banned\n|rule|Evasion Abilities Clause: Evasion abilities are banned\n|rule|Species Clause: Limit one of each Pok\u00e9mon\n|rule|Gravity Sleep Clause: The combination of sleep-inducing moves with imperfect accuracy and Gravity or Gigantamax Orbeetle are banned\n|clearpoke\n|poke|p1|Blastoise, M|\n|poke|p1|Clefable, F|\n|poke|p1|Indeedee-F, F|\n|poke|p1|Mr. Mime, M|\n|poke|p1|Glastrier|\n|poke|p1|Oranguru, M|\n|poke|p2|Oricorio-Pom-Pom, F|\n|poke|p2|Delphox, F|\n|poke|p2|Venomoth, M|\n|poke|p2|Indeedee-F, F|\n|poke|p2|Sylveon, M|\n|poke|p2|Uxie|\n|teampreview\n|inactive|Battle timer is ON: inactive players will automatically lose when time's up. (requested by Cinderace ronaldo)\n|\n|t:|1697746476\n|start\n|switch|p1a: Glastrier|Glastrier|100\/100\n|switch|p1b: Indeedee|Indeedee-F, F|100\/100\n|switch|p2a: Oricorio|Oricorio-Pom-Pom, F|100\/100\n|switch|p2b: Uxie|Uxie|100\/100\n|-fieldstart|move: Psychic Terrain|[from] ability: Psychic Surge|[of] p1b: Indeedee\n|turn|1\n|\n|t:|1697746489\n|move|p2b: Uxie|Skill Swap|p2a: Oricorio\n|-activate|p2b: Uxie|move: Skill Swap|||[of] p2a: Oricorio\n|move|p2a: Oricorio|Quiver Dance|p2a: Oricorio\n|-boost|p2a: Oricorio|spa|1\n|-boost|p2a: Oricorio|spd|1\n|-boost|p2a: Oricorio|spe|1\n|-activate|p2b: Uxie|ability: Dancer\n|move|p2b: Uxie|Quiver Dance|p2b: Uxie|[from]ability: Dancer\n|-boost|p2b: Uxie|spa|1\n|-boost|p2b: Uxie|spd|1\n|-boost|p2b: Uxie|spe|1\n|move|p1a: Glastrier|Icicle Spear|p2a: Oricorio\n|-supereffective|p2a: Oricorio\n|-damage|p2a: Oricorio|58\/100\n|-supereffective|p2a: Oricorio\n|-damage|p2a: Oricorio|15\/100\n|-supereffective|p2a: Oricorio\n|-damage|p2a: Oricorio|0 fnt\n|faint|p2a: Oricorio\n|-ability|p1a: Glastrier|Chilling Neigh|boost\n|-boost|p1a: Glastrier|atk|1\n|-hitcount|p2: Oricorio|3\n|move|p1b: Indeedee|Trick Room|p1b: Indeedee\n|-fieldstart|move: Trick Room|[of] p1b: Indeedee\n|\n|upkeep\n|inactive|Cinderace ronaldo has 120 seconds left.\n|-message|Cinderace ronaldo forfeited.\n|\n|win|Hui tig\n|raw|Hui tig's rating: 1064 &rarr; <strong>1089<\/strong><br \/>(+25 for winning)\n|raw|Cinderace ronaldo's rating: 1000 &rarr; <strong>1000<\/strong><br \/>(+0 for losing)\n|l|\u2606Cinderace ronaldo\n","uploadtime":1697746521,"views":6,"p1id":"huitig","p2id":"cinderaceronaldo","formatid":"gen9nationaldexdoubles","rating":1000,"private":0,"password":""}