{"id":"gen9nationaldexdoubles-1962603453","p1":"Caio o78","p2":"fumbari 24","format":"[Gen 9] National Dex Doubles","log":"|j|\u2606Caio o78\n|j|\u2606fumbari 24\n|t:|1696773551\n|gametype|doubles\n|player|p1|Caio o78|ltsurge|1089\n|player|p2|fumbari 24|266|1331\n|teamsize|p1|6\n|teamsize|p2|6\n|gen|9\n|tier|[Gen 9] National Dex Doubles\n|rated|\n|rule|HP Percentage Mod: HP is shown in percentages\n|rule|Endless Battle Clause: Forcing endless battles is banned\n|rule|OHKO Clause: OHKO moves are banned\n|rule|Evasion Moves Clause: Evasion moves are banned\n|rule|Evasion Abilities Clause: Evasion abilities are banned\n|rule|Species Clause: Limit one of each Pok\u00e9mon\n|rule|Gravity Sleep Clause: The combination of sleep-inducing moves with imperfect accuracy and Gravity or Gigantamax Orbeetle are banned\n|clearpoke\n|poke|p1|Lucario, F|\n|poke|p1|Maushold-Four|\n|poke|p1|Volcarona, M|\n|poke|p1|Lilligant-Hisui, F|\n|poke|p1|Gyarados, F|\n|poke|p1|Grimmsnarl, M|\n|poke|p2|Kommo-o, M|\n|poke|p2|Clefairy, F|\n|poke|p2|Volcanion|\n|poke|p2|Sinistcha|\n|poke|p2|Gardevoir, F|\n|poke|p2|Gallade, M|\n|teampreview\n|\n|t:|1696773582\n|start\n|switch|p1a: Lucario|Lucario, F, shiny|100\/100\n|switch|p1b: Maushold|Maushold-Four|100\/100\n|switch|p2a: ChunJu|Volcanion|100\/100\n|switch|p2b: Longyuan|Gallade, M|100\/100\n|turn|1\n|inactive|Battle timer is ON: inactive players will automatically lose when time's up. (requested by Caio o78)\n|\n|t:|1696773602\n|move|p1b: Maushold|Beat Up|p1a: Lucario\n|-resisted|p1a: Lucario\n|-damage|p1a: Lucario|98\/100\n|-ability|p1a: Lucario|Justified|boost\n|-boost|p1a: Lucario|atk|1\n|-resisted|p1a: Lucario\n|-damage|p1a: Lucario|97\/100\n|-ability|p1a: Lucario|Justified|boost\n|-boost|p1a: Lucario|atk|1\n|-resisted|p1a: Lucario\n|-damage|p1a: Lucario|96\/100\n|-ability|p1a: Lucario|Justified|boost\n|-boost|p1a: Lucario|atk|1\n|-resisted|p1a: Lucario\n|-damage|p1a: Lucario|93\/100\n|-ability|p1a: Lucario|Justified|boost\n|-boost|p1a: Lucario|atk|1\n|-resisted|p1a: Lucario\n|-damage|p1a: Lucario|91\/100\n|-ability|p1a: Lucario|Justified|boost\n|-boost|p1a: Lucario|atk|1\n|-resisted|p1a: Lucario\n|-damage|p1a: Lucario|89\/100\n|-ability|p1a: Lucario|Justified|boost\n|-boost|p1a: Lucario|atk|1\n|-hitcount|p1a: Lucario|6\n|move|p1a: Lucario|Agility|p1a: Lucario\n|-boost|p1a: Lucario|spe|2\n|move|p2a: ChunJu|Heat Wave|p1a: Lucario|[spread] p1a,p1b\n|-supereffective|p1a: Lucario\n|-damage|p1a: Lucario|0 fnt\n|-damage|p1b: Maushold|52\/100\n|faint|p1a: Lucario\n|move|p2b: Longyuan|Sacred Sword|p1b: Maushold\n|-supereffective|p1b: Maushold\n|-damage|p1b: Maushold|0 fnt\n|faint|p1b: Maushold\n|\n|upkeep\n|inactive|Caio o78 has 120 seconds left.\n|\n|t:|1696773640\n|switch|p1b: Gyarados|Gyarados, F|100\/100\n|switch|p1a: Lilligant|Lilligant-Hisui, F, shiny|100\/100\n|turn|2\n|\n|t:|1696773654\n|detailschange|p1b: Gyarados|Gyarados-Mega, F\n|-mega|p1b: Gyarados|Gyarados|Gyaradosite\n|-ability|p1b: Gyarados|Mold Breaker\n|move|p1a: Lilligant|Victory Dance|p1a: Lilligant\n|-boost|p1a: Lilligant|atk|1\n|-boost|p1a: Lilligant|def|1\n|-boost|p1a: Lilligant|spe|1\n|move|p1b: Gyarados|Dragon Dance|p1b: Gyarados\n|-boost|p1b: Gyarados|atk|1\n|-boost|p1b: Gyarados|spe|1\n|move|p2a: ChunJu|Substitute|p2a: ChunJu\n|-start|p2a: ChunJu|Substitute\n|-damage|p2a: ChunJu|76\/100\n|move|p2b: Longyuan|Trick Room|p2b: Longyuan\n|-fieldstart|move: Trick Room|[of] p2b: Longyuan\n|\n|-heal|p2a: ChunJu|82\/100|[from] item: Leftovers\n|upkeep\n|turn|3\n|inactive|Caio o78 has 120 seconds left.\n|\n|t:|1696773700\n|move|p2b: Longyuan|Sacred Sword|p1b: Gyarados\n|-supereffective|p1b: Gyarados\n|-damage|p1b: Gyarados|0 fnt\n|faint|p1b: Gyarados\n|move|p2a: ChunJu|Heat Wave|p1a: Lilligant|[miss]\n|-miss|p2a: ChunJu|p1a: Lilligant\n|move|p1a: Lilligant|Leaf Blade|p2a: ChunJu\n|-end|p2a: ChunJu|Substitute\n|\n|-heal|p2a: ChunJu|88\/100|[from] item: Leftovers\n|upkeep\n|\n|t:|1696773715\n|switch|p1b: Volcarona|Volcarona, M|100\/100\n|turn|4\n|inactive|Caio o78 has 120 seconds left.\n|\n|t:|1696773731\n|move|p2b: Longyuan|Sacred Sword|p1a: Lilligant\n|-damage|p1a: Lilligant|0 fnt\n|faint|p1a: Lilligant\n|move|p2a: ChunJu|Heat Wave|p1b: Volcarona\n|-damage|p1b: Volcarona|48\/100\n|move|p1b: Volcarona|Bug Buzz|p2b: Longyuan\n|-damage|p2b: Longyuan|52\/100\n|\n|-heal|p2a: ChunJu|94\/100|[from] item: Leftovers\n|-heal|p1b: Volcarona|55\/100|[from] item: Leftovers\n|upkeep\n|inactive|Caio o78 has 120 seconds left.\n|-message|Caio o78 forfeited.\n|\n|win|fumbari 24\n|raw|Caio o78's rating: 1089 &rarr; <strong>1080<\/strong><br \/>(-9 for losing)\n|raw|fumbari 24's rating: 1331 &rarr; <strong>1339<\/strong><br \/>(+8 for winning)\n|l|\u2606Caio o78\n","uploadtime":1696773759,"views":8,"p1id":"caioo78","p2id":"fumbari24","formatid":"gen9nationaldexdoubles","rating":1080,"private":0,"password":""}