{"id":"gen9nationaldexdoubles-1947340389","p1":"Toxic Ariados","p2":"Pixxolao","format":"[Gen 9] National Dex Doubles","log":"|j|\u2606Toxic Ariados\n|j|\u2606Pixxolao\n|t:|1695152556\n|gametype|doubles\n|player|p1|Toxic Ariados|lucas|1411\n|player|p2|Pixxolao|1|1198\n|teamsize|p1|6\n|teamsize|p2|6\n|gen|9\n|tier|[Gen 9] National Dex Doubles\n|rated|\n|rule|HP Percentage Mod: HP is shown in percentages\n|rule|Endless Battle Clause: Forcing endless battles is banned\n|rule|OHKO Clause: OHKO moves are banned\n|rule|Evasion Moves Clause: Evasion moves are banned\n|rule|Evasion Abilities Clause: Evasion abilities are banned\n|rule|Species Clause: Limit one of each Pok\u00e9mon\n|rule|Gravity Sleep Clause: The combination of sleep-inducing moves with imperfect accuracy and Gravity or Gigantamax Orbeetle are banned\n|clearpoke\n|poke|p1|Rillaboom, M|\n|poke|p1|Volcarona, F|\n|poke|p1|Okidogi, M|\n|poke|p1|Sinistcha-Masterpiece|\n|poke|p1|Ceruledge, M|\n|poke|p1|Grimmsnarl, M|\n|poke|p2|Gothitelle, M|\n|poke|p2|Flutter Mane|\n|poke|p2|Chi-Yu|\n|poke|p2|Torkoal, F|\n|poke|p2|Iron Hands|\n|poke|p2|Lilligant, F|\n|teampreview\n|inactive|Battle timer is ON: inactive players will automatically lose when time's up. (requested by Pixxolao)\n|\n|t:|1695152572\n|start\n|switch|p1a: Bongo|Rillaboom, M|100\/100\n|switch|p1b: Solstice|Volcarona, F|100\/100\n|switch|p2a: Torkoal|Torkoal, F|100\/100\n|switch|p2b: Lilligant|Lilligant, F|100\/100\n|-fieldstart|move: Grassy Terrain|[from] ability: Grassy Surge|[of] p1a: Bongo\n|-weather|SunnyDay|[from] ability: Drought|[of] p2a: Torkoal\n|turn|1\n|\n|t:|1695152598\n|-terastallize|p2a: Torkoal|Fire\n|move|p1a: Bongo|Fake Out|p2a: Torkoal\n|-damage|p2a: Torkoal|89\/100\n|move|p2b: Lilligant|After You|p2a: Torkoal\n|-activate|p2a: Torkoal|move: After You\n|cant|p2a: Torkoal|flinch\n|move|p1b: Solstice|Heat Wave|p2b: Lilligant|[spread] p2a,p2b\n|-resisted|p2a: Torkoal\n|-supereffective|p2b: Lilligant\n|-damage|p2a: Torkoal|47\/100\n|-damage|p2b: Lilligant|0 fnt\n|faint|p2b: Lilligant\n|\n|-weather|SunnyDay|[upkeep]\n|-heal|p2a: Torkoal|53\/100|[from] Grassy Terrain\n|upkeep\n|inactive|Pixxolao has 120 seconds left.\n|\n|t:|1695152614\n|switch|p2b: Gothitelle|Gothitelle, M|100\/100\n|turn|2\n|\n|t:|1695152626\n|move|p1b: Solstice|Heat Wave|p2a: Torkoal|[spread] p2a,p2b\n|-resisted|p2a: Torkoal\n|-damage|p2a: Torkoal|14\/100\n|-damage|p2b: Gothitelle|42\/100\n|-enditem|p2b: Gothitelle|Sitrus Berry|[eat]\n|-heal|p2b: Gothitelle|67\/100|[from] item: Sitrus Berry\n|move|p1a: Bongo|High Horsepower|p2a: Torkoal\n|-supereffective|p2a: Torkoal\n|-damage|p2a: Torkoal|0 fnt\n|faint|p2a: Torkoal\n|move|p2b: Gothitelle|Heal Pulse|p2: Torkoal|[notarget]\n|-fail|p2b: Gothitelle\n|\n|-weather|SunnyDay|[upkeep]\n|-heal|p2b: Gothitelle|73\/100|[from] Grassy Terrain\n|upkeep\n|-message|Pixxolao forfeited.\n|\n|win|Toxic Ariados\n|raw|Toxic Ariados's rating: 1411 &rarr; <strong>1420<\/strong><br \/>(+9 for winning)\n|raw|Pixxolao's rating: 1198 &rarr; <strong>1187<\/strong><br \/>(-11 for losing)\n|l|\u2606Pixxolao\n","uploadtime":1695152641,"views":5,"p1id":"toxicariados","p2id":"pixxolao","formatid":"gen9nationaldexdoubles","rating":1187,"private":0,"password":""}