{"id":"gen9nationaldexdoubles-1990232229","p1":"Material Pain","p2":"DragoniteDuskull","format":"[Gen 9] National Dex Doubles","log":"|j|\u2606Material Pain\n|j|\u2606DragoniteDuskull\n|t:|1699941388\n|gametype|doubles\n|player|p1|Material Pain|hugh|1330\n|player|p2|DragoniteDuskull|will|1510\n|teamsize|p1|6\n|teamsize|p2|6\n|gen|9\n|tier|[Gen 9] National Dex Doubles\n|rated|\n|rule|HP Percentage Mod: HP is shown in percentages\n|rule|Endless Battle Clause: Forcing endless battles is banned\n|rule|OHKO Clause: OHKO moves are banned\n|rule|Evasion Moves Clause: Evasion moves are banned\n|rule|Evasion Abilities Clause: Evasion abilities are banned\n|rule|Species Clause: Limit one of each Pok\u00e9mon\n|rule|Gravity Sleep Clause: The combination of sleep-inducing moves with imperfect accuracy and Gravity or Gigantamax Orbeetle are banned\n|clearpoke\n|poke|p1|Metagross|\n|poke|p1|Milotic, M|\n|poke|p1|Tapu Lele|\n|poke|p1|Armarouge, F|\n|poke|p1|Hydreigon, F|\n|poke|p1|Regieleki|\n|poke|p2|Stakataka|\n|poke|p2|Necrozma|\n|poke|p2|Heatran, M|\n|poke|p2|Ursaluna, F|\n|poke|p2|Hoopa-Unbound|\n|poke|p2|Uxie|\n|teampreview\n|inactive|Battle timer is ON: inactive players will automatically lose when time's up. (requested by Material Pain)\n|inactive|DragoniteDuskull has 120 seconds left.\n|inactive|DragoniteDuskull has 90 seconds left.\n|inactive|DragoniteDuskull has 60 seconds left.\n|inactive|DragoniteDuskull has 30 seconds left.\n|inactive|DragoniteDuskull has 20 seconds left.\n|inactive|DragoniteDuskull has 15 seconds left.\n|inactive|DragoniteDuskull has 10 seconds left.\n|\n|t:|1699941553\n|start\n|switch|p1a: Tapu Lele|Tapu Lele|100\/100\n|switch|p1b: Hydreigon|Hydreigon, F|100\/100\n|switch|p2a: Hoopa|Hoopa-Unbound|100\/100\n|switch|p2b: Uxie|Uxie|100\/100\n|-fieldstart|move: Psychic Terrain|[from] ability: Psychic Surge|[of] p1a: Tapu Lele\n|turn|1\n|inactive|DragoniteDuskull has 90 seconds left.\n|\n|t:|1699941580\n|switch|p2b: Stakataka|Stakataka|100\/100\n|-terastallize|p1b: Hydreigon|Dark\n|move|p1b: Hydreigon|Dark Pulse|p2b: Stakataka\n|-damage|p2b: Stakataka|42\/100\n|move|p1a: Tapu Lele|Taunt|p2b: Stakataka\n|-start|p2b: Stakataka|move: Taunt\n|move|p2a: Hoopa|Trick Room|p2a: Hoopa\n|-fieldstart|move: Trick Room|[of] p2a: Hoopa\n|-enditem|p2a: Hoopa|Room Service\n|-unboost|p2a: Hoopa|spe|1|[from] item: Room Service\n|\n|upkeep\n|turn|2\n|inactive|DragoniteDuskull has 90 seconds left.\n|-message|Material Pain forfeited.\n|\n|win|DragoniteDuskull\n|raw|Material Pain's rating: 1330 &rarr; <strong>1320<\/strong><br \/>(-10 for losing)\n|raw|DragoniteDuskull's rating: 1510 &rarr; <strong>1520<\/strong><br \/>(+10 for winning)\n|l|\u2606Material Pain\n","uploadtime":1699941617,"views":6,"p1id":"materialpain","p2id":"dragoniteduskull","formatid":"gen9nationaldexdoubles","rating":1320,"private":0,"password":""}