{"id":"gen9nationaldexdoubles-1986324882","p1":"Samgard\u3150\u3134\u3150\u315c\u315b\u3150\u3134","p2":"Fj poi ur ou","format":"[Gen 9] National Dex Doubles","log":"|j|\u203dSamgard\u3150\u3134\u3150\u315c\u315b\u3150\u3134\n|j|\u2606Fj poi ur ou\n|t:|1699469387\n|gametype|doubles\n|player|p1|Samgard\u3150\u3134\u3150\u315c\u315b\u3150\u3134|caitlin-masters|1071\n|player|p2|Fj poi ur ou|lucas|1000\n|teamsize|p1|4\n|teamsize|p2|6\n|gen|9\n|tier|[Gen 9] National Dex Doubles\n|rated|\n|rule|HP Percentage Mod: HP is shown in percentages\n|rule|Endless Battle Clause: Forcing endless battles is banned\n|rule|OHKO Clause: OHKO moves are banned\n|rule|Evasion Moves Clause: Evasion moves are banned\n|rule|Evasion Abilities Clause: Evasion abilities are banned\n|rule|Species Clause: Limit one of each Pok\u00e9mon\n|rule|Gravity Sleep Clause: The combination of sleep-inducing moves with imperfect accuracy and Gravity or Gigantamax Orbeetle are banned\n|clearpoke\n|poke|p1|Golduck, F|\n|poke|p1|Falinks|\n|poke|p1|Eevee, M|\n|poke|p1|Gholdengo|\n|poke|p2|Indeedee, M|\n|poke|p2|Deoxys-Attack|\n|poke|p2|Typhlosion, M|\n|poke|p2|Kartana|\n|poke|p2|Murkrow, F|\n|poke|p2|Shuckle, M|\n|teampreview\n|inactive|Battle timer is ON: inactive players will automatically lose when time's up. (requested by Samgard\u3150\u3134\u3150\u315c\u315b\u3150\u3134)\n|\n|t:|1699469399\n|start\n|switch|p1a: Golduck|Golduck, F|100\/100\n|switch|p1b: Eevee|Eevee, M|100\/100\n|switch|p2a: Murkrow|Murkrow, F|100\/100\n|switch|p2b: Shuckle|Shuckle, M|100\/100\n|-ability|p1a: Golduck|Cloud Nine\n|turn|1\n|\n|t:|1699469406\n|move|p2a: Murkrow|Perish Song|p2a: Murkrow\n|-start|p1a: Golduck|perish3|[silent]\n|-start|p1b: Eevee|perish3|[silent]\n|-start|p2a: Murkrow|perish3|[silent]\n|-start|p2b: Shuckle|perish3|[silent]\n|-fieldactivate|move: Perish Song\n|move|p1a: Golduck|Simple Beam|p1b: Eevee\n|-endability|p1b: Eevee|Adaptability|[from] move: Simple Beam\n|-ability|p1b: Eevee|Simple|[from] move: Simple Beam\n|-zpower|p1b: Eevee\n|move|p1b: Eevee|Extreme Evoboost|p1b: Eevee\n|-boost|p1b: Eevee|atk|4\n|-boost|p1b: Eevee|def|4\n|-boost|p1b: Eevee|spa|4\n|-boost|p1b: Eevee|spd|4\n|-boost|p1b: Eevee|spe|4\n|move|p2b: Shuckle|Toxic|p1a: Golduck|[miss]\n|-miss|p2b: Shuckle|p1a: Golduck\n|\n|-start|p1b: Eevee|perish3\n|-start|p1a: Golduck|perish3\n|-start|p2a: Murkrow|perish3\n|-start|p2b: Shuckle|perish3\n|upkeep\n|turn|2\n|\n|t:|1699469423\n|move|p2a: Murkrow|Haze|p2a: Murkrow\n|-clearallboost\n|move|p1a: Golduck|Hydro Pump|p2b: Shuckle|[miss]\n|-miss|p1a: Golduck|p2b: Shuckle\n|move|p1b: Eevee|Baton Pass|p1b: Eevee\n|\n|t:|1699469426\n|switch|p1b: Gholdengo|Gholdengo|100\/100|[from] Baton Pass\n|move|p2b: Shuckle|Toxic|p1a: Golduck\n|-status|p1a: Golduck|tox\n|\n|-damage|p1a: Golduck|95\/100 tox|[from] psn\n|-start|p1a: Golduck|perish2\n|-start|p1b: Gholdengo|perish2\n|-start|p2a: Murkrow|perish2\n|-start|p2b: Shuckle|perish2\n|upkeep\n|turn|3\n|-message|Samgard\u3150\u3134\u3150\u315c\u315b\u3150\u3134 forfeited.\n|\n|win|Fj poi ur ou\n|raw|Samgard\u3150\u3134\u3150\u315c\u315b\u3150\u3134's rating: 1071 &rarr; <strong>1046<\/strong><br \/>(-25 for losing)\n|raw|Fj poi ur ou's rating: 1000 &rarr; <strong>1048<\/strong><br \/>(+48 for winning)\n|l|\u203dSamgard\u3150\u3134\u3150\u315c\u315b\u3150\u3134\n","uploadtime":1699469447,"views":5,"p1id":"samgard","p2id":"fjpoiurou","formatid":"gen9nationaldexdoubles","rating":1046,"private":0,"password":""}