{"id":"gen9nationaldexdoubles-1948761283","p1":"sherlockastral","p2":"the maraculous","format":"[Gen 9] National Dex Doubles","log":"|j|\u2606sherlockastral\n|j|\u2606the maraculous\n|t:|1695300487\n|gametype|doubles\n|player|p1|sherlockastral|102|1042\n|player|p2|the maraculous|dragontamer|1345\n|teamsize|p1|6\n|teamsize|p2|6\n|gen|9\n|tier|[Gen 9] National Dex Doubles\n|rated|\n|rule|HP Percentage Mod: HP is shown in percentages\n|rule|Endless Battle Clause: Forcing endless battles is banned\n|rule|OHKO Clause: OHKO moves are banned\n|rule|Evasion Moves Clause: Evasion moves are banned\n|rule|Evasion Abilities Clause: Evasion abilities are banned\n|rule|Species Clause: Limit one of each Pok\u00e9mon\n|rule|Gravity Sleep Clause: The combination of sleep-inducing moves with imperfect accuracy and Gravity or Gigantamax Orbeetle are banned\n|clearpoke\n|poke|p1|Krookodile, F|\n|poke|p1|Shaymin-Sky|\n|poke|p1|Slaking, M|\n|poke|p1|Chimecho, F|\n|poke|p1|Vaporeon, M|\n|poke|p1|Espathra, F|\n|poke|p2|Xurkitree|\n|poke|p2|Iron Valiant|\n|poke|p2|Chandelure, M|\n|poke|p2|Landorus-Therian, M|\n|poke|p2|Kartana|\n|poke|p2|Farigiraf, F|\n|teampreview\n|\n|t:|1695300506\n|start\n|switch|p1a: Krookodile|Krookodile, F|100\/100\n|switch|p1b: Shaymin|Shaymin-Sky|100\/100\n|switch|p2a: Iron Valiant|Iron Valiant|100\/100\n|switch|p2b: Xurkitree|Xurkitree|100\/100\n|-ability|p1a: Krookodile|Intimidate|boost\n|-unboost|p2a: Iron Valiant|atk|1\n|-unboost|p2b: Xurkitree|atk|1\n|turn|1\n|\n|t:|1695300527\n|-terastallize|p1a: Krookodile|Ground\n|move|p2a: Iron Valiant|Wide Guard|p2a: Iron Valiant\n|-singleturn|p2a: Iron Valiant|Wide Guard\n|move|p1b: Shaymin|Dazzling Gleam|p2a: Iron Valiant|[spread] \n|-activate|p2a: Iron Valiant|move: Wide Guard\n|-activate|p2b: Xurkitree|move: Wide Guard\n|move|p1a: Krookodile|Earthquake|p2a: Iron Valiant|[spread] \n|-activate|p2a: Iron Valiant|move: Wide Guard\n|-activate|p2b: Xurkitree|move: Wide Guard\n|-immune|p1b: Shaymin\n|-zpower|p2b: Xurkitree\n|move|p2b: Xurkitree|Z-Electric Terrain|p2b: Xurkitree|[anim]Electric Terrain\n|-boost|p2b: Xurkitree|spe|1|[zeffect]\n|-fieldstart|move: Electric Terrain\n|-activate|p2a: Iron Valiant|ability: Quark Drive\n|-start|p2a: Iron Valiant|quarkdrivespe\n|\n|upkeep\n|turn|2\n|\n|t:|1695300547\n|move|p2a: Iron Valiant|Moonblast|p1a: Krookodile\n|-damage|p1a: Krookodile|23\/100\n|-unboost|p1a: Krookodile|spa|1\n|-damage|p2a: Iron Valiant|91\/100|[from] item: Life Orb\n|move|p2b: Xurkitree|Energy Ball|p1a: Krookodile\n|-supereffective|p1a: Krookodile\n|-crit|p1a: Krookodile\n|-damage|p1a: Krookodile|0 fnt\n|faint|p1a: Krookodile\n|-ability|p2b: Xurkitree|Beast Boost|boost\n|-boost|p2b: Xurkitree|spa|1\n|move|p1b: Shaymin|Dazzling Gleam|p2a: Iron Valiant|[spread] p2a,p2b\n|-supereffective|p2a: Iron Valiant\n|-damage|p2a: Iron Valiant|0 fnt\n|-damage|p2b: Xurkitree|65\/100\n|faint|p2a: Iron Valiant\n|-end|p2a: Iron Valiant|Quark Drive|[silent]\n|-damage|p1b: Shaymin|91\/100|[from] item: Life Orb\n|\n|upkeep\n|\n|t:|1695300575\n|switch|p2a: Farigiraf|Farigiraf, F|100\/100\n|switch|p1a: Espathra|Espathra, F|100\/100\n|turn|3\n|\n|t:|1695300595\n|move|p1a: Espathra|Protect|p1a: Espathra\n|-singleturn|p1a: Espathra|Protect\n|move|p2b: Xurkitree|Rising Voltage|p1b: Shaymin\n|-damage|p1b: Shaymin|0 fnt\n|faint|p1b: Shaymin\n|-ability|p2b: Xurkitree|Beast Boost|boost\n|-boost|p2b: Xurkitree|spa|1\n|move|p2a: Farigiraf|Hyper Voice|p1a: Espathra\n|-activate|p1a: Espathra|move: Protect\n|\n|-ability|p1a: Espathra|Speed Boost|boost\n|-boost|p1a: Espathra|spe|1\n|upkeep\n|\n|t:|1695300614\n|switch|p1b: Slaking|Slaking, M|100\/100\n|turn|4\n|\n|t:|1695300628\n|move|p2b: Xurkitree|Rising Voltage|p1b: Slaking\n|-hint|Rising Voltage's BP doubled on grounded target.\n|-damage|p1b: Slaking|0 fnt\n|faint|p1b: Slaking\n|-ability|p2b: Xurkitree|Beast Boost|boost\n|-boost|p2b: Xurkitree|spa|1\n|move|p1a: Espathra|Baton Pass|p1a: Espathra\n|-message|sherlockastral forfeited.\n|\n|win|the maraculous\n|raw|sherlockastral's rating: 1042 &rarr; <strong>1037<\/strong><br \/>(-5 for losing)\n|raw|the maraculous's rating: 1345 &rarr; <strong>1351<\/strong><br \/>(+6 for winning)\n|l|\u2606sherlockastral\n","uploadtime":1695300639,"views":7,"p1id":"sherlockastral","p2id":"themaraculous","formatid":"gen9nationaldexdoubles","rating":1037,"private":0,"password":""}