{"id":"gen9nationaldexdoubles-1959289116","p1":"ShaquillesO'Neal","p2":"AceCoyoteNK","format":"[Gen 9] National Dex Doubles","log":"|j|\u2606ShaquillesO'Neal\n|j|\u2606AceCoyoteNK\n|t:|1696412508\n|gametype|doubles\n|player|p1|ShaquillesO'Neal|hoopster|1161\n|player|p2|AceCoyoteNK|169|1237\n|teamsize|p1|6\n|teamsize|p2|6\n|gen|9\n|tier|[Gen 9] National Dex Doubles\n|rated|\n|rule|HP Percentage Mod: HP is shown in percentages\n|rule|Endless Battle Clause: Forcing endless battles is banned\n|rule|OHKO Clause: OHKO moves are banned\n|rule|Evasion Moves Clause: Evasion moves are banned\n|rule|Evasion Abilities Clause: Evasion abilities are banned\n|rule|Species Clause: Limit one of each Pok\u00e9mon\n|rule|Gravity Sleep Clause: The combination of sleep-inducing moves with imperfect accuracy and Gravity or Gigantamax Orbeetle are banned\n|clearpoke\n|poke|p1|Mudsdale, M|\n|poke|p1|Gardevoir, M|\n|poke|p1|Tapu Koko|\n|poke|p1|Chandelure, F|\n|poke|p1|Rampardos, M|\n|poke|p1|Crobat, M|\n|poke|p2|Meowscarada, M|\n|poke|p2|Arcanine-Hisui, F|\n|poke|p2|Amoonguss, F|\n|poke|p2|Swampert, F|\n|poke|p2|Baxcalibur, F|\n|poke|p2|Tyranitar, M|\n|teampreview\n|inactive|Battle timer is ON: inactive players will automatically lose when time's up. (requested by ShaquillesO'Neal)\n|inactive|AceCoyoteNK has 120 seconds left.\n|\n|t:|1696412540\n|start\n|switch|p1a: Chandelure|Chandelure, F, shiny|100\/100\n|switch|p1b: Mudsdale|Mudsdale, M, shiny|100\/100\n|switch|p2a: Baxcalibur|Baxcalibur, F|100\/100\n|switch|p2b: Amoonguss|Amoonguss, F|100\/100\n|turn|1\n|\n|t:|1696412561\n|move|p2a: Baxcalibur|Dragon Dance|p2a: Baxcalibur\n|-boost|p2a: Baxcalibur|atk|1\n|-boost|p2a: Baxcalibur|spe|1\n|move|p1b: Mudsdale|Earthquake|p2a: Baxcalibur|[spread] p1a,p2a,p2b\n|-supereffective|p1a: Chandelure\n|-damage|p1a: Chandelure|26\/100\n|-damage|p2a: Baxcalibur|70\/100\n|-damage|p2b: Amoonguss|69\/100\n|-enditem|p2b: Amoonguss|Red Card|[of] p1b: Mudsdale\n|drag|p1b: Crobat|Crobat, M, shiny|100\/100\n|move|p2b: Amoonguss|Spore|p1b: Crobat\n|-status|p1b: Crobat|slp|[from] move: Spore\n|move|p1a: Chandelure|Trick Room|p1a: Chandelure\n|-fieldstart|move: Trick Room|[of] p1a: Chandelure\n|\n|upkeep\n|turn|2\n|\n|t:|1696412586\n|switch|p1b: Mudsdale|Mudsdale, M, shiny|100\/100\n|move|p2b: Amoonguss|Spore|p1a: Chandelure\n|-status|p1a: Chandelure|slp|[from] move: Spore\n|cant|p1a: Chandelure|slp\n|move|p2a: Baxcalibur|Dragon Dance|p2a: Baxcalibur\n|-boost|p2a: Baxcalibur|atk|1\n|-boost|p2a: Baxcalibur|spe|1\n|\n|upkeep\n|turn|3\n|\n|t:|1696412612\n|switch|p1a: Gardevoir|Gardevoir, M, shiny|100\/100\n|move|p2b: Amoonguss|Spore|p1b: Mudsdale\n|-status|p1b: Mudsdale|slp|[from] move: Spore\n|cant|p1b: Mudsdale|slp\n|move|p2a: Baxcalibur|Icicle Spear|p1b: Mudsdale\n|-supereffective|p1b: Mudsdale\n|-damage|p1b: Mudsdale|52\/100 slp\n|-ability|p1b: Mudsdale|Stamina|boost\n|-boost|p1b: Mudsdale|def|1\n|-supereffective|p1b: Mudsdale\n|-damage|p1b: Mudsdale|15\/100 slp\n|-ability|p1b: Mudsdale|Stamina|boost\n|-boost|p1b: Mudsdale|def|1\n|-hitcount|p1b: Mudsdale|2\n|\n|upkeep\n|turn|4\n|\n|t:|1696412639\n|switch|p1b: Crobat|Crobat, M, shiny|100\/100 slp\n|detailschange|p1a: Gardevoir|Gardevoir-Mega, M, shiny\n|-mega|p1a: Gardevoir|Gardevoir|Gardevoirite\n|move|p2a: Baxcalibur|Ice Shard|p1b: Crobat\n|-supereffective|p1b: Crobat\n|-damage|p1b: Crobat|0 fnt\n|faint|p1b: Crobat\n|move|p2b: Amoonguss|Spore|p1a: Gardevoir\n|-status|p1a: Gardevoir|slp|[from] move: Spore\n|cant|p1a: Gardevoir|slp\n|\n|upkeep\n|inactive|ShaquillesO'Neal has 120 seconds left.\n|c|\u2606ShaquillesO'Neal|\u64cd\u4f60\u5988\u7684\n|n|\u203dShaquillesO'Neal|shaquillesoneal\n|c|&|\/log ShaquillesO'Neal was locked from talking by Artemis. (\u2606ShaquillesO'Neal: \u64cd\u4f60\u5988\u7684)\n|c|&|\/raw <small>This action was done automatically. Want to learn more about the AI? <a href=\"https:\/\/www.smogon.com\/forums\/threads\/3570628\/#post-9056769\">Visit the information thread<\/a>.<\/small>\n|inactive|ShaquillesO'Neal has 90 seconds left.\n|inactive|ShaquillesO'Neal has 60 seconds left.\n|inactive|ShaquillesO'Neal has 30 seconds left.\n|inactive|ShaquillesO'Neal has 20 seconds left.\n|inactive|ShaquillesO'Neal has 15 seconds left.\n|inactive|ShaquillesO'Neal has 10 seconds left.\n|inactive|ShaquillesO'Neal has 5 seconds left.\n|-message|ShaquillesO'Neal lost due to inactivity.\n|\n|win|AceCoyoteNK\n|raw|ShaquillesO&apos;Neal's rating: 1161 &rarr; <strong>1141<\/strong><br \/>(-20 for losing)\n|raw|AceCoyoteNK's rating: 1237 &rarr; <strong>1257<\/strong><br \/>(+20 for winning)\n","uploadtime":1696412657,"views":10,"p1id":"shaquillesoneal","p2id":"acecoyotenk","formatid":"gen9nationaldexdoubles","rating":1141,"private":0,"password":""}