{"id":"gen9nationaldexdoubles-1976089304","p1":"Jul!-21","p2":"lxvliiz","format":"[Gen 9] National Dex Doubles","log":"|j|\u2606Jul!-21\n|j|\u2606lxvliiz\n|t:|1698262745\n|gametype|doubles\n|player|p1|Jul!-21|hilbert-wonderlauncher|1033\n|player|p2|lxvliiz|gambler|1127\n|teamsize|p1|6\n|teamsize|p2|6\n|gen|9\n|tier|[Gen 9] National Dex Doubles\n|rated|\n|rule|HP Percentage Mod: HP is shown in percentages\n|rule|Endless Battle Clause: Forcing endless battles is banned\n|rule|OHKO Clause: OHKO moves are banned\n|rule|Evasion Moves Clause: Evasion moves are banned\n|rule|Evasion Abilities Clause: Evasion abilities are banned\n|rule|Species Clause: Limit one of each Pok\u00e9mon\n|rule|Gravity Sleep Clause: The combination of sleep-inducing moves with imperfect accuracy and Gravity or Gigantamax Orbeetle are banned\n|clearpoke\n|poke|p1|Blacephalon|\n|poke|p1|Torkoal, F|\n|poke|p1|Clefable, M|\n|poke|p1|Indeedee-F, F|\n|poke|p1|Heatran, M|\n|poke|p1|Tornadus, M|\n|poke|p2|Murkrow, M|\n|poke|p2|Jirachi|\n|poke|p2|Volcarona, M|\n|poke|p2|Deoxys-Attack|\n|poke|p2|Regidrago|\n|poke|p2|Cyclizar, M|\n|teampreview\n|inactive|Battle timer is ON: inactive players will automatically lose when time's up. (requested by Jul!-21)\n|\n|t:|1698262751\n|start\n|switch|p1a: Oh no|Blacephalon|100\/100\n|switch|p1b: Torkoal|Torkoal, F|100\/100\n|switch|p2a: Deoxys|Deoxys-Attack|100\/100\n|switch|p2b: Murkrow|Murkrow, M|100\/100\n|-ability|p2a: Deoxys|Pressure\n|-weather|SunnyDay|[from] ability: Drought|[of] p1b: Torkoal\n|turn|1\n|\n|t:|1698262759\n|move|p1b: Torkoal|Helping Hand|p1a: Oh no\n|-singleturn|p1a: Oh no|Helping Hand|[of] p1b: Torkoal\n|move|p2b: Murkrow|Tailwind|p2b: Murkrow\n|-sidestart|p2: lxvliiz|move: Tailwind\n|move|p2a: Deoxys|Trick|p1a: Oh no\n|-activate|p2a: Deoxys|move: Trick|[of] p1a: Oh no\n|-item|p1a: Oh no|Iron Ball|[from] move: Trick\n|-item|p2a: Deoxys|Life Orb|[from] move: Trick\n|move|p1a: Oh no|Mind Blown|p2b: Murkrow|[spread] p1b,p2a,p2b\n|-resisted|p1b: Torkoal\n|-damage|p1b: Torkoal|8\/100\n|-damage|p2a: Deoxys|0 fnt\n|-enditem|p2b: Murkrow|Focus Sash\n|-damage|p2b: Murkrow|1\/100\n|-damage|p1a: Oh no|50\/100|[from] mindblown\n|faint|p2a: Deoxys\n|-ability|p1a: Oh no|Beast Boost|boost\n|-boost|p1a: Oh no|spa|1\n|\n|-weather|SunnyDay|[upkeep]\n|upkeep\n|c|\u2606lxvliiz|damn\n|\n|t:|1698262776\n|switch|p2a: Regidrago|Regidrago|100\/100\n|turn|2\n|\n|t:|1698262787\n|-terastallize|p2a: Regidrago|Dragon\n|move|p1b: Torkoal|Helping Hand|p1a: Oh no\n|-singleturn|p1a: Oh no|Helping Hand|[of] p1b: Torkoal\n|move|p2b: Murkrow|Haze|p2b: Murkrow\n|-clearallboost\n|move|p2a: Regidrago|Dragon Energy|p1a: Oh no|[spread] p1a,p1b\n|-damage|p1a: Oh no|0 fnt\n|-damage|p1b: Torkoal|0 fnt\n|faint|p1a: Oh no\n|faint|p1b: Torkoal\n|\n|-weather|SunnyDay|[upkeep]\n|upkeep\n|-message|Jul!-21 forfeited.\n|\n|win|lxvliiz\n|raw|Jul!-21's rating: 1033 &rarr; <strong>1022<\/strong><br \/>(-11 for losing)\n|raw|lxvliiz's rating: 1127 &rarr; <strong>1145<\/strong><br \/>(+18 for winning)\n|l|\u2606Jul!-21\n","uploadtime":1698262804,"views":8,"p1id":"jul21","p2id":"lxvliiz","formatid":"gen9nationaldexdoubles","rating":1022,"private":0,"password":""}