{"id":"gen9nationaldexdoubles-1978268154","p1":"dog678","p2":"TheRealDelliot","format":"[Gen 9] National Dex Doubles","log":"|j|\u2606dog678\n|j|\u2606TheRealDelliot\n|t:|1698519020\n|gametype|doubles\n|player|p1|dog678|170|1028\n|player|p2|TheRealDelliot|265|1052\n|teamsize|p1|6\n|teamsize|p2|3\n|gen|9\n|tier|[Gen 9] National Dex Doubles\n|rated|\n|rule|HP Percentage Mod: HP is shown in percentages\n|rule|Endless Battle Clause: Forcing endless battles is banned\n|rule|OHKO Clause: OHKO moves are banned\n|rule|Evasion Moves Clause: Evasion moves are banned\n|rule|Evasion Abilities Clause: Evasion abilities are banned\n|rule|Species Clause: Limit one of each Pok\u00e9mon\n|rule|Gravity Sleep Clause: The combination of sleep-inducing moves with imperfect accuracy and Gravity or Gigantamax Orbeetle are banned\n|clearpoke\n|poke|p1|Maushold-Four|\n|poke|p1|Leavanny, F|\n|poke|p1|Infernape, F|\n|poke|p1|Kyurem-Black|\n|poke|p1|Victini|\n|poke|p1|Greninja-*, M|\n|poke|p2|Musharna, F|\n|poke|p2|Whimsicott, M|\n|poke|p2|Cinccino, M|\n|teampreview\n|c|\u2606TheRealDelliot|Glhf\n|\n|t:|1698519029\n|start\n|switch|p1a: Leavanny|Leavanny, F, shiny|100\/100\n|switch|p1b: Maushold|Maushold-Four|100\/100\n|switch|p2a: Whimsicott|Whimsicott, M|100\/100\n|switch|p2b: Musharna|Musharna, F|100\/100\n|turn|1\n|\n|t:|1698519048\n|move|p1b: Maushold|Tidy Up|p1b: Maushold\n|-boost|p1b: Maushold|atk|1\n|-boost|p1b: Maushold|spe|1\n|move|p1a: Leavanny|X-Scissor|p2b: Musharna\n|-supereffective|p2b: Musharna\n|-damage|p2b: Musharna|39\/100\n|move|p2a: Whimsicott|Dazzling Gleam|p1a: Leavanny|[spread] p1a,p1b\n|-damage|p1a: Leavanny|65\/100\n|-damage|p1b: Maushold|62\/100\n|move|p2b: Musharna|Dazzling Gleam|p1b: Maushold|[spread] p1a,p1b\n|-damage|p1a: Leavanny|35\/100\n|-damage|p1b: Maushold|30\/100\n|\n|upkeep\n|turn|2\n|\n|t:|1698519072\n|-terastallize|p1b: Maushold|Normal\n|move|p1b: Maushold|Population Bomb|p2a: Whimsicott\n|-damage|p2a: Whimsicott|80\/100\n|-damage|p2a: Whimsicott|60\/100\n|-damage|p2a: Whimsicott|42\/100\n|-damage|p2a: Whimsicott|22\/100\n|-crit|p2a: Whimsicott\n|-damage|p2a: Whimsicott|0 fnt\n|faint|p2a: Whimsicott\n|-hitcount|p2: Whimsicott|5\n|move|p1a: Leavanny|X-Scissor|p2b: Musharna\n|-supereffective|p2b: Musharna\n|-damage|p2b: Musharna|0 fnt\n|faint|p2b: Musharna\n|\n|upkeep\n|\n|t:|1698519076\n|switch|p2b: Cinccino|Cinccino, M|100\/100\n|turn|3\n|\n|t:|1698519096\n|move|p1b: Maushold|Population Bomb|p2b: Cinccino\n|-damage|p2b: Cinccino|57\/100\n|-damage|p2b: Cinccino|11\/100\n|-crit|p2b: Cinccino\n|-damage|p2b: Cinccino|0 fnt\n|faint|p2b: Cinccino\n|-hitcount|p2: Cinccino|3\n|\n|win|dog678\n|raw|dog678's rating: 1028 &rarr; <strong>1066<\/strong><br \/>(+38 for winning)\n|raw|TheRealDelliot's rating: 1052 &rarr; <strong>1033<\/strong><br \/>(-19 for losing)\n","uploadtime":1698519101,"views":12,"p1id":"dog678","p2id":"therealdelliot","formatid":"gen9nationaldexdoubles","rating":1033,"private":0,"password":""}