{"id":"gen9nationaldexdoubles-1973838940","p1":"KuwagaRaiger276","p2":"neroche","format":"[Gen 9] National Dex Doubles","log":"|j|\u2606KuwagaRaiger276\n|j|\u2606neroche\n|t:|1698019140\n|gametype|doubles\n|player|p1|KuwagaRaiger276|ariana|\n|player|p2|neroche|265|\n|teamsize|p1|6\n|teamsize|p2|6\n|gen|9\n|tier|[Gen 9] National Dex Doubles\n|rule|HP Percentage Mod: HP is shown in percentages\n|rule|Endless Battle Clause: Forcing endless battles is banned\n|rule|OHKO Clause: OHKO moves are banned\n|rule|Evasion Moves Clause: Evasion moves are banned\n|rule|Evasion Abilities Clause: Evasion abilities are banned\n|rule|Species Clause: Limit one of each Pok\u00e9mon\n|rule|Gravity Sleep Clause: The combination of sleep-inducing moves with imperfect accuracy and Gravity or Gigantamax Orbeetle are banned\n|clearpoke\n|poke|p1|Pelipper, F|\n|poke|p1|Barraskewda, M|\n|poke|p1|Greninja-*, F|\n|poke|p1|Toxapex, M|\n|poke|p1|Swampert, M|\n|poke|p1|Manaphy|\n|poke|p2|Rotom-Mow|\n|poke|p2|Amoonguss, F|\n|poke|p2|Ogerpon-Hearthflame, F|\n|poke|p2|Rillaboom, M|\n|poke|p2|Sinistcha-Masterpiece|\n|poke|p2|Iron Leaves|\n|teampreview\n|j| Ultra-Wach99\n|j| rarwolf10\n|c| rarwolf10|Oh shit\n|c|\u2606KuwagaRaiger276|valio verga\n|c| Ultra-Wach99|sep\n|j| HornytSamedi\n|j| EL GRAN CARPINCHO\n|c| Ultra-Wach99|GG alredy\n|j| elianm10\n|c| EL GRAN CARPINCHO|MOMENTO TEAM LLUVIA\n|\n|t:|1698019288\n|start\n|switch|p1a: Le Toilet|Pelipper, F|100\/100\n|switch|p1b: Protagonista|Greninja, F|100\/100\n|switch|p2a: Sonic verde|Iron Leaves|100\/100\n|switch|p2b: Hincha de R.F.|Rillaboom, M|100\/100\n|-fieldstart|move: Grassy Terrain|[from] ability: Grassy Surge|[of] p2b: Hincha de R.F.\n|-weather|RainDance|[from] ability: Drizzle|[of] p1a: Le Toilet\n|-enditem|p2a: Sonic verde|Booster Energy\n|-activate|p2a: Sonic verde|ability: Quark Drive|[fromitem]\n|-start|p2a: Sonic verde|quarkdriveatk\n|turn|1\n|c| rarwolf10|pongan timer\n|\n|t:|1698019318\n|move|p2b: Hincha de R.F.|Grassy Glide|p1b: Protagonista\n|-supereffective|p1b: Protagonista\n|-damage|p1b: Protagonista|0 fnt\n|faint|p1b: Protagonista\n|move|p2a: Sonic verde|Leaf Blade|p1a: Le Toilet\n|-damage|p1a: Le Toilet|36\/100\n|move|p1a: Le Toilet|Hurricane|p2b: Hincha de R.F.\n|-supereffective|p2b: Hincha de R.F.\n|-damage|p2b: Hincha de R.F.|22\/100\n|\n|-weather|RainDance|[upkeep]\n|-heal|p2b: Hincha de R.F.|28\/100|[from] Grassy Terrain\n|upkeep\n|inactive|Battle timer is ON: inactive players will automatically lose when time's up. (requested by KuwagaRaiger276)\n|\n|t:|1698019333\n|switch|p1b: Pescadin|Barraskewda, M|100\/100\n|turn|2\n|\n|t:|1698019349\n|move|p2b: Hincha de R.F.|Grassy Glide|p1b: Pescadin\n|-supereffective|p1b: Pescadin\n|-damage|p1b: Pescadin|0 fnt\n|faint|p1b: Pescadin\n|move|p2a: Sonic verde|Leaf Blade|p1a: Le Toilet\n|-damage|p1a: Le Toilet|0 fnt\n|faint|p1a: Le Toilet\n|\n|-weather|RainDance|[upkeep]\n|-heal|p2b: Hincha de R.F.|34\/100|[from] Grassy Terrain\n|upkeep\n|\n|t:|1698019355\n|switch|p1b: Weon|Manaphy|100\/100\n|switch|p1a: Tanque sovietico|Toxapex, M|100\/100\n|turn|3\n|c| rarwolf10|SE VIENE 6-0 ?\n|c| Ultra-Wach99|GG\n|c| EL GRAN CARPINCHO|COMO PEGA TANTO???\n|c| rarwolf10|Prioridad y terreno\n|inactive|KuwagaRaiger276 has 270 seconds left.\n|c| EL GRAN CARPINCHO|choice band?\n|c| HornytSamedi|el poder de la amistad (grassy glide)\n|\n|t:|1698019394\n|-terastallize|p1a: Tanque sovietico|Poison\n|move|p2b: Hincha de R.F.|Grassy Glide|p1b: Weon\n|-supereffective|p1b: Weon\n|-damage|p1b: Weon|0 fnt\n|faint|p1b: Weon\n|move|p2a: Sonic verde|Psyblade|p1a: Tanque sovietico\n|-supereffective|p1a: Tanque sovietico\n|-damage|p1a: Tanque sovietico|41\/100\n|move|p1a: Tanque sovietico|Toxic|p2a: Sonic verde\n|-status|p2a: Sonic verde|tox\n|\n|-weather|RainDance|[upkeep]\n|-heal|p2b: Hincha de R.F.|40\/100|[from] Grassy Terrain\n|-heal|p1a: Tanque sovietico|47\/100|[from] Grassy Terrain\n|-heal|p1a: Tanque sovietico|53\/100|[from] item: Black Sludge\n|-damage|p2a: Sonic verde|94\/100 tox|[from] psn\n|upkeep\n|\n|t:|1698019403\n|switch|p1b: Ajolote|Swampert, M|100\/100\n|turn|4\n|inactive|KuwagaRaiger276 has 270 seconds left.\n|\n|t:|1698019424\n|move|p2b: Hincha de R.F.|Grassy Glide|p1b: Ajolote\n|-supereffective|p1b: Ajolote\n|-damage|p1b: Ajolote|0 fnt\n|faint|p1b: Ajolote\n|move|p2a: Sonic verde|Psyblade|p1a: Tanque sovietico\n|-supereffective|p1a: Tanque sovietico\n|-damage|p1a: Tanque sovietico|0 fnt\n|faint|p1a: Tanque sovietico\n|\n|win|neroche\n|l|\u2606KuwagaRaiger276\n|c| rarwolf10|Oof\n|c| EL GRAN CARPINCHO|OOOOOOF\n|l| rarwolf10\n|l| HornytSamedi\n|j| rarwolf10\n","uploadtime":1698019438,"views":6,"p1id":"kuwagaraiger276","p2id":"neroche","formatid":"gen9nationaldexdoubles","rating":0,"private":0,"password":""}