{"id":"gen9nationaldexdoubles-1950551050","p1":"Icemitic166","p2":"svts","format":"[Gen 9] National Dex Doubles","log":"|j|\u2606Icemitic166\n|j|\u2606svts\n|t:|1695484264\n|gametype|doubles\n|player|p1|Icemitic166|170|1000\n|player|p2|svts|backersf|1052\n|teamsize|p1|6\n|teamsize|p2|6\n|gen|9\n|tier|[Gen 9] National Dex Doubles\n|rated|\n|rule|HP Percentage Mod: HP is shown in percentages\n|rule|Endless Battle Clause: Forcing endless battles is banned\n|rule|OHKO Clause: OHKO moves are banned\n|rule|Evasion Moves Clause: Evasion moves are banned\n|rule|Evasion Abilities Clause: Evasion abilities are banned\n|rule|Species Clause: Limit one of each Pok\u00e9mon\n|rule|Gravity Sleep Clause: The combination of sleep-inducing moves with imperfect accuracy and Gravity or Gigantamax Orbeetle are banned\n|clearpoke\n|poke|p1|Grimmsnarl, M|\n|poke|p1|Manaphy|\n|poke|p1|Maushold-Four|\n|poke|p1|Empoleon, M|\n|poke|p1|Infernape, M|\n|poke|p1|Jirachi|\n|poke|p2|Ninetales-Alola, M|\n|poke|p2|Tauros-Paldea-Blaze, M|\n|poke|p2|Cresselia, F|\n|poke|p2|Flamigo, F|\n|poke|p2|Jirachi|\n|poke|p2|Snorlax, M|\n|teampreview\n|\n|t:|1695484290\n|start\n|switch|p1a: Grimmsnarl|Grimmsnarl, M|100\/100\n|switch|p1b: Manaphy|Manaphy|100\/100\n|switch|p2a: Tauros|Tauros-Paldea-Blaze, M|100\/100\n|switch|p2b: Ninetales|Ninetales-Alola, M, shiny|100\/100\n|-weather|Snow|[from] ability: Snow Warning|[of] p2b: Ninetales\n|turn|1\n|\n|t:|1695484304\n|move|p1b: Manaphy|Protect|p1b: Manaphy\n|-singleturn|p1b: Manaphy|Protect\n|move|p1a: Grimmsnarl|Light Screen|p1a: Grimmsnarl\n|-sidestart|p1: Icemitic166|move: Light Screen\n|move|p2b: Ninetales|Frost Breath|p2a: Tauros\n|-resisted|p2a: Tauros\n|-crit|p2a: Tauros\n|-damage|p2a: Tauros|85\/100\n|-setboost|p2a: Tauros|atk|6|[from] ability: Anger Point\n|move|p2a: Tauros|Earthquake|p1b: Manaphy|[spread] p2b,p1a\n|-activate|p1b: Manaphy|move: Protect\n|-damage|p2b: Ninetales|35\/100\n|-damage|p1a: Grimmsnarl|14\/100\n|\n|-weather|Snow|[upkeep]\n|-heal|p1a: Grimmsnarl|20\/100|[from] item: Leftovers\n|upkeep\n|turn|2\n|\n|t:|1695484324\n|move|p1a: Grimmsnarl|Reflect|p1a: Grimmsnarl\n|-sidestart|p1: Icemitic166|Reflect\n|move|p2b: Ninetales|Frost Breath|p1b: Manaphy\n|-resisted|p1b: Manaphy\n|-crit|p1b: Manaphy\n|-damage|p1b: Manaphy|86\/100\n|move|p2a: Tauros|Earthquake|p1b: Manaphy|[spread] p2b,p1a,p1b\n|-damage|p2b: Ninetales|0 fnt\n|-damage|p1a: Grimmsnarl|0 fnt\n|-damage|p1b: Manaphy|38\/100\n|faint|p2b: Ninetales\n|faint|p1a: Grimmsnarl\n|move|p1b: Manaphy|Tail Glow|p1b: Manaphy\n|-boost|p1b: Manaphy|spa|3\n|\n|-weather|Snow|[upkeep]\n|-heal|p1b: Manaphy|44\/100|[from] item: Leftovers\n|upkeep\n|inactive|Battle timer is ON: inactive players will automatically lose when time's up. (requested by svts)\n|\n|t:|1695484375\n|switch|p2b: Flamigo|Flamigo, F, shiny|100\/100\n|switch|p1a: Maushold|Maushold-Four|100\/100\n|-copyboost|p2b: Flamigo|p2a: Tauros|[from] ability: Costar\n|turn|3\n|\n|t:|1695484391\n|move|p1a: Maushold|Follow Me|p1a: Maushold\n|-singleturn|p1a: Maushold|move: Follow Me\n|move|p2a: Tauros|Earthquake|p1b: Manaphy|[spread] p1a,p1b\n|-immune|p2b: Flamigo\n|-damage|p1a: Maushold|19\/100\n|-damage|p1b: Manaphy|0 fnt\n|-enditem|p1a: Maushold|Sitrus Berry|[eat]\n|-heal|p1a: Maushold|44\/100|[from] item: Sitrus Berry\n|-heal|p1a: Maushold|77\/100|[from] ability: Cheek Pouch\n|faint|p1b: Manaphy\n|move|p2b: Flamigo|Lunge|p1a: Maushold\n|-damage|p1a: Maushold|0 fnt\n|faint|p1a: Maushold\n|-damage|p2b: Flamigo|91\/100|[from] item: Life Orb\n|\n|-weather|Snow|[upkeep]\n|upkeep\n|\n|t:|1695484412\n|switch|p1a: Empoleon|Empoleon, M|100\/100\n|switch|p1b: Infernape|Infernape, M|100\/100\n|turn|4\n|\n|t:|1695484433\n|move|p2a: Tauros|Earthquake|p1b: Infernape|[spread] p1a,p1b\n|-immune|p2b: Flamigo\n|-supereffective|p1a: Empoleon\n|-supereffective|p1b: Infernape\n|-damage|p1a: Empoleon|0 fnt\n|-damage|p1b: Infernape|0 fnt\n|faint|p1a: Empoleon\n|faint|p1b: Infernape\n|move|p2b: Flamigo|Liquidation|p1: Empoleon|[notarget]\n|-fail|p2b: Flamigo\n|\n|-weather|Snow|[upkeep]\n|upkeep\n|-message|Icemitic166 forfeited.\n|\n|win|svts\n|raw|Icemitic166's rating: 1000 &rarr; <strong>1000<\/strong><br \/>(+0 for losing)\n|raw|svts's rating: 1052 &rarr; <strong>1079<\/strong><br \/>(+27 for winning)\n|l|\u2606Icemitic166\n","uploadtime":1695484449,"views":11,"p1id":"icemitic166","p2id":"svts","formatid":"gen9nationaldexdoubles","rating":1000,"private":0,"password":""}