{"id":"gen9nationaldexdoubles-1980739436","p1":"TPD DreadNaw","p2":"dryinnnnnn","format":"[Gen 9] National Dex Doubles","log":"|j|\u2606TPD DreadNaw\n|j|\u2606dryinnnnnn\n|t:|1698823207\n|gametype|doubles\n|player|p1|TPD DreadNaw|clay|1117\n|player|p2|dryinnnnnn|steven-masters2|1190\n|teamsize|p1|6\n|teamsize|p2|6\n|gen|9\n|tier|[Gen 9] National Dex Doubles\n|rated|\n|rule|HP Percentage Mod: HP is shown in percentages\n|rule|Endless Battle Clause: Forcing endless battles is banned\n|rule|OHKO Clause: OHKO moves are banned\n|rule|Evasion Moves Clause: Evasion moves are banned\n|rule|Evasion Abilities Clause: Evasion abilities are banned\n|rule|Species Clause: Limit one of each Pok\u00e9mon\n|rule|Gravity Sleep Clause: The combination of sleep-inducing moves with imperfect accuracy and Gravity or Gigantamax Orbeetle are banned\n|clearpoke\n|poke|p1|Tyranitar, F|\n|poke|p1|Kleavor, F|\n|poke|p1|Arcanine-Hisui, F|\n|poke|p1|Minior-Violet|\n|poke|p1|Rhyperior, F|\n|poke|p1|Cradily, M|\n|poke|p2|Ursaluna, M|\n|poke|p2|Armarouge, F|\n|poke|p2|Cresselia, F|\n|poke|p2|Indeedee-F, F|\n|poke|p2|Mawile, F|\n|poke|p2|Hatterene, F|\n|teampreview\n|inactive|Battle timer is ON: inactive players will automatically lose when time's up. (requested by dryinnnnnn)\n|\n|t:|1698823228\n|start\n|switch|p1a: Kleavor|Kleavor, F|100\/100\n|switch|p1b: Tyranitar|Tyranitar, F|100\/100\n|switch|p2a: Hatterene|Hatterene, F|100\/100\n|switch|p2b: Indeedee|Indeedee-F, F|100\/100\n|-weather|Sandstorm|[from] ability: Sand Stream|[of] p1b: Tyranitar\n|-fieldstart|move: Psychic Terrain|[from] ability: Psychic Surge|[of] p2b: Indeedee\n|-enditem|p2b: Indeedee|Psychic Seed\n|-boost|p2b: Indeedee|spd|1|[from] item: Psychic Seed\n|turn|1\n|inactive|TPD DreadNaw has 120 seconds left.\n|\n|t:|1698823267\n|detailschange|p1b: Tyranitar|Tyranitar-Mega, F\n|-mega|p1b: Tyranitar|Tyranitar|Tyranitarite\n|-terastallize|p1a: Kleavor|Bug\n|move|p2b: Indeedee|Follow Me|p2b: Indeedee\n|-singleturn|p2b: Indeedee|move: Follow Me\n|move|p1a: Kleavor|X-Scissor|p2b: Indeedee\n|-supereffective|p2b: Indeedee\n|-damage|p2b: Indeedee|0 fnt\n|faint|p2b: Indeedee\n|move|p1b: Tyranitar|Dragon Dance|p1b: Tyranitar\n|-boost|p1b: Tyranitar|atk|1\n|-boost|p1b: Tyranitar|spe|1\n|move|p2a: Hatterene|Trick Room|p2a: Hatterene\n|-fieldstart|move: Trick Room|[of] p2a: Hatterene\n|\n|-weather|Sandstorm|[upkeep]\n|-damage|p2a: Hatterene|95\/100|[from] Sandstorm\n|-damage|p1a: Kleavor|94\/100|[from] Sandstorm\n|upkeep\n|\n|t:|1698823289\n|switch|p2b: Ursaluna|Ursaluna, M|100\/100\n|turn|2\n|\n|t:|1698823304\n|switch|p2a: Cresselia|Cresselia, F|100\/100\n|move|p2b: Ursaluna|Earthquake|p1b: Tyranitar|[spread] p1a,p1b\n|-immune|p2a: Cresselia|[from] ability: Levitate\n|-resisted|p1a: Kleavor\n|-supereffective|p1b: Tyranitar\n|-damage|p1a: Kleavor|66\/100\n|-damage|p1b: Tyranitar|35\/100\n|move|p1a: Kleavor|X-Scissor|p2b: Ursaluna\n|-damage|p2b: Ursaluna|0 fnt\n|faint|p2b: Ursaluna\n|move|p1b: Tyranitar|Crunch|p2a: Cresselia\n|-supereffective|p2a: Cresselia\n|-crit|p2a: Cresselia\n|-damage|p2a: Cresselia|0 fnt\n|faint|p2a: Cresselia\n|\n|-weather|Sandstorm|[upkeep]\n|-damage|p1a: Kleavor|60\/100|[from] Sandstorm\n|upkeep\n|-message|dryinnnnnn forfeited.\n|\n|win|TPD DreadNaw\n|raw|TPD DreadNaw's rating: 1117 &rarr; <strong>1147<\/strong><br \/>(+30 for winning)\n|raw|dryinnnnnn's rating: 1190 &rarr; <strong>1160<\/strong><br \/>(-30 for losing)\n|l|\u2606dryinnnnnn\n","uploadtime":1698823321,"views":11,"p1id":"tpddreadnaw","p2id":"dryinnnnnn","formatid":"gen9nationaldexdoubles","rating":1147,"private":0,"password":""}