{"id":"gen9nationaldexdoubles-1970381104","p1":"MeowCxw","p2":"red.eee","format":"[Gen 9] National Dex Doubles","log":"|j|\u2606MeowCxw\n|j|\u2606red.eee\n|t:|1697633970\n|gametype|doubles\n|player|p1|MeowCxw|170|1075\n|player|p2|red.eee|benga|1105\n|teamsize|p1|6\n|teamsize|p2|4\n|gen|9\n|tier|[Gen 9] National Dex Doubles\n|rated|\n|rule|HP Percentage Mod: HP is shown in percentages\n|rule|Endless Battle Clause: Forcing endless battles is banned\n|rule|OHKO Clause: OHKO moves are banned\n|rule|Evasion Moves Clause: Evasion moves are banned\n|rule|Evasion Abilities Clause: Evasion abilities are banned\n|rule|Species Clause: Limit one of each Pok\u00e9mon\n|rule|Gravity Sleep Clause: The combination of sleep-inducing moves with imperfect accuracy and Gravity or Gigantamax Orbeetle are banned\n|clearpoke\n|poke|p1|Absol, M|\n|poke|p1|Scizor, M|\n|poke|p1|Glimmora, F|\n|poke|p1|Goodra-Hisui, M|\n|poke|p1|Volcanion|\n|poke|p1|Chesnaught, F|\n|poke|p2|Cosmoem|\n|poke|p2|Psyduck, F|\n|poke|p2|Alcremie, F|\n|poke|p2|Sylveon, F|\n|teampreview\n|inactive|Battle timer is ON: inactive players will automatically lose when time's up. (requested by red.eee)\n|\n|t:|1697633988\n|start\n|switch|p1a: Glimmora|Glimmora, F|100\/100\n|switch|p1b: Chesnaught|Chesnaught, F, shiny|100\/100\n|switch|p2a: Cosmoem|Cosmoem|100\/100\n|switch|p2b: Psyduck|Psyduck, F|100\/100\n|-ability|p2b: Psyduck|Cloud Nine\n|turn|1\n|\n|t:|1697634004\n|move|p1a: Glimmora|Mortal Spin|p2b: Psyduck|[spread] p2a,p2b\n|-damage|p2a: Cosmoem|97\/100\n|-damage|p2b: Psyduck|96\/100\n|-status|p2a: Cosmoem|psn\n|-status|p2b: Psyduck|psn\n|move|p1b: Chesnaught|Wood Hammer|p2b: Psyduck\n|-supereffective|p2b: Psyduck\n|-damage|p2b: Psyduck|0 fnt\n|faint|p2b: Psyduck\n|-damage|p1b: Chesnaught|80\/100|[from] Recoil\n|move|p2a: Cosmoem|Cosmic Power|p2a: Cosmoem\n|-boost|p2a: Cosmoem|def|1\n|-boost|p2a: Cosmoem|spd|1\n|\n|-heal|p1b: Chesnaught|86\/100|[from] item: Leftovers\n|-damage|p2a: Cosmoem|85\/100 psn|[from] psn\n|upkeep\n|\n|t:|1697634014\n|switch|p2b: Alcremie|Alcremie, F, shiny|100\/100\n|turn|2\n|inactive|MeowCxw has 120 seconds left.\n|\n|t:|1697634044\n|switch|p1b: Goodra|Goodra-Hisui, M|100\/100\n|move|p1a: Glimmora|Stealth Rock|p2a: Cosmoem\n|-sidestart|p2: red.eee|move: Stealth Rock\n|move|p2b: Alcremie|Decorate|p2a: Cosmoem\n|-boost|p2a: Cosmoem|atk|2\n|-boost|p2a: Cosmoem|spa|2\n|move|p2a: Cosmoem|Cosmic Power|p2a: Cosmoem\n|-boost|p2a: Cosmoem|def|1\n|-boost|p2a: Cosmoem|spd|1\n|\n|-damage|p2a: Cosmoem|73\/100 psn|[from] psn\n|upkeep\n|turn|3\n|\n|t:|1697634069\n|move|p1a: Glimmora|Mortal Spin|p2a: Cosmoem|[spread] p2a,p2b\n|-supereffective|p2b: Alcremie\n|-damage|p2a: Cosmoem|71\/100 psn\n|-damage|p2b: Alcremie|93\/100\n|-status|p2b: Alcremie|psn\n|move|p2b: Alcremie|Decorate|p2a: Cosmoem\n|-boost|p2a: Cosmoem|atk|2\n|-boost|p2a: Cosmoem|spa|2\n|move|p2a: Cosmoem|Cosmic Power|p2a: Cosmoem\n|-boost|p2a: Cosmoem|def|1\n|-boost|p2a: Cosmoem|spd|1\n|move|p1b: Goodra|Dragon Tail|p2a: Cosmoem\n|-damage|p2a: Cosmoem|67\/100 psn\n|drag|p2a: Sylveon|Sylveon, F|100\/100\n|-damage|p2a: Sylveon|88\/100|[from] Stealth Rock\n|\n|-heal|p2b: Alcremie|99\/100 psn|[from] item: Leftovers\n|-damage|p2b: Alcremie|86\/100 psn|[from] psn\n|upkeep\n|turn|4\n|-message|red.eee forfeited.\n|\n|win|MeowCxw\n|raw|MeowCxw's rating: 1075 &rarr; <strong>1106<\/strong><br \/>(+31 for winning)\n|raw|red.eee's rating: 1105 &rarr; <strong>1078<\/strong><br \/>(-27 for losing)\n|l|\u2606red.eee\n","uploadtime":1697634099,"views":13,"p1id":"meowcxw","p2id":"redeee","formatid":"gen9nationaldexdoubles","rating":1078,"private":0,"password":""}