{"id":"gen9nationaldexdoubles-1997904545","p1":"Xeris02","p2":"Amosaver","format":"[Gen 9] National Dex Doubles","log":"|j|\u2606Xeris02\n|j|\u2606Amosaver\n|t:|1700865759\n|gametype|doubles\n|player|p1|Xeris02|n|1093\n|player|p2|Amosaver|pokemonbreeder-gen4|1000\n|teamsize|p1|6\n|teamsize|p2|6\n|gen|9\n|tier|[Gen 9] National Dex Doubles\n|rated|\n|rule|HP Percentage Mod: HP is shown in percentages\n|rule|Endless Battle Clause: Forcing endless battles is banned\n|rule|OHKO Clause: OHKO moves are banned\n|rule|Evasion Moves Clause: Evasion moves are banned\n|rule|Evasion Abilities Clause: Evasion abilities are banned\n|rule|Species Clause: Limit one of each Pok\u00e9mon\n|rule|Gravity Sleep Clause: The combination of sleep-inducing moves with imperfect accuracy and Gravity or Gigantamax Orbeetle are banned\n|clearpoke\n|poke|p1|Eevee, F|\n|poke|p1|Espathra, F|\n|poke|p1|Ogerpon-Hearthflame, F|\n|poke|p1|Grimmsnarl, M|\n|poke|p1|Machamp, M|\n|poke|p1|Arcanine, F|\n|poke|p2|Meowscarada, M|\n|poke|p2|Samurott-Hisui, M|\n|poke|p2|Incineroar, M|\n|poke|p2|Sableye, M|\n|poke|p2|Tyranitar, M|\n|poke|p2|Roaring Moon|\n|teampreview\n|inactive|Battle timer is ON: inactive players will automatically lose when time's up. (requested by Xeris02)\n|\n|t:|1700865779\n|start\n|switch|p1a: Ogerpon|Ogerpon-Hearthflame, F|100\/100\n|switch|p1b: Eevee|Eevee, F, shiny|100\/100\n|switch|p2a: Meowscarada|Meowscarada, M|100\/100\n|switch|p2b: Incineroar|Incineroar, M|100\/100\n|-ability|p1a: Ogerpon|Mold Breaker\n|-ability|p2b: Incineroar|Intimidate|boost\n|-unboost|p1a: Ogerpon|atk|1\n|-unboost|p1b: Eevee|atk|1\n|turn|1\n|inactive|Xeris02 has 120 seconds left.\n|\n|t:|1700865817\n|move|p2b: Incineroar|Fake Out|p1b: Eevee\n|-damage|p1b: Eevee|80\/100\n|move|p1a: Ogerpon|Follow Me|p1a: Ogerpon\n|-singleturn|p1a: Ogerpon|move: Follow Me\n|move|p2a: Meowscarada|U-turn|p1a: Ogerpon\n|-damage|p1a: Ogerpon|72\/100\n|\n|t:|1700865835\n|switch|p2a: Bramaluna|Roaring Moon|100\/100|[from] U-turn\n|-enditem|p2a: Bramaluna|Booster Energy\n|-activate|p2a: Bramaluna|ability: Protosynthesis|[fromitem]\n|-start|p2a: Bramaluna|protosynthesisatk\n|cant|p1b: Eevee|flinch\n|\n|upkeep\n|turn|2\n|\n|t:|1700865854\n|move|p1a: Ogerpon|Follow Me|p1a: Ogerpon\n|-singleturn|p1a: Ogerpon|move: Follow Me\n|move|p2a: Bramaluna|Dragon Dance|p2a: Bramaluna\n|-boost|p2a: Bramaluna|atk|1\n|-boost|p2a: Bramaluna|spe|1\n|move|p2b: Incineroar|U-turn|p1a: Ogerpon\n|-damage|p1a: Ogerpon|43\/100\n|\n|t:|1700865865\n|switch|p2b: Sableye|Sableye, M|100\/100|[from] U-turn\n|-zpower|p1b: Eevee\n|move|p1b: Eevee|Extreme Evoboost|p1b: Eevee\n|-boost|p1b: Eevee|atk|2\n|-boost|p1b: Eevee|def|2\n|-boost|p1b: Eevee|spa|2\n|-boost|p1b: Eevee|spd|2\n|-boost|p1b: Eevee|spe|2\n|\n|upkeep\n|turn|3\n|c|\u2606Xeris02|Great idea\n|\n|t:|1700865889\n|switch|p1a: Grimmsnarl|Grimmsnarl, M|100\/100\n|switch|p1b: Espathra|Espathra, F|100\/100\n|move|p2a: Bramaluna|Protect|p2a: Bramaluna\n|-singleturn|p2a: Bramaluna|Protect\n|move|p2b: Sableye|Encore||[still]\n|-fail|p2b: Sableye\n|\n|upkeep\n|turn|4\n|c|\u2606Xeris02|Wait what?\n|c|\u2606Xeris02|I pressed baton pass!\n|c|\u2606Xeris02|Fuck this shit\n|-message|Xeris02 forfeited.\n|\n|win|Amosaver\n|raw|Xeris02's rating: 1093 &rarr; <strong>1063<\/strong><br \/>(-30 for losing)\n|raw|Amosaver's rating: 1000 &rarr; <strong>1050<\/strong><br \/>(+50 for winning)\n","uploadtime":1700865916,"views":0,"p1id":"xeris02","p2id":"amosaver","formatid":"gen9nationaldexdoubles","rating":1050,"private":0,"password":""}