{"id":"gen9nationaldexdoubles-1947535865","p1":"MeloettaMadness","p2":"the maraculous","format":"[Gen 9] National Dex Doubles","log":"|j|\u2606MeloettaMadness\n|j|\u2606the maraculous\n|t:|1695170251\n|gametype|doubles\n|player|p1|MeloettaMadness|clown|1155\n|player|p2|the maraculous|dragontamer|1319\n|teamsize|p1|6\n|teamsize|p2|6\n|gen|9\n|tier|[Gen 9] National Dex Doubles\n|rated|\n|rule|HP Percentage Mod: HP is shown in percentages\n|rule|Endless Battle Clause: Forcing endless battles is banned\n|rule|OHKO Clause: OHKO moves are banned\n|rule|Evasion Moves Clause: Evasion moves are banned\n|rule|Evasion Abilities Clause: Evasion abilities are banned\n|rule|Species Clause: Limit one of each Pok\u00e9mon\n|rule|Gravity Sleep Clause: The combination of sleep-inducing moves with imperfect accuracy and Gravity or Gigantamax Orbeetle are banned\n|clearpoke\n|poke|p1|Rampardos, M|\n|poke|p1|Typhlosion-Hisui, M|\n|poke|p1|Darkrai|\n|poke|p1|Dipplin, M|\n|poke|p1|Whimsicott, M|\n|poke|p1|Sinistcha|\n|poke|p2|Xurkitree|\n|poke|p2|Iron Valiant|\n|poke|p2|Chandelure, M|\n|poke|p2|Landorus-Therian, M|\n|poke|p2|Kartana|\n|poke|p2|Farigiraf, M|\n|teampreview\n|\n|t:|1695170268\n|start\n|switch|p1a: Whimsicott|Whimsicott, M, shiny|100\/100\n|switch|p1b: Darkrai|Darkrai, shiny|100\/100\n|switch|p2a: Xurkitree|Xurkitree|100\/100\n|switch|p2b: Iron Valiant|Iron Valiant|100\/100\n|turn|1\n|inactive|Battle timer is ON: inactive players will automatically lose when time's up. (requested by MeloettaMadness)\n|\n|t:|1695170303\n|move|p1a: Whimsicott|Tailwind|p1a: Whimsicott\n|-sidestart|p1: MeloettaMadness|move: Tailwind\n|move|p1b: Darkrai|Hypnosis|p2a: Xurkitree|[miss]\n|-miss|p1b: Darkrai|p2a: Xurkitree\n|move|p2b: Iron Valiant|Moonblast|p1b: Darkrai\n|-supereffective|p1b: Darkrai\n|-crit|p1b: Darkrai\n|-damage|p1b: Darkrai|0 fnt\n|faint|p1b: Darkrai\n|-damage|p2b: Iron Valiant|91\/100|[from] item: Life Orb\n|-zpower|p2a: Xurkitree\n|move|p2a: Xurkitree|Z-Electric Terrain|p2a: Xurkitree|[anim]Electric Terrain\n|-boost|p2a: Xurkitree|spe|1|[zeffect]\n|-fieldstart|move: Electric Terrain\n|-activate|p2b: Iron Valiant|ability: Quark Drive\n|-start|p2b: Iron Valiant|quarkdrivespe\n|\n|upkeep\n|\n|t:|1695170309\n|switch|p1b: Typhlosion|Typhlosion-Hisui, M, shiny|100\/100\n|-item|p2a: Xurkitree|Electrium Z|[from] ability: Frisk|[of] p1b: Typhlosion|[identify]\n|-item|p2b: Iron Valiant|Life Orb|[from] ability: Frisk|[of] p1b: Typhlosion|[identify]\n|turn|2\n|\n|t:|1695170322\n|-terastallize|p1b: Typhlosion|Fire\n|move|p2b: Iron Valiant|Wide Guard|p2b: Iron Valiant\n|-singleturn|p2b: Iron Valiant|Wide Guard\n|move|p1a: Whimsicott|Encore||[still]\n|-fail|p1a: Whimsicott\n|move|p1b: Typhlosion|Eruption|p2a: Xurkitree|[spread] \n|-activate|p2a: Xurkitree|move: Wide Guard\n|-activate|p2b: Iron Valiant|move: Wide Guard\n|move|p2a: Xurkitree|Rising Voltage|p1b: Typhlosion\n|-hint|Rising Voltage's BP doubled on grounded target.\n|-damage|p1b: Typhlosion|0 fnt\n|faint|p1b: Typhlosion\n|-ability|p2a: Xurkitree|Beast Boost|boost\n|-boost|p2a: Xurkitree|spa|1\n|\n|upkeep\n|l|\u2606MeloettaMadness\n|inactive|MeloettaMadness disconnected and has a minute to reconnect!\n|player|p1|\n|inactive|MeloettaMadness has 30 seconds to reconnect!\n|inactive|MeloettaMadness has 20 seconds to reconnect!\n|inactive|MeloettaMadness has 15 seconds to reconnect!\n|inactive|MeloettaMadness has 10 seconds to reconnect!\n|inactive|MeloettaMadness has 5 seconds to reconnect!\n|-message|MeloettaMadness lost due to inactivity.\n|\n|win|the maraculous\n|raw|MeloettaMadness's rating: 1155 &rarr; <strong>1141<\/strong><br \/>(-14 for losing)\n|raw|the maraculous's rating: 1319 &rarr; <strong>1330<\/strong><br \/>(+11 for winning)\n","uploadtime":1695170394,"views":6,"p1id":"meloettamadness","p2id":"themaraculous","formatid":"gen9nationaldexdoubles","rating":1141,"private":0,"password":""}