{"id":"gen9nationaldexdoubles-1998444283","p1":"AlolanGlock19","p2":"INkevin","format":"[Gen 9] National Dex Doubles","log":"|j|\u2606AlolanGlock19\n|j|\u2606INkevin\n|t:|1700943004\n|gametype|doubles\n|player|p1|AlolanGlock19|pokekid|1000\n|player|p2|INkevin|101|1159\n|teamsize|p1|2\n|teamsize|p2|6\n|gen|9\n|tier|[Gen 9] National Dex Doubles\n|rated|\n|rule|HP Percentage Mod: HP is shown in percentages\n|rule|Endless Battle Clause: Forcing endless battles is banned\n|rule|OHKO Clause: OHKO moves are banned\n|rule|Evasion Moves Clause: Evasion moves are banned\n|rule|Evasion Abilities Clause: Evasion abilities are banned\n|rule|Species Clause: Limit one of each Pok\u00e9mon\n|rule|Gravity Sleep Clause: The combination of sleep-inducing moves with imperfect accuracy and Gravity or Gigantamax Orbeetle are banned\n|clearpoke\n|poke|p1|Malamar, F|\n|poke|p1|Mew|\n|poke|p2|Stakataka|\n|poke|p2|Cresselia, F|\n|poke|p2|Hatterene, F|\n|poke|p2|Iron Hands|\n|poke|p2|Ursaluna-Bloodmoon, M|\n|poke|p2|Kingambit, M|\n|teampreview\n|inactive|Battle timer is ON: inactive players will automatically lose when time's up. (requested by INkevin)\n|inactive|AlolanGlock19 also wants the timer to be on.\n|c|\u2606INkevin|hi again\n|c|\u2606AlolanGlock19|malamar\n|inactive|INkevin has 120 seconds left.\n|\n|t:|1700943039\n|start\n|switch|p1a: Malamar|Malamar, F|100\/100\n|switch|p1b: Mew|Mew|100\/100\n|switch|p2a: Kingambit|Kingambit, M|100\/100\n|switch|p2b: Ursaluna|Ursaluna-Bloodmoon, M|100\/100\n|turn|1\n|c|\u2606INkevin|if I win can you give me the team sheet\n|c|\u2606INkevin|for your team\n|\n|t:|1700943065\n|-terastallize|p1a: Malamar|Fairy\n|-terastallize|p2b: Ursaluna|Normal\n|move|p1a: Malamar|Superpower|p2a: Kingambit\n|-supereffective|p2a: Kingambit\n|-damage|p2a: Kingambit|26\/100\n|-boost|p1a: Malamar|atk|1\n|-boost|p1a: Malamar|def|1\n|move|p1b: Mew|Defog|p1a: Malamar\n|-boost|p1a: Malamar|evasion|1\n|move|p2b: Ursaluna|Blood Moon|p1a: Malamar\n|-damage|p1a: Malamar|0 fnt\n|faint|p1a: Malamar\n|-damage|p2b: Ursaluna|90\/100|[from] item: Life Orb\n|move|p2a: Kingambit|Kowtow Cleave|p1b: Mew\n|-supereffective|p1b: Mew\n|-damage|p1b: Mew|5\/100\n|\n|-heal|p1b: Mew|12\/100|[from] item: Leftovers\n|upkeep\n|turn|2\n|c|\u2606AlolanGlock19|malamar\n|c|\u2606AlolanGlock19|malamarf\n|-message|AlolanGlock19 forfeited.\n|\n|win|INkevin\n|raw|AlolanGlock19's rating: 1000 &rarr; <strong>1000<\/strong><br \/>(+0 for losing)\n|raw|INkevin's rating: 1159 &rarr; <strong>1173<\/strong><br \/>(+14 for winning)\n|c|\u2606INkevin|pls can I have it\n|c|\u2606AlolanGlock19|how\n|c|\u2606INkevin|can you make a pokepaste of it\n","uploadtime":1700943216,"views":18,"p1id":"alolanglock19","p2id":"inkevin","formatid":"gen9nationaldexdoubles","rating":1000,"private":0,"password":""}