{"id":"gen9nationaldexdoubles-1962133667","p1":"parkle","p2":"Uncle Kars","format":"[Gen 9] National Dex Doubles","log":"|j|\u2606parkle\n|j|\u2606Uncle Kars\n|t:|1696710463\n|gametype|doubles\n|player|p1|parkle|bugcatcher-gen4dp|\n|player|p2|Uncle Kars|silver|\n|teamsize|p1|6\n|teamsize|p2|6\n|gen|9\n|tier|[Gen 9] National Dex Doubles\n|rule|HP Percentage Mod: HP is shown in percentages\n|rule|Endless Battle Clause: Forcing endless battles is banned\n|rule|OHKO Clause: OHKO moves are banned\n|rule|Evasion Moves Clause: Evasion moves are banned\n|rule|Evasion Abilities Clause: Evasion abilities are banned\n|rule|Species Clause: Limit one of each Pok\u00e9mon\n|rule|Gravity Sleep Clause: The combination of sleep-inducing moves with imperfect accuracy and Gravity or Gigantamax Orbeetle are banned\n|clearpoke\n|poke|p1|Lycanroc, F|\n|poke|p1|Goodra, F|\n|poke|p1|Dudunsparce-*, M|\n|poke|p1|Orthworm, M|\n|poke|p1|Pawmot, M|\n|poke|p1|Quaquaval, M|\n|poke|p2|Camerupt, F|\n|poke|p2|Flygon, M|\n|poke|p2|Quagsire, M|\n|poke|p2|Torterra, M|\n|poke|p2|Palossand, F|\n|poke|p2|Crobat, F|\n|teampreview\n|j| AutumnCookie\n|c|\u2606parkle|try again.\n|\n|t:|1696710472\n|start\n|switch|p1a: Lycanroc|Lycanroc, F|100\/100\n|switch|p1b: Dudunsparce|Dudunsparce-Three-Segment, M|100\/100\n|switch|p2a: Camerupt|Camerupt, F|100\/100\n|switch|p2b: Flygon|Flygon, M|100\/100\n|turn|1\n|c| AutumnCookie|THERE WE GO\n|\n|t:|1696710488\n|move|p2b: Flygon|First Impression|p1b: Dudunsparce\n|-damage|p1b: Dudunsparce|73\/100\n|move|p1a: Lycanroc|Stealth Rock|p2a: Camerupt\n|-sidestart|p2: Uncle Kars|move: Stealth Rock\n|move|p1b: Dudunsparce|Coil|p1b: Dudunsparce\n|-boost|p1b: Dudunsparce|atk|1\n|-boost|p1b: Dudunsparce|def|1\n|-boost|p1b: Dudunsparce|accuracy|1\n|move|p2a: Camerupt|Earthquake|p1b: Dudunsparce|[spread] p1a,p1b\n|-immune|p2b: Flygon|[from] ability: Levitate\n|-supereffective|p1a: Lycanroc\n|-damage|p1a: Lycanroc|0 fnt\n|-damage|p1b: Dudunsparce|52\/100\n|faint|p1a: Lycanroc\n|\n|upkeep\n|\n|t:|1696710509\n|switch|p1a: Goodra|Goodra, F|100\/100\n|turn|2\n|\n|t:|1696710528\n|move|p2b: Flygon|Dragon Dance|p2b: Flygon\n|-boost|p2b: Flygon|atk|1\n|-boost|p2b: Flygon|spe|1\n|move|p1a: Goodra|Ice Beam|p2b: Flygon\n|-supereffective|p2b: Flygon\n|-damage|p2b: Flygon|0 fnt\n|faint|p2b: Flygon\n|move|p1b: Dudunsparce|Drill Run|p2a: Camerupt\n|-supereffective|p2a: Camerupt\n|-damage|p2a: Camerupt|20\/100\n|move|p2a: Camerupt|Heat Crash|p1b: Dudunsparce\n|-damage|p1b: Dudunsparce|25\/100\n|\n|upkeep\n|c|\u2606parkle|no dragon dance for u\n|c|\u2606Uncle Kars|did not realize i was faster\n|c|\u2606parkle|speedy mf\n|\n|t:|1696710564\n|switch|p2b: Palossand|Palossand, F|100\/100\n|-damage|p2b: Palossand|94\/100|[from] Stealth Rock\n|turn|3\n|c|\u2606Uncle Kars|if i knew i was faster i'd have just used dragon claw because in my head this is Fast Goodra\n|c|\u2606parkle|noooo\n|c|\u2606parkle|this is spd goodra\n|\n|t:|1696710646\n|move|p1a: Goodra|Muddy Water|p2a: Camerupt|[spread] p2b\n|-miss|p1a: Goodra|p2a: Camerupt\n|-supereffective|p2b: Palossand\n|-damage|p2b: Palossand|50\/100\n|-ability|p2b: Palossand|Water Compaction|boost\n|-boost|p2b: Palossand|def|2\n|move|p1b: Dudunsparce|Dragon Rush|p2b: Palossand\n|-damage|p2b: Palossand|29\/100\n|move|p2a: Camerupt|Double-Edge|p1a: Goodra\n|-damage|p1a: Goodra|42\/100\n|-damage|p2a: Camerupt|2\/100|[from] Recoil\n|move|p2b: Palossand|Earth Power|p1b: Dudunsparce\n|-damage|p1b: Dudunsparce|0 fnt\n|faint|p1b: Dudunsparce\n|\n|upkeep\n|c|\u2606Uncle Kars|damn\n|c|\u2606parkle|MISSED FUCK MEEE\n|c|\u2606parkle|goodbye three segment dudunsparce\n|\n|t:|1696710672\n|switch|p1b: Pawmot|Pawmot, M|100\/100\n|turn|4\n|c|\u2606Uncle Kars|goodbye....you were so scary...\n|\n|t:|1696710683\n|move|p1b: Pawmot|Revival Blessing|p1b: Pawmot\n|-enditem|p1b: Pawmot|Leppa Berry|[eat]\n|-activate|p1b: Pawmot|item: Leppa Berry|Revival Blessing|[consumed]\n|c|\u2606parkle|anyway\n|c|\u2606Uncle Kars|okay\n|c|\u2606Uncle Kars|welcome back\n|\n|t:|1696710716\n|-heal|p1: Dudunsparce|50\/100|[from] move: Revival Blessing\n|move|p1a: Goodra|Muddy Water|p2a: Camerupt|[spread] p2a,p2b\n|-supereffective|p2a: Camerupt\n|-supereffective|p2b: Palossand\n|-damage|p2a: Camerupt|0 fnt\n|-damage|p2b: Palossand|0 fnt\n|faint|p2a: Camerupt\n|faint|p2b: Palossand\n|\n|upkeep\n|c|\u2606parkle|sorry i was Thinking\n|\n|t:|1696710731\n|switch|p2a: Quagsire|Quagsire, M, shiny|100\/100\n|switch|p2b: Crobat|Crobat, F|100\/100\n|-damage|p2b: Crobat|76\/100|[from] Stealth Rock\n|-damage|p2a: Quagsire|94\/100|[from] Stealth Rock\n|turn|5\n|c|\u2606parkle|OURPLE\n|c|\u2606Uncle Kars|the ourples\n|\n|t:|1696710789\n|move|p1b: Pawmot|Revival Blessing|p1b: Pawmot\n|\n|t:|1696710790\n|-heal|p1: Lycanroc|50\/100|[from] move: Revival Blessing\n|move|p2b: Crobat|Leech Life|p1b: Pawmot\n|-resisted|p1b: Pawmot\n|-damage|p1b: Pawmot|83\/100\n|-heal|p2b: Crobat|82\/100|[from] drain|[of] p1b: Pawmot\n|move|p1a: Goodra|Ice Beam|p2b: Crobat\n|-supereffective|p2b: Crobat\n|-damage|p2b: Crobat|20\/100\n|move|p2a: Quagsire|Earthquake|p1b: Pawmot|[spread] p1a,p1b\n|-immune|p2b: Crobat\n|-supereffective|p1b: Pawmot\n|-crit|p1b: Pawmot\n|-damage|p1a: Goodra|0 fnt\n|-damage|p1b: Pawmot|0 fnt\n|faint|p1a: Goodra\n|faint|p1b: Pawmot\n|\n|-heal|p2b: Crobat|26\/100|[from] item: Black Sludge\n|upkeep\n|c| AutumnCookie|I've always just assumed before that the Palossand had Water Absorbtion good to know it does not\n|c|\u2606Uncle Kars|pawmot jpeg\n|c|\u2606parkle|this thing is so so evil\n|c|\u2606parkle|I KNOWWW\n|c|\u2606parkle|WHY DOES HE JUST STAND THERE\n|c|\u2606parkle|oh damn\n|c|\u2606Uncle Kars|there.\n|c|\u2606parkle|wowie\n|c|\u2606Uncle Kars|BUT I STILL HAVENT MADE PROGRESS THIS TEAM IS SO ONE STEP FORWARD TWO STEPS BACK\n|c|\u2606parkle|IT REALLY IS\n|c|\u2606parkle|ITS SO AWFUL IM SO SORRY\n|c| AutumnCookie|IT IS IN FACT AWFUL. SORRY I HELPED LOL\n|c|\u2606Uncle Kars|trying to type forward slash positive\n|\n|t:|1696710863\n|switch|p1b: Dudunsparce|Dudunsparce-Three-Segment, M|50\/100\n|switch|p1a: Lycanroc|Lycanroc, F|50\/100\n|turn|6\n|c|\u2606Uncle Kars|YEAH I KNOW\n|\n|t:|1696710892\n|switch|p2b: Torterra|Torterra, M|100\/100\n|-damage|p2b: Torterra|94\/100|[from] Stealth Rock\n|move|p1a: Lycanroc|Accelerock|p2b: Torterra\n|-resisted|p2b: Torterra\n|-damage|p2b: Torterra|85\/100\n|-damage|p1a: Lycanroc|34\/100|[from] item: Rocky Helmet|[of] p2b: Torterra\n|-damage|p1a: Lycanroc|24\/100|[from] item: Life Orb\n|move|p1b: Dudunsparce|Hyper Drill|p2a: Quagsire\n|-damage|p2a: Quagsire|44\/100\n|cant|p2a: Quagsire|flinch\n|\n|upkeep\n|turn|7\n|c|\u2606Uncle Kars|IT'S SO AWFUL (forward slash positive)\n|c|\u2606parkle|autumn your favourite move is coming up\n|c|\u2606parkle|OHHH GOOD SWAP\n|c|\u2606parkle|flinch <33\n|c| AutumnCookie|KING'S ROCK SERENE GRACE IS SO AWFUL\n|c|\u2606Uncle Kars|flinch moment\n|\n|t:|1696710953\n|move|p1a: Lycanroc|Drill Run|p2a: Quagsire\n|-damage|p2a: Quagsire|9\/100\n|-damage|p1a: Lycanroc|14\/100|[from] item: Life Orb\n|move|p2b: Torterra|Heavy Slam|p1b: Dudunsparce\n|-damage|p1b: Dudunsparce|11\/100\n|move|p1b: Dudunsparce|Coil|p1b: Dudunsparce\n|-boost|p1b: Dudunsparce|atk|1\n|-boost|p1b: Dudunsparce|def|1\n|-boost|p1b: Dudunsparce|accuracy|1\n|move|p2a: Quagsire|Muddy Water|p1b: Dudunsparce|[spread] p1a,p1b\n|-supereffective|p1a: Lycanroc\n|-damage|p1a: Lycanroc|0 fnt\n|-damage|p1b: Dudunsparce|0 fnt\n|faint|p1a: Lycanroc\n|faint|p1b: Dudunsparce\n|\n|upkeep\n|c|\u2606Uncle Kars|god i hate dudunsparce (lovingly)\n|c|\u2606parkle|AWWWW\n|c|\u2606Uncle Kars|holy shit\n|c|\u2606parkle|dudunsparce :3\n|c|\u2606Uncle Kars|HOLY SHIT...\n|\n|t:|1696710977\n|switch|p1a: Orthworm|Orthworm, M|100\/100\n|switch|p1b: Quaquaval|Quaquaval, M|100\/100\n|turn|8\n|c| AutumnCookie|Kohaku should get a Pawmot because like uh Last Respects counts them when they had bren revived and died again too\n|c|\u2606parkle|you havent met Him yet\n|c|\u2606Uncle Kars|yeah i know\n|c|\u2606parkle|good news is shed tail is now useless\n|c|\u2606Uncle Kars|i lose to Him\n|c| AutumnCookie|Good news is like\n|c|\u2606Uncle Kars|OH THAT'S GREAT NEWS\n|c| AutumnCookie|Quaqiaval is weak to grass\n|c|\u2606Uncle Kars|yeah but torterra is slow as fuck and isn't a shell smasher rn\n|c| AutumnCookie|TRUE\n|c|\u2606Uncle Kars|we'll see\n|c| AutumnCookie|Oh and yeah no shed tail\n|c|\u2606Uncle Kars|guessing the fucker has brave bird\n|c|\u2606parkle|whats brave bird\n|c|\u2606Uncle Kars|oh thank god\n|c|\u2606parkle|SDSFDGFHG\n|c| AutumnCookie|Kinda like Volt Tackle but flying\n|c|\u2606parkle|.. whats\n|c|\u2606parkle|whats v\n|c| AutumnCookie|Or Flare Blitz\n|c|\u2606parkle|...... wh\n|c|\u2606Uncle Kars|or double edge\n|c|\u2606parkle|GUYS PLEASE JUST TELL ME THE EFFECT\n|c|\u2606parkle|I DONT KNOW ANY OF THESE MOVES\n|c|\u2606Uncle Kars|hurts you but does a lot of damage\n|c| AutumnCookie|Really strong but awful recoil moves. The shit Red has okay\n|c|\u2606Uncle Kars|youll see it once crobat gets out here\n|c|\u2606Uncle Kars|now aqua step my quagsire let's get this over with\n|\n|t:|1696711126\n|move|p1b: Quaquaval|Ice Spinner|p2b: Torterra\n|-supereffective|p2b: Torterra\n|-damage|p2b: Torterra|0 fnt\n|-damage|p1b: Quaquaval|84\/100|[from] item: Rocky Helmet|[of] p2b: Torterra\n|faint|p2b: Torterra\n|-ability|p1b: Quaquaval|Moxie|boost\n|-boost|p1b: Quaquaval|atk|1\n|move|p1a: Orthworm|Earthquake|p2a: Quagsire|[spread] p1b,p2a\n|-crit|p1b: Quaquaval\n|-damage|p1b: Quaquaval|42\/100\n|-damage|p2a: Quagsire|0 fnt\n|faint|p2a: Quagsire\n|\n|-heal|p1b: Quaquaval|48\/100|[from] item: Leftovers\n|upkeep\n|c|\u2606parkle|me critting myself AGAIN\n|c|\u2606Uncle Kars|really thought you were going to take the aqua step speed boost\n|c|\u2606parkle|thats the second time\n|c| AutumnCookie|ICE SPINNIER I FORGOT ABOUT THAT\n|c|\u2606parkle|:3\n|c|\u2606parkle|nah i wanted that torterra gone\n|c|\u2606parkle|i knew the moxie would be helpful later\n|\n|t:|1696711158\n|switch|p2a: Crobat|Crobat, F|26\/100\n|-damage|p2a: Crobat|1\/100|[from] Stealth Rock\n|turn|9\n|c|\u2606Uncle Kars|oh\n|c|\u2606parkle|oh..\n|l| AutumnCookie\n|c|\u2606Uncle Kars|well\n|c|\u2606Uncle Kars|AUTUMN LEFT LMFAO\n|j| AutumnCookie\n|c|\u2606parkle|LOLLLL\n|c|\u2606parkle|they know whats gonna happen..\n|\n|t:|1696711182\n|move|p2a: Crobat|Roost|p2a: Crobat\n|-heal|p2a: Crobat|51\/100\n|-singleturn|p2a: Crobat|move: Roost\n|move|p1b: Quaquaval|Aqua Step|p2a: Crobat\n|-damage|p2a: Crobat|0 fnt\n|-boost|p1b: Quaquaval|spe|1\n|faint|p2a: Crobat\n|\n|win|parkle\n|c| AutumnCookie|MY SHIT WIFI. OT WAS DOING SO WELL\n|c|\u2606Uncle Kars|man. thought i might make it\n|c|\u2606Uncle Kars|didnt even brave bird...\n|c|\u2606parkle|no brave bird....\n|c|\u2606parkle|can we just say that harte loses overall\n|c|\u2606parkle|the battle was fun but i gotta GO\n","uploadtime":1696711218,"views":11,"p1id":"parkle","p2id":"unclekars","formatid":"gen9nationaldexdoubles","rating":0,"private":0,"password":""}