{"id":"gen9nationaldexdoubles-1983968577","p1":"the maraculous","p2":"GuitarheroVGC","format":"[Gen 9] National Dex Doubles","log":"|j|\u2606the maraculous\n|j|\u2606GuitarheroVGC\n|t:|1699205196\n|gametype|doubles\n|player|p1|the maraculous|dragontamer|1388\n|player|p2|GuitarheroVGC|kimonogirl|1547\n|teamsize|p1|6\n|teamsize|p2|6\n|gen|9\n|tier|[Gen 9] National Dex Doubles\n|rated|\n|rule|HP Percentage Mod: HP is shown in percentages\n|rule|Endless Battle Clause: Forcing endless battles is banned\n|rule|OHKO Clause: OHKO moves are banned\n|rule|Evasion Moves Clause: Evasion moves are banned\n|rule|Evasion Abilities Clause: Evasion abilities are banned\n|rule|Species Clause: Limit one of each Pok\u00e9mon\n|rule|Gravity Sleep Clause: The combination of sleep-inducing moves with imperfect accuracy and Gravity or Gigantamax Orbeetle are banned\n|clearpoke\n|poke|p1|Gallade, M|\n|poke|p1|Moltres-Galar|\n|poke|p1|Charizard, M|\n|poke|p1|Comfey, F|\n|poke|p1|Goodra-Hisui, M|\n|poke|p1|Espathra, M|\n|poke|p2|Kangaskhan, F|\n|poke|p2|Kyurem-Black|\n|poke|p2|Jirachi|\n|poke|p2|Rillaboom, F|\n|poke|p2|Urshifu-*, M|\n|poke|p2|Zeraora|\n|teampreview\n|inactive|Battle timer is ON: inactive players will automatically lose when time's up. (requested by GuitarheroVGC)\n|\n|t:|1699205218\n|start\n|switch|p1a: Comfey|Comfey, F|100\/100\n|switch|p1b: Charizard|Charizard, M|100\/100\n|switch|p2a: Kyurem|Kyurem-Black|100\/100\n|switch|p2b: Zeraora|Zeraora|100\/100\n|-ability|p2a: Kyurem|Teravolt\n|turn|1\n|\n|t:|1699205234\n|detailschange|p1b: Charizard|Charizard-Mega-X, M\n|-mega|p1b: Charizard|Charizard|Charizardite X\n|-terastallize|p2a: Kyurem|Poison\n|-zpower|p2b: Zeraora\n|move|p2b: Zeraora|Gigavolt Havoc|p1b: Charizard|[zeffect]\n|-resisted|p1b: Charizard\n|-damage|p1b: Charizard|59\/100\n|move|p1b: Charizard|Dragon Dance|p1b: Charizard\n|-boost|p1b: Charizard|atk|1\n|-boost|p1b: Charizard|spe|1\n|move|p1a: Comfey|Calm Mind|p1a: Comfey\n|-boost|p1a: Comfey|spa|1\n|-boost|p1a: Comfey|spd|1\n|move|p2a: Kyurem|Dragon Dance|p2a: Kyurem\n|-boost|p2a: Kyurem|atk|1\n|-boost|p2a: Kyurem|spe|1\n|\n|upkeep\n|turn|2\n|\n|t:|1699205258\n|move|p1b: Charizard|Fire Punch|p2a: Kyurem\n|-damage|p2a: Kyurem|48\/100\n|move|p2b: Zeraora|Coaching|p2a: Kyurem\n|-boost|p2a: Kyurem|atk|1\n|-boost|p2a: Kyurem|def|1\n|move|p2a: Kyurem|Icicle Spear|p1b: Charizard\n|-damage|p1b: Charizard|26\/100\n|-damage|p1b: Charizard|0 fnt\n|faint|p1b: Charizard\n|-hitcount|p1: Charizard|2\n|move|p1a: Comfey|Leech Seed|p2a: Kyurem\n|-start|p2a: Kyurem|move: Leech Seed\n|\n|-damage|p2a: Kyurem|35\/100|[from] Leech Seed|[of] p1a: Comfey\n|upkeep\n|inactive|the maraculous has 120 seconds left.\n|\n|t:|1699205273\n|switch|p1b: Espathra|Espathra, M|100\/100\n|turn|3\n|\n|t:|1699205285\n|move|p1b: Espathra|Protect|p1b: Espathra\n|-singleturn|p1b: Espathra|Protect\n|move|p1a: Comfey|Draining Kiss|p2b: Zeraora\n|-damage|p2b: Zeraora|62\/100\n|move|p2b: Zeraora|Taunt|p1b: Espathra\n|-activate|p1b: Espathra|move: Protect\n|move|p2a: Kyurem|Icicle Spear|p1a: Comfey\n|-damage|p1a: Comfey|62\/100\n|-damage|p1a: Comfey|23\/100\n|-crit|p1a: Comfey\n|-damage|p1a: Comfey|0 fnt\n|faint|p1a: Comfey\n|-hitcount|p1: Comfey|3\n|\n|-ability|p1b: Espathra|Speed Boost|boost\n|-boost|p1b: Espathra|spe|1\n|upkeep\n|\n|t:|1699205304\n|switch|p1a: Moltres|Moltres-Galar|100\/100\n|turn|4\n|\n|t:|1699205319\n|move|p1b: Espathra|Stored Power|p2a: Kyurem\n|-supereffective|p2a: Kyurem\n|-damage|p2a: Kyurem|6\/100\n|move|p2b: Zeraora|Plasma Fists|p1a: Moltres\n|-supereffective|p1a: Moltres\n|-damage|p1a: Moltres|0 fnt\n|-fieldactivate|move: Ion Deluge\n|-hint|Normal-type moves become Electric-type after using Plasma Fists.\n|faint|p1a: Moltres\n|move|p2a: Kyurem|Icicle Spear|p1b: Espathra\n|-damage|p1b: Espathra|44\/100\n|-damage|p1b: Espathra|0 fnt\n|faint|p1b: Espathra\n|-hitcount|p1: Espathra|2\n|\n|upkeep\n|-message|the maraculous forfeited.\n|\n|win|GuitarheroVGC\n|raw|the maraculous's rating: 1388 &rarr; <strong>1377<\/strong><br \/>(-11 for losing)\n|raw|GuitarheroVGC's rating: 1547 &rarr; <strong>1558<\/strong><br \/>(+11 for winning)\n","uploadtime":1699205331,"views":4,"p1id":"themaraculous","p2id":"guitarherovgc","formatid":"gen9nationaldexdoubles","rating":1377,"private":0,"password":""}