{"id":"gen9nationaldexdoubles-1980588695","p1":"Obsidrugon","p2":"Ultr4X","format":"[Gen 9] National Dex Doubles","log":"|j|\u2606Obsidrugon\n|j|\u2606Ultr4X\n|t:|1698800558\n|gametype|doubles\n|player|p1|Obsidrugon|erika-gen1|1081\n|player|p2|Ultr4X|swimmerf-gen4|1078\n|teamsize|p1|6\n|teamsize|p2|6\n|gen|9\n|tier|[Gen 9] National Dex Doubles\n|rated|\n|rule|HP Percentage Mod: HP is shown in percentages\n|rule|Endless Battle Clause: Forcing endless battles is banned\n|rule|OHKO Clause: OHKO moves are banned\n|rule|Evasion Moves Clause: Evasion moves are banned\n|rule|Evasion Abilities Clause: Evasion abilities are banned\n|rule|Species Clause: Limit one of each Pok\u00e9mon\n|rule|Gravity Sleep Clause: The combination of sleep-inducing moves with imperfect accuracy and Gravity or Gigantamax Orbeetle are banned\n|clearpoke\n|poke|p1|Grapploct, F|\n|poke|p1|Oricorio-Sensu, F|\n|poke|p1|Tornadus, M|\n|poke|p1|Iron Moth|\n|poke|p1|Vivillon-Monsoon, M|\n|poke|p1|Serperior, M|\n|poke|p2|Venusaur, F|\n|poke|p2|Vikavolt, M|\n|poke|p2|Duraludon, F|\n|poke|p2|Gliscor, M|\n|poke|p2|Samurott-Hisui, F|\n|poke|p2|Gallade, M|\n|teampreview\n|c|\u2606Obsidrugon|glhf\n|\n|t:|1698800569\n|start\n|switch|p1a: Oricorio|Oricorio-Sensu, F, shiny|100\/100\n|switch|p1b: Iron Moth|Iron Moth|100\/100\n|switch|p2a: Ion|Vikavolt, M, shiny|100\/100\n|switch|p2b: Sam|Samurott-Hisui, F, shiny|100\/100\n|-enditem|p1b: Iron Moth|Booster Energy\n|-activate|p1b: Iron Moth|ability: Quark Drive|[fromitem]\n|-start|p1b: Iron Moth|quarkdrivespe\n|turn|1\n|\n|t:|1698800585\n|-terastallize|p1b: Iron Moth|Steel\n|move|p1b: Iron Moth|Fiery Dance|p2a: Ion\n|-supereffective|p2a: Ion\n|-damage|p2a: Ion|0 fnt\n|-boost|p1b: Iron Moth|spa|1\n|faint|p2a: Ion\n|-activate|p1a: Oricorio|ability: Dancer\n|move|p1a: Oricorio|Fiery Dance|p2b: Sam|[from]ability: Dancer\n|-resisted|p2b: Sam\n|-damage|p2b: Sam|87\/100\n|-boost|p1a: Oricorio|spa|1\n|move|p2b: Sam|Ceaseless Edge|p1a: Oricorio\n|-supereffective|p1a: Oricorio\n|-damage|p1a: Oricorio|19\/100\n|-sidestart|p1: Obsidrugon|Spikes\n|move|p1a: Oricorio|Quiver Dance|p1a: Oricorio\n|-boost|p1a: Oricorio|spa|1\n|-boost|p1a: Oricorio|spd|1\n|-boost|p1a: Oricorio|spe|1\n|\n|upkeep\n|-message|Ultr4X forfeited.\n|\n|win|Obsidrugon\n|raw|Obsidrugon's rating: 1081 &rarr; <strong>1109<\/strong><br \/>(+28 for winning)\n|raw|Ultr4X's rating: 1078 &rarr; <strong>1056<\/strong><br \/>(-22 for losing)\n|l|\u2606Ultr4X\n","uploadtime":1698800610,"views":6,"p1id":"obsidrugon","p2id":"ultr4x","formatid":"gen9nationaldexdoubles","rating":1056,"private":0,"password":""}