{"id":"gen9nationaldexdoubles-1983286988","p1":"ayzen8212","p2":"gobbers 2","format":"[Gen 9] National Dex Doubles","log":"|j|\u2606ayzen8212\n|j|\u2606gobbers 2\n|t:|1699114360\n|gametype|doubles\n|player|p1|ayzen8212|265|1000\n|player|p2|gobbers 2|ethan|1060\n|teamsize|p1|6\n|teamsize|p2|6\n|gen|9\n|tier|[Gen 9] National Dex Doubles\n|rated|\n|rule|HP Percentage Mod: HP is shown in percentages\n|rule|Endless Battle Clause: Forcing endless battles is banned\n|rule|OHKO Clause: OHKO moves are banned\n|rule|Evasion Moves Clause: Evasion moves are banned\n|rule|Evasion Abilities Clause: Evasion abilities are banned\n|rule|Species Clause: Limit one of each Pok\u00e9mon\n|rule|Gravity Sleep Clause: The combination of sleep-inducing moves with imperfect accuracy and Gravity or Gigantamax Orbeetle are banned\n|clearpoke\n|poke|p1|Ursaluna-Bloodmoon, M|\n|poke|p1|Kommo-o, M|\n|poke|p1|Snorlax, M|\n|poke|p1|Landorus-Therian, M|\n|poke|p1|Palafin, F|\n|poke|p1|Amoonguss, F|\n|poke|p2|Lucario, M|\n|poke|p2|Maushold-Four|\n|poke|p2|Chien-Pao|\n|poke|p2|Torkoal, M|\n|poke|p2|Cherrim, M|\n|poke|p2|Roaring Moon|\n|teampreview\n|\n|t:|1699114364\n|start\n|switch|p1a: Palafin|Palafin, F|100\/100\n|switch|p1b: Amoonguss|Amoonguss, F|100\/100\n|switch|p2a: GRRRRRRR|Lucario, M|100\/100\n|switch|p2b: mass population|Maushold-Four|100\/100\n|turn|1\n|\n|t:|1699114378\n|move|p2b: mass population|Beat Up|p2a: GRRRRRRR\n|-resisted|p2a: GRRRRRRR\n|-damage|p2a: GRRRRRRR|98\/100\n|-ability|p2a: GRRRRRRR|Justified|boost\n|-boost|p2a: GRRRRRRR|atk|1\n|-resisted|p2a: GRRRRRRR\n|-damage|p2a: GRRRRRRR|96\/100\n|-ability|p2a: GRRRRRRR|Justified|boost\n|-boost|p2a: GRRRRRRR|atk|1\n|-resisted|p2a: GRRRRRRR\n|-damage|p2a: GRRRRRRR|94\/100\n|-ability|p2a: GRRRRRRR|Justified|boost\n|-boost|p2a: GRRRRRRR|atk|1\n|-resisted|p2a: GRRRRRRR\n|-damage|p2a: GRRRRRRR|92\/100\n|-ability|p2a: GRRRRRRR|Justified|boost\n|-boost|p2a: GRRRRRRR|atk|1\n|-resisted|p2a: GRRRRRRR\n|-damage|p2a: GRRRRRRR|90\/100\n|-ability|p2a: GRRRRRRR|Justified|boost\n|-boost|p2a: GRRRRRRR|atk|1\n|-resisted|p2a: GRRRRRRR\n|-damage|p2a: GRRRRRRR|87\/100\n|-ability|p2a: GRRRRRRR|Justified|boost\n|-boost|p2a: GRRRRRRR|atk|1\n|-hitcount|p2a: GRRRRRRR|6\n|-enditem|p2a: GRRRRRRR|Kee Berry|[eat]\n|-boost|p2a: GRRRRRRR|def|1|[from] item: Kee Berry\n|move|p1a: Palafin|Flip Turn|p2b: mass population\n|-damage|p2b: mass population|67\/100\n|\n|t:|1699114401\n|detailschange|p1a: Palafin|Palafin-Hero, F\n|switch|p1a: Ursaluna|Ursaluna-Bloodmoon, M|100\/100|[from] Flip Turn\n|move|p2a: GRRRRRRR|Earthquake|p1b: Amoonguss|[spread] p2b,p1a,p1b\n|-damage|p2b: mass population|0 fnt\n|-damage|p1a: Ursaluna|37\/100\n|-damage|p1b: Amoonguss|0 fnt\n|faint|p2b: mass population\n|faint|p1b: Amoonguss\n|\n|upkeep\n|\n|t:|1699114423\n|switch|p2b: Kemu|Chien-Pao|100\/100\n|switch|p1b: Palafin|Palafin-Hero, F|100\/100\n|-ability|p2b: Kemu|Sword of Ruin\n|-activate|p1b: Palafin|ability: Zero to Hero\n|turn|2\n|\n|t:|1699114452\n|-terastallize|p2a: GRRRRRRR|Normal\n|move|p2a: GRRRRRRR|Extreme Speed|p1b: Palafin\n|-damage|p1b: Palafin|0 fnt\n|-damage|p2a: GRRRRRRR|71\/100|[from] item: Rocky Helmet|[of] p1b: Palafin\n|faint|p1b: Palafin\n|move|p2b: Kemu|Brick Break|p1a: Ursaluna\n|-supereffective|p1a: Ursaluna\n|-damage|p1a: Ursaluna|0 fnt\n|faint|p1a: Ursaluna\n|\n|upkeep\n|\n|t:|1699114469\n|switch|p1b: Kommo-o|Kommo-o, M|100\/100\n|switch|p1a: Snorlax|Snorlax, M|100\/100\n|turn|3\n|\n|t:|1699114496\n|move|p2b: Kemu|Brick Break|p1a: Snorlax\n|-supereffective|p1a: Snorlax\n|-damage|p1a: Snorlax|36\/100\n|move|p2a: GRRRRRRR|Earthquake|p1b: Kommo-o|[spread] p2b,p1a,p1b\n|-enditem|p2b: Kemu|Focus Sash\n|-damage|p2b: Kemu|1\/100\n|-damage|p1a: Snorlax|0 fnt\n|-damage|p1b: Kommo-o|0 fnt\n|faint|p1a: Snorlax\n|faint|p1b: Kommo-o\n|\n|upkeep\n|-message|ayzen8212 forfeited.\n|\n|win|gobbers 2\n|raw|ayzen8212's rating: 1000 &rarr; <strong>1000<\/strong><br \/>(+0 for losing)\n|raw|gobbers 2's rating: 1060 &rarr; <strong>1086<\/strong><br \/>(+26 for winning)\n|l|\u2606ayzen8212\n","uploadtime":1699114512,"views":25,"p1id":"ayzen8212","p2id":"gobbers2","formatid":"gen9nationaldexdoubles","rating":1000,"private":0,"password":""}