{"id":"gen9nationaldexdoubles-1984023486","p1":"GunGalione","p2":"GlassAbove","format":"[Gen 9] National Dex Doubles","log":"|j|\u2606GunGalione\n|j|\u2606GlassAbove\n|t:|1699210825\n|gametype|doubles\n|player|p1|GunGalione|pokemonranger-gen4|1221\n|player|p2|GlassAbove|265|1031\n|teamsize|p1|6\n|teamsize|p2|6\n|gen|9\n|tier|[Gen 9] National Dex Doubles\n|rated|\n|rule|HP Percentage Mod: HP is shown in percentages\n|rule|Endless Battle Clause: Forcing endless battles is banned\n|rule|OHKO Clause: OHKO moves are banned\n|rule|Evasion Moves Clause: Evasion moves are banned\n|rule|Evasion Abilities Clause: Evasion abilities are banned\n|rule|Species Clause: Limit one of each Pok\u00e9mon\n|rule|Gravity Sleep Clause: The combination of sleep-inducing moves with imperfect accuracy and Gravity or Gigantamax Orbeetle are banned\n|clearpoke\n|poke|p1|Magmortar, M|\n|poke|p1|Typhlosion, F|\n|poke|p1|Chi-Yu|\n|poke|p1|Torkoal, F|\n|poke|p1|Heliolisk, M|\n|poke|p1|Talonflame, M|\n|poke|p2|Slaking, F|\n|poke|p2|Espathra, F|\n|poke|p2|Vivillon, M|\n|poke|p2|Ninetales-Alola, F|\n|poke|p2|Sinistcha|\n|poke|p2|Indeedee-F, F|\n|teampreview\n|\n|t:|1699210847\n|start\n|switch|p1a: Magmortar|Magmortar, M, shiny|100\/100\n|switch|p1b: Talonflame|Talonflame, M|100\/100\n|switch|p2a: Espathra|Espathra, F|100\/100\n|switch|p2b: Slaking|Slaking, F|100\/100\n|turn|1\n|\n|t:|1699210861\n|-terastallize|p1a: Magmortar|Psychic\n|move|p1b: Talonflame|U-turn|p1a: Magmortar\n|-supereffective|p1a: Magmortar\n|-damage|p1a: Magmortar|66\/100\n|-enditem|p1a: Magmortar|Weakness Policy\n|-boost|p1a: Magmortar|atk|2|[from] item: Weakness Policy\n|-boost|p1a: Magmortar|spa|2|[from] item: Weakness Policy\n|\n|t:|1699210869\n|switch|p1b: Torkoal|Torkoal, F|100\/100|[from] U-turn\n|-weather|SunnyDay|[from] ability: Drought|[of] p1b: Torkoal\n|move|p2a: Espathra|Skill Swap|p2b: Slaking\n|-activate|p2a: Espathra|move: Skill Swap|||[of] p2b: Slaking\n|move|p2b: Slaking|Double-Edge|p1b: Torkoal\n|-damage|p1b: Torkoal|36\/100\n|-damage|p2b: Slaking|84\/100|[from] Recoil\n|move|p1a: Magmortar|Psychic|p2b: Slaking\n|-damage|p2b: Slaking|15\/100\n|\n|-weather|SunnyDay|[upkeep]\n|-ability|p2b: Slaking|Speed Boost|boost\n|-boost|p2b: Slaking|spe|1\n|upkeep\n|turn|2\n|\n|t:|1699210890\n|move|p1a: Magmortar|Protect|p1a: Magmortar\n|-singleturn|p1a: Magmortar|Protect\n|move|p2b: Slaking|Earthquake|p1b: Torkoal|[spread] p2a,p1b\n|-activate|p1a: Magmortar|move: Protect\n|-supereffective|p1b: Torkoal\n|-damage|p2a: Espathra|47\/100\n|-damage|p1b: Torkoal|0 fnt\n|faint|p1b: Torkoal\n|cant|p2a: Espathra|ability: Truant\n|\n|-weather|SunnyDay|[upkeep]\n|-heal|p2a: Espathra|53\/100|[from] item: Leftovers\n|-ability|p2b: Slaking|Speed Boost|boost\n|-boost|p2b: Slaking|spe|1\n|upkeep\n|\n|t:|1699210898\n|switch|p1b: Talonflame|Talonflame, M|100\/100\n|turn|3\n|\n|t:|1699210916\n|move|p1b: Talonflame|Tailwind|p1b: Talonflame\n|-sidestart|p1: GunGalione|move: Tailwind\n|move|p2b: Slaking|Earthquake|p1a: Magmortar|[spread] p2a,p1a\n|-immune|p1b: Talonflame\n|-damage|p2a: Espathra|0 fnt\n|-damage|p1a: Magmortar|10\/100\n|faint|p2a: Espathra\n|move|p1a: Magmortar|Heat Wave|p2b: Slaking\n|-crit|p2b: Slaking\n|-damage|p2b: Slaking|0 fnt\n|faint|p2b: Slaking\n|\n|-weather|SunnyDay|[upkeep]\n|upkeep\n|\n|t:|1699210926\n|switch|p2a: Ninetales|Ninetales-Alola, F|100\/100\n|switch|p2b: Indeedee|Indeedee-F, F|100\/100\n|-weather|Snow|[from] ability: Snow Warning|[of] p2a: Ninetales\n|-fieldstart|move: Psychic Terrain|[from] ability: Psychic Surge|[of] p2b: Indeedee\n|turn|4\n|inactive|Battle timer is ON: inactive players will automatically lose when time's up. (requested by GlassAbove)\n|\n|t:|1699210940\n|switch|p1b: Chi-Yu|Chi-Yu|100\/100\n|-ability|p1b: Chi-Yu|Beads of Ruin\n|move|p2b: Indeedee|Follow Me|p2b: Indeedee\n|-singleturn|p2b: Indeedee|move: Follow Me\n|move|p1a: Magmortar|Heat Wave|p2b: Indeedee|[spread] p2a,p2b\n|-supereffective|p2a: Ninetales\n|-damage|p2a: Ninetales|0 fnt\n|-damage|p2b: Indeedee|0 fnt\n|faint|p2a: Ninetales\n|faint|p2b: Indeedee\n|\n|-weather|Snow|[upkeep]\n|upkeep\n|l|\u2606GlassAbove\n|inactive|GlassAbove disconnected and has a minute to reconnect!\n|player|p2|\n|inactive|GlassAbove has 30 seconds to reconnect!\n|inactive|GlassAbove has 20 seconds to reconnect!\n|inactive|GlassAbove has 15 seconds to reconnect!\n|inactive|GlassAbove has 10 seconds to reconnect!\n|inactive|GlassAbove has 5 seconds to reconnect!\n|-message|GlassAbove lost due to inactivity.\n|\n|win|GunGalione\n|raw|GunGalione's rating: 1221 &rarr; <strong>1234<\/strong><br \/>(+13 for winning)\n|raw|GlassAbove's rating: 1031 &rarr; <strong>1024<\/strong><br \/>(-7 for losing)\n|player|p1|GunGalione|pokemonranger-gen4\n","uploadtime":1699211116,"views":6,"p1id":"gungalione","p2id":"glassabove","formatid":"gen9nationaldexdoubles","rating":1024,"private":0,"password":""}