{"id":"gen9nationaldexdoubles-1965634106","p1":"bindz123","p2":"sniper12138","format":"[Gen 9] National Dex Doubles","log":"|j|\u2606bindz123\n|j|\u2606sniper12138\n|t:|1697100380\n|gametype|doubles\n|player|p1|bindz123|swimmer-gen4dp|1112\n|player|p2|sniper12138|170|1119\n|teamsize|p1|6\n|teamsize|p2|6\n|gen|9\n|tier|[Gen 9] National Dex Doubles\n|rated|\n|rule|HP Percentage Mod: HP is shown in percentages\n|rule|Endless Battle Clause: Forcing endless battles is banned\n|rule|OHKO Clause: OHKO moves are banned\n|rule|Evasion Moves Clause: Evasion moves are banned\n|rule|Evasion Abilities Clause: Evasion abilities are banned\n|rule|Species Clause: Limit one of each Pok\u00e9mon\n|rule|Gravity Sleep Clause: The combination of sleep-inducing moves with imperfect accuracy and Gravity or Gigantamax Orbeetle are banned\n|clearpoke\n|poke|p1|Jolteon, M|\n|poke|p1|Torterra, M|\n|poke|p1|Maushold|\n|poke|p1|Tornadus, M|\n|poke|p1|Palafin, F|\n|poke|p1|Chien-Pao|\n|poke|p2|Hatterene, F|\n|poke|p2|Sinistcha-Masterpiece|\n|poke|p2|Ursaluna-Bloodmoon, M|\n|poke|p2|Scizor, M|\n|poke|p2|Ferrothorn, F|\n|poke|p2|Baxcalibur, F|\n|teampreview\n|inactive|Battle timer is ON: inactive players will automatically lose when time's up. (requested by bindz123)\n|\n|t:|1697100389\n|start\n|switch|p1a: Torterra|Torterra, M, shiny|100\/100\n|switch|p1b: Maushold|Maushold|100\/100\n|switch|p2a: Hatterene|Hatterene, F|100\/100\n|switch|p2b: Scizor|Scizor, M|100\/100\n|turn|1\n|\n|t:|1697100399\n|detailschange|p2b: Scizor|Scizor-Mega, M\n|-mega|p2b: Scizor|Scizor|Scizorite\n|move|p1b: Maushold|Follow Me|p1b: Maushold\n|-singleturn|p1b: Maushold|move: Follow Me\n|move|p1a: Torterra|Shell Smash|p1a: Torterra\n|-unboost|p1a: Torterra|def|1\n|-unboost|p1a: Torterra|spd|1\n|-boost|p1a: Torterra|atk|2\n|-boost|p1a: Torterra|spa|2\n|-boost|p1a: Torterra|spe|2\n|move|p2b: Scizor|Swords Dance|p2b: Scizor\n|-boost|p2b: Scizor|atk|2\n|move|p2a: Hatterene|Trick Room|p2a: Hatterene\n|-fieldstart|move: Trick Room|[of] p2a: Hatterene\n|\n|upkeep\n|turn|2\n|\n|t:|1697100424\n|move|p2b: Scizor|Detect|p2b: Scizor\n|-singleturn|p2b: Scizor|Protect\n|move|p1b: Maushold|Follow Me|p1b: Maushold\n|-singleturn|p1b: Maushold|move: Follow Me\n|move|p2a: Hatterene|Misty Explosion|p1b: Maushold|[spread] p1a,p1b\n|-activate|p2b: Scizor|move: Protect\n|-damage|p1a: Torterra|43\/100\n|-damage|p1b: Maushold|50\/100\n|-enditem|p1b: Maushold|Sitrus Berry|[eat]\n|-heal|p1b: Maushold|75\/100|[from] item: Sitrus Berry\n|-enditem|p1a: Torterra|Sitrus Berry|[eat]\n|-heal|p1a: Torterra|68\/100|[from] item: Sitrus Berry\n|faint|p2a: Hatterene\n|move|p1a: Torterra|Rock Slide|p2b: Scizor\n|-activate|p2b: Scizor|move: Protect\n|\n|upkeep\n|\n|t:|1697100441\n|switch|p2a: Ursaluna|Ursaluna-Bloodmoon, M|100\/100\n|turn|3\n|\n|t:|1697100450\n|move|p1b: Maushold|Follow Me|p1b: Maushold\n|-singleturn|p1b: Maushold|move: Follow Me\n|move|p2a: Ursaluna|Blood Moon|p1b: Maushold\n|-damage|p1b: Maushold|0 fnt\n|faint|p1b: Maushold\n|move|p2b: Scizor|Swords Dance|p2b: Scizor\n|-boost|p2b: Scizor|atk|2\n|move|p1a: Torterra|Bullet Seed|p2a: Ursaluna\n|-supereffective|p2a: Ursaluna\n|-damage|p2a: Ursaluna|69\/100\n|-supereffective|p2a: Ursaluna\n|-damage|p2a: Ursaluna|41\/100\n|-supereffective|p2a: Ursaluna\n|-damage|p2a: Ursaluna|13\/100\n|-hitcount|p2a: Ursaluna|3\n|\n|upkeep\n|\n|t:|1697100466\n|switch|p1b: Palafin|Palafin, F|100\/100\n|turn|4\n|\n|t:|1697100476\n|move|p2b: Scizor|Bullet Punch|p1a: Torterra\n|-damage|p1a: Torterra|0 fnt\n|faint|p1a: Torterra\n|-zpower|p2a: Ursaluna\n|move|p2a: Ursaluna|Breakneck Blitz|p1b: Palafin|[zeffect]\n|-crit|p1b: Palafin\n|-damage|p1b: Palafin|0 fnt\n|faint|p1b: Palafin\n|\n|upkeep\n|-message|bindz123 forfeited.\n|\n|win|sniper12138\n|raw|bindz123's rating: 1112 &rarr; <strong>1087<\/strong><br \/>(-25 for losing)\n|raw|sniper12138's rating: 1106 &rarr; <strong>1131<\/strong><br \/>(+25 for winning)\n|l|\u2606bindz123\n","uploadtime":1697100496,"views":19,"p1id":"bindz123","p2id":"sniper12138","formatid":"gen9nationaldexdoubles","rating":1087,"private":0,"password":""}