{"id":"gen9nationaldexdoubles-1956504178","p1":"peeepee","p2":"Pugplayer","format":"[Gen 9] National Dex Doubles","log":"|j|\u2606peeepee\n|j|\u2606Pugplayer\n|t:|1696114687\n|gametype|doubles\n|player|p1|peeepee|psychicf-gen4|\n|player|p2|Pugplayer|volo|\n|teamsize|p1|6\n|teamsize|p2|6\n|gen|9\n|tier|[Gen 9] National Dex Doubles\n|rule|HP Percentage Mod: HP is shown in percentages\n|rule|Endless Battle Clause: Forcing endless battles is banned\n|rule|OHKO Clause: OHKO moves are banned\n|rule|Evasion Moves Clause: Evasion moves are banned\n|rule|Evasion Abilities Clause: Evasion abilities are banned\n|rule|Species Clause: Limit one of each Pok\u00e9mon\n|rule|Gravity Sleep Clause: The combination of sleep-inducing moves with imperfect accuracy and Gravity or Gigantamax Orbeetle are banned\n|clearpoke\n|poke|p1|Sinistcha|\n|poke|p1|Torkoal, M|\n|poke|p1|Ursaluna-Bloodmoon, M|\n|poke|p1|Kingambit, M|\n|poke|p1|Pheromosa|\n|poke|p1|Conkeldurr, M|\n|poke|p2|Torkoal, F|\n|poke|p2|Lilligant-Hisui, F|\n|poke|p2|Charizard, M|\n|poke|p2|Flutter Mane|\n|poke|p2|Armarouge, M|\n|poke|p2|Indeedee-F, F|\n|teampreview\n|j| Bananamann457\n|j| S1r.sweepsaLot\n|j| thundervoltss\n|\n|t:|1696114727\n|start\n|switch|p1a: Smoking Kills|Torkoal, M|100\/100\n|switch|p1b: Yakuza Boss|Kingambit, M|100\/100\n|switch|p2a: Mega Man|Armarouge, M|100\/100\n|switch|p2b: Dr Light|Indeedee-F, F|100\/100\n|-fieldstart|move: Psychic Terrain|[from] ability: Psychic Surge|[of] p2b: Dr Light\n|-weather|SunnyDay|[from] ability: Drought|[of] p1a: Smoking Kills\n|turn|1\n|\n|t:|1696114755\n|-terastallize|p1b: Yakuza Boss|Water\n|move|p2a: Mega Man|Expanding Force|p1b: Yakuza Boss|[spread] p1a,p1b\n|-damage|p1a: Smoking Kills|0 fnt\n|-damage|p1b: Yakuza Boss|12\/100\n|faint|p1a: Smoking Kills\n|-damage|p2a: Mega Man|91\/100|[from] item: Life Orb\n|move|p1b: Yakuza Boss|Kowtow Cleave|p2b: Dr Light\n|-supereffective|p2b: Dr Light\n|-damage|p2b: Dr Light|0 fnt\n|-damage|p1b: Yakuza Boss|0 fnt|[from] item: Rocky Helmet|[of] p2b: Dr Light\n|faint|p2b: Dr Light\n|faint|p1b: Yakuza Boss\n|\n|-weather|SunnyDay|[upkeep]\n|upkeep\n|\n|t:|1696114782\n|switch|p2b: Ralph|Torkoal, F|100\/100\n|switch|p1b: Conkeldurr|Conkeldurr, M|100\/100\n|switch|p1a: Girl Boss|Pheromosa|100\/100\n|turn|2\n|\n|t:|1696114816\n|move|p1a: Girl Boss|Taunt|p2a: Mega Man\n|-start|p2a: Mega Man|move: Taunt\n|move|p2a: Mega Man|Expanding Force|p1b: Conkeldurr|[spread] p1a,p1b\n|-supereffective|p1a: Girl Boss\n|-supereffective|p1b: Conkeldurr\n|-enditem|p1a: Girl Boss|Focus Sash\n|-damage|p1a: Girl Boss|1\/100\n|-damage|p1b: Conkeldurr|0 fnt\n|faint|p1b: Conkeldurr\n|-damage|p2a: Mega Man|81\/100|[from] item: Life Orb\n|move|p2b: Ralph|Eruption|p1a: Girl Boss\n|-supereffective|p1a: Girl Boss\n|-damage|p1a: Girl Boss|0 fnt\n|faint|p1a: Girl Boss\n|\n|-weather|SunnyDay|[upkeep]\n|upkeep\n|\n|t:|1696114827\n|switch|p1a: Yogi Bear|Ursaluna-Bloodmoon, M|100\/100\n|switch|p1b: Mmm Tasty|Sinistcha|100\/100\n|turn|3\n|c| S1r.sweepsaLot|lets go jaxen\n|c|\u2606Pugplayer|hmm\n|\n|t:|1696114855\n|move|p2a: Mega Man|Expanding Force|p1a: Yogi Bear|[spread] p1a,p1b\n|-damage|p1a: Yogi Bear|0 fnt\n|-damage|p1b: Mmm Tasty|20\/100\n|faint|p1a: Yogi Bear\n|-damage|p2a: Mega Man|71\/100|[from] item: Life Orb\n|move|p2b: Ralph|Eruption|p1b: Mmm Tasty\n|-supereffective|p1b: Mmm Tasty\n|-damage|p1b: Mmm Tasty|0 fnt\n|faint|p1b: Mmm Tasty\n|\n|win|Pugplayer\n|c|\u2606Pugplayer|ggs wp\n","uploadtime":1696114865,"views":9,"p1id":"peeepee","p2id":"pugplayer","formatid":"gen9nationaldexdoubles","rating":0,"private":0,"password":""}