{"id":"gen9nationaldexdoubles-1994705826","p1":"shfeha","p2":"Sargenbob","format":"[Gen 9] National Dex Doubles","log":"|j|\u2606shfeha\n|j|\u2606Sargenbob\n|t:|1700483668\n|gametype|doubles\n|player|p1|shfeha|cyclist|1047\n|player|p2|Sargenbob|red|1209\n|teamsize|p1|6\n|teamsize|p2|6\n|gen|9\n|tier|[Gen 9] National Dex Doubles\n|rated|\n|rule|HP Percentage Mod: HP is shown in percentages\n|rule|Endless Battle Clause: Forcing endless battles is banned\n|rule|OHKO Clause: OHKO moves are banned\n|rule|Evasion Moves Clause: Evasion moves are banned\n|rule|Evasion Abilities Clause: Evasion abilities are banned\n|rule|Species Clause: Limit one of each Pok\u00e9mon\n|rule|Gravity Sleep Clause: The combination of sleep-inducing moves with imperfect accuracy and Gravity or Gigantamax Orbeetle are banned\n|clearpoke\n|poke|p1|Smeargle, F|\n|poke|p1|Flutter Mane|\n|poke|p1|Incineroar, F|\n|poke|p1|Kangaskhan, F|\n|poke|p1|Frosmoth, M|\n|poke|p1|Chi-Yu|\n|poke|p2|Ursaluna, F|\n|poke|p2|Gothitelle, F|\n|poke|p2|Salamence, F|\n|poke|p2|Amoonguss, F|\n|poke|p2|Diancie|\n|poke|p2|Incineroar, F|\n|teampreview\n|inactive|Battle timer is ON: inactive players will automatically lose when time's up. (requested by shfeha)\n|\n|t:|1700483679\n|start\n|switch|p1a: Incineroar|Incineroar, F, shiny|100\/100\n|switch|p1b: Smeargle|Smeargle, F|100\/100\n|switch|p2a: El-Macho|Incineroar, F, shiny|100\/100\n|switch|p2b: Shenron|Salamence, F, shiny|100\/100\n|-ability|p2b: Shenron|Intimidate|boost\n|-unboost|p1a: Incineroar|atk|1\n|-unboost|p1b: Smeargle|atk|1\n|-ability|p1a: Incineroar|Intimidate|boost\n|-unboost|p2a: El-Macho|atk|1\n|-unboost|p2b: Shenron|atk|1\n|-ability|p2a: El-Macho|Intimidate|boost\n|-unboost|p1a: Incineroar|atk|1\n|-unboost|p1b: Smeargle|atk|1\n|turn|1\n|\n|t:|1700483698\n|detailschange|p2b: Shenron|Salamence-Mega, F, shiny\n|-mega|p2b: Shenron|Salamence|Salamencite\n|move|p1a: Incineroar|Fake Out|p2a: El-Macho\n|-damage|p2a: El-Macho|94\/100\n|move|p2b: Shenron|Breaking Swipe|p1a: Incineroar|[spread] p1a,p1b\n|-damage|p1a: Incineroar|88\/100\n|-damage|p1b: Smeargle|63\/100\n|-unboost|p1a: Incineroar|atk|1\n|-unboost|p1b: Smeargle|atk|1\n|move|p1b: Smeargle|Geomancy||[still]\n|-prepare|p1b: Smeargle|Geomancy\n|-enditem|p1b: Smeargle|Power Herb\n|-anim|p1b: Smeargle|Geomancy|p1b: Smeargle\n|-boost|p1b: Smeargle|spa|2\n|-boost|p1b: Smeargle|spd|2\n|-boost|p1b: Smeargle|spe|2\n|cant|p2a: El-Macho|flinch\n|\n|-heal|p1a: Incineroar|94\/100|[from] item: Leftovers\n|-ability|p1b: Smeargle|Moody|boost\n|-boost|p1b: Smeargle|spa|2\n|-unboost|p1b: Smeargle|spd|1\n|upkeep\n|turn|2\n|\n|t:|1700483717\n|move|p1b: Smeargle|Baton Pass|p1b: Smeargle\n|\n|t:|1700483727\n|switch|p1b: Flutter Mane|Flutter Mane|100\/100|[from] Baton Pass\n|-enditem|p1b: Flutter Mane|Booster Energy\n|-activate|p1b: Flutter Mane|ability: Protosynthesis|[fromitem]\n|-start|p1b: Flutter Mane|protosynthesisspa\n|move|p2b: Shenron|Breaking Swipe|p1b: Flutter Mane|[spread] p1a\n|-immune|p1b: Flutter Mane\n|-damage|p1a: Incineroar|80\/100\n|-unboost|p1a: Incineroar|atk|1\n|move|p2a: El-Macho|Knock Off|p1a: Incineroar\n|-resisted|p1a: Incineroar\n|-damage|p1a: Incineroar|67\/100\n|-enditem|p1a: Incineroar|Leftovers|[from] move: Knock Off|[of] p2a: El-Macho\n|move|p1a: Incineroar|Parting Shot|p2b: Shenron\n|-unboost|p2b: Shenron|atk|1\n|-unboost|p2b: Shenron|spa|1\n|inactive|shfeha has 120 seconds left.\n|\n|t:|1700483743\n|switch|p1a: Smeargle|Smeargle, F|63\/100|[from] Parting Shot\n|\n|-ability|p1a: Smeargle|Moody|boost\n|-boost|p1a: Smeargle|spe|2\n|-unboost|p1a: Smeargle|spd|1\n|upkeep\n|turn|3\n|\n|t:|1700483756\n|switch|p2b: Crystal|Diancie, shiny|100\/100\n|switch|p2a: Toad|Amoonguss, F, shiny|100\/100\n|-terastallize|p1b: Flutter Mane|Fairy\n|move|p1b: Flutter Mane|Dazzling Gleam|p2a: Toad|[spread] p2a,p2b\n|-resisted|p2a: Toad\n|-damage|p2a: Toad|20\/100\n|-damage|p2b: Crystal|0 fnt\n|faint|p2b: Crystal\n|move|p1a: Smeargle|Clangorous Soul|p1a: Smeargle\n|-boost|p1a: Smeargle|atk|1\n|-boost|p1a: Smeargle|def|1\n|-boost|p1a: Smeargle|spa|1\n|-boost|p1a: Smeargle|spd|1\n|-boost|p1a: Smeargle|spe|1\n|-damage|p1a: Smeargle|30\/100\n|\n|-ability|p1a: Smeargle|Moody|boost\n|-boost|p1a: Smeargle|spa|2\n|-unboost|p1a: Smeargle|spd|1\n|upkeep\n|-message|Sargenbob forfeited.\n|\n|win|shfeha\n|raw|shfeha's rating: 1047 &rarr; <strong>1094<\/strong><br \/>(+47 for winning)\n|raw|Sargenbob's rating: 1209 &rarr; <strong>1173<\/strong><br \/>(-36 for losing)\n|l|\u2606Sargenbob\n","uploadtime":1700483771,"views":1,"p1id":"shfeha","p2id":"sargenbob","formatid":"gen9nationaldexdoubles","rating":1094,"private":0,"password":""}