{"id":"gen9nationaldexdoubles-1971831494","p1":"xiaochou0629","p2":"Brick_Enjoyer_144","format":"[Gen 9] National Dex Doubles","log":"|j|\u2606xiaochou0629\n|j|\u2606Brick_Enjoyer_144\n|t:|1697778196\n|gametype|doubles\n|player|p1|xiaochou0629|265|1360\n|player|p2|Brick_Enjoyer_144|shauntal|1150\n|teamsize|p1|6\n|teamsize|p2|6\n|gen|9\n|tier|[Gen 9] National Dex Doubles\n|rated|\n|rule|HP Percentage Mod: HP is shown in percentages\n|rule|Endless Battle Clause: Forcing endless battles is banned\n|rule|OHKO Clause: OHKO moves are banned\n|rule|Evasion Moves Clause: Evasion moves are banned\n|rule|Evasion Abilities Clause: Evasion abilities are banned\n|rule|Species Clause: Limit one of each Pok\u00e9mon\n|rule|Gravity Sleep Clause: The combination of sleep-inducing moves with imperfect accuracy and Gravity or Gigantamax Orbeetle are banned\n|clearpoke\n|poke|p1|Ogerpon-Hearthflame, F|\n|poke|p1|Rillaboom, F|\n|poke|p1|Tornadus, M|\n|poke|p1|Salamence, F|\n|poke|p1|Flutter Mane|\n|poke|p1|Chi-Yu|\n|poke|p2|Espeon, M|\n|poke|p2|Gallade, M|\n|poke|p2|Illumise, F|\n|poke|p2|Urshifu-*, F|\n|poke|p2|Ogerpon-Hearthflame, F|\n|poke|p2|Heatran, F|\n|teampreview\n|inactive|Battle timer is ON: inactive players will automatically lose when time's up. (requested by Brick_Enjoyer_144)\n|\n|t:|1697778215\n|start\n|switch|p1a: Salamence|Salamence, F|100\/100\n|switch|p1b: Tornadus|Tornadus, M|100\/100\n|switch|p2a: Illumise|Illumise, F|100\/100\n|switch|p2b: Heatran|Heatran, F|100\/100\n|-ability|p1a: Salamence|Intimidate|boost\n|-unboost|p2a: Illumise|atk|1\n|-unboost|p2b: Heatran|atk|1\n|turn|1\n|\n|t:|1697778236\n|detailschange|p1a: Salamence|Salamence-Mega, F\n|-mega|p1a: Salamence|Salamence|Salamencite\n|move|p2a: Illumise|Trick||[still]\n|-fail|p2a: Illumise\n|move|p1a: Salamence|Earthquake|p2a: Illumise|[spread] p2a,p2b\n|-immune|p1b: Tornadus\n|-resisted|p2a: Illumise\n|-supereffective|p2b: Heatran\n|-damage|p2a: Illumise|81\/100\n|-damage|p2b: Heatran|7\/100\n|move|p1b: Tornadus|Bleakwind Storm|p2b: Heatran|[spread] p2a,p2b\n|-supereffective|p2a: Illumise\n|-resisted|p2b: Heatran\n|-crit|p2b: Heatran\n|-damage|p2a: Illumise|0 fnt\n|-damage|p2b: Heatran|0 fnt\n|faint|p2a: Illumise\n|faint|p2b: Heatran\n|\n|upkeep\n|\n|t:|1697778250\n|switch|p2a: Espeon|Espeon, M|100\/100\n|switch|p2b: Urshifu|Urshifu-Rapid-Strike, F|100\/100\n|turn|2\n|\n|t:|1697778279\n|move|p1b: Tornadus|Tailwind|p1b: Tornadus\n|-sidestart|p1: xiaochou0629|move: Tailwind\n|move|p1a: Salamence|Dragon Dance|p1a: Salamence\n|-boost|p1a: Salamence|atk|1\n|-boost|p1a: Salamence|spe|1\n|move|p2a: Espeon|Dazzling Gleam|p1a: Salamence|[spread] p1a,p1b\n|-supereffective|p1a: Salamence\n|-damage|p1a: Salamence|35\/100\n|-damage|p1b: Tornadus|55\/100\n|move|p2b: Urshifu|Ice Spinner|p1a: Salamence\n|-supereffective|p1a: Salamence\n|-damage|p1a: Salamence|0 fnt\n|faint|p1a: Salamence\n|\n|upkeep\n|inactive|xiaochou0629 has 120 seconds left.\n|j| Asphalt the pro\n|\n|t:|1697778294\n|switch|p1a: Chi-Yu|Chi-Yu|100\/100\n|-ability|p1a: Chi-Yu|Beads of Ruin\n|turn|3\n|\n|t:|1697778302\n|move|p1b: Tornadus|Bleakwind Storm|p2a: Espeon|[spread] p2a,p2b\n|-supereffective|p2b: Urshifu\n|-damage|p2a: Espeon|34\/100\n|-damage|p2b: Urshifu|0 fnt\n|faint|p2b: Urshifu\n|-zpower|p1a: Chi-Yu\n|move|p1a: Chi-Yu|Black Hole Eclipse|p2a: Espeon|[zeffect]\n|-supereffective|p2a: Espeon\n|-damage|p2a: Espeon|0 fnt\n|faint|p2a: Espeon\n|\n|upkeep\n|\n|t:|1697778318\n|switch|p2a: Ogerpon|Ogerpon-Hearthflame, F|100\/100\n|switch|p2b: Gallade|Gallade, M|100\/100\n|-ability|p2a: Ogerpon|Mold Breaker\n|turn|4\n|inactive|xiaochou0629 has 120 seconds left.\n|\n|t:|1697778352\n|-terastallize|p2a: Ogerpon|Fire\n|detailschange|p2a: Ogerpon|Ogerpon-Hearthflame-Tera, F, tera:Fire\n|-ability|p2a: Ogerpon|Embody Aspect (Hearthflame)|boost\n|-boost|p2a: Ogerpon|atk|1\n|move|p1b: Tornadus|Bleakwind Storm|p2b: Gallade|[spread] p2a,p2b\n|-supereffective|p2b: Gallade\n|-damage|p2a: Ogerpon|46\/100\n|-damage|p2b: Gallade|0 fnt\n|faint|p2b: Gallade\n|move|p1a: Chi-Yu|Dark Pulse|p2a: Ogerpon\n|-damage|p2a: Ogerpon|0 fnt\n|faint|p2a: Ogerpon\n|\n|win|xiaochou0629\n|raw|xiaochou0629's rating: 1360 &rarr; <strong>1369<\/strong><br \/>(+9 for winning)\n|raw|Brick_Enjoyer_144's rating: 1150 &rarr; <strong>1139<\/strong><br \/>(-11 for losing)\n","uploadtime":1697778366,"views":7,"p1id":"xiaochou0629","p2id":"brickenjoyer144","formatid":"gen9nationaldexdoubles","rating":1139,"private":0,"password":""}