{"id":"gen9nationaldexdoubles-1999743325","p1":"Lux2821","p2":"Bio_Hazz","format":"[Gen 9] National Dex Doubles","log":"|j|\u2606Lux2821\n|j|\u2606Bio_Hazz\n|t:|1701112764\n|gametype|doubles\n|player|p1|Lux2821|lusamine-nihilego|\n|player|p2|Bio_Hazz|lucas|\n|teamsize|p1|6\n|teamsize|p2|6\n|gen|9\n|tier|[Gen 9] National Dex Doubles\n|rule|HP Percentage Mod: HP is shown in percentages\n|rule|Endless Battle Clause: Forcing endless battles is banned\n|rule|OHKO Clause: OHKO moves are banned\n|rule|Evasion Moves Clause: Evasion moves are banned\n|rule|Evasion Abilities Clause: Evasion abilities are banned\n|rule|Species Clause: Limit one of each Pok\u00e9mon\n|rule|Gravity Sleep Clause: The combination of sleep-inducing moves with imperfect accuracy and Gravity or Gigantamax Orbeetle are banned\n|clearpoke\n|poke|p1|Tapu Lele|\n|poke|p1|Alakazam, M|\n|poke|p1|Mr. Rime, M|\n|poke|p1|Slowking-Galar, F|\n|poke|p1|Lunatone|\n|poke|p1|Solrock|\n|poke|p2|Samurott-Hisui, M|\n|poke|p2|Greninja-*, M|\n|poke|p2|Tapu Fini|\n|poke|p2|Politoed, F|\n|poke|p2|Gyarados, F|\n|poke|p2|Basculegion-F, F|\n|teampreview\n|inactive|Battle timer is ON: inactive players will automatically lose when time's up. (requested by Lux2821)\n|c|\u2606Bio_Hazz|glhf\n|c|\u2606Lux2821|Glhf!\n|\n|t:|1701112777\n|start\n|switch|p1a: Slowking|Slowking-Galar, F|100\/100\n|switch|p1b: Lunatone|Lunatone|100\/100\n|switch|p2a: Samurott|Samurott-Hisui, M|100\/100\n|switch|p2b: Greninja|Greninja, M|100\/100\n|-clearboost|p1b: Lunatone|[from] ability: Curious Medicine|[of] p1a: Slowking\n|turn|1\n|\n|t:|1701112788\n|move|p2b: Greninja|Dark Pulse|p1b: Lunatone\n|-supereffective|p1b: Lunatone\n|-damage|p1b: Lunatone|11\/100\n|-damage|p2b: Greninja|91\/100|[from] item: Life Orb\n|move|p2a: Samurott|Ceaseless Edge|p1b: Lunatone\n|-supereffective|p1b: Lunatone\n|-damage|p1b: Lunatone|0 fnt\n|-sidestart|p1: Lux2821|Spikes\n|faint|p1b: Lunatone\n|move|p1a: Slowking|Chilly Reception|p1a: Slowking\n|-weather|Snow\n|\n|t:|1701112804\n|switch|p1a: Tapu Lele|Tapu Lele|100\/100|[from] Chilly Reception\n|-damage|p1a: Tapu Lele|88\/100|[from] Spikes\n|-fieldstart|move: Psychic Terrain|[from] ability: Psychic Surge|[of] p1a: Tapu Lele\n|\n|-weather|Snow|[upkeep]\n|upkeep\n|\n|t:|1701112810\n|switch|p1b: Mr. Rime|Mr. Rime, M|100\/100\n|-damage|p1b: Mr. Rime|88\/100|[from] Spikes\n|turn|2\n|\n|t:|1701112819\n|move|p1b: Mr. Rime|Freeze-Dry|p2a: Samurott\n|-supereffective|p2a: Samurott\n|-damage|p2a: Samurott|8\/100\n|move|p2b: Greninja|Gunk Shot|p1a: Tapu Lele\n|-supereffective|p1a: Tapu Lele\n|-damage|p1a: Tapu Lele|0 fnt\n|faint|p1a: Tapu Lele\n|-ability|p2b: Greninja|Battle Bond|boost\n|-boost|p2b: Greninja|atk|1\n|-boost|p2b: Greninja|spa|1\n|-boost|p2b: Greninja|spe|1\n|-activate|p2b: Greninja|ability: Battle Bond\n|-damage|p2b: Greninja|81\/100|[from] item: Life Orb\n|move|p2a: Samurott|Ceaseless Edge|p1b: Mr. Rime\n|-supereffective|p1b: Mr. Rime\n|-damage|p1b: Mr. Rime|0 fnt\n|-sidestart|p1: Lux2821|Spikes\n|faint|p1b: Mr. Rime\n|\n|-weather|Snow|[upkeep]\n|upkeep\n|c|\u2606Lux2821|Wow\n|\n|t:|1701112834\n|switch|p1a: Alakazam|Alakazam, M|100\/100\n|switch|p1b: Slowking|Slowking-Galar, F|100\/100\n|-damage|p1a: Alakazam|84\/100|[from] Spikes\n|-damage|p1b: Slowking|84\/100|[from] Spikes\n|-clearboost|p1a: Alakazam|[from] ability: Curious Medicine|[of] p1b: Slowking\n|turn|3\n|c|\u2606Bio_Hazz|came prepared\n|\n|t:|1701112848\n|detailschange|p1a: Alakazam|Alakazam-Mega, M\n|-mega|p1a: Alakazam|Alakazam|Alakazite\n|-ability|p1a: Alakazam|Sharpness|[from] ability: Trace|[of] p2a: Samurott\n|move|p2b: Greninja|Dark Pulse|p1a: Alakazam\n|-supereffective|p1a: Alakazam\n|-damage|p1a: Alakazam|0 fnt\n|faint|p1a: Alakazam\n|-damage|p2b: Greninja|71\/100|[from] item: Life Orb\n|move|p2a: Samurott|Ceaseless Edge|p1b: Slowking\n|-supereffective|p1b: Slowking\n|-damage|p1b: Slowking|0 fnt\n|-sidestart|p1: Lux2821|Spikes\n|faint|p1b: Slowking\n|\n|-weather|Snow|[upkeep]\n|upkeep\n|\n|t:|1701112859\n|switch|p1b: Solrock|Solrock|100\/100\n|turn|4\n|\n|t:|1701112865\n|move|p2b: Greninja|Water Shuriken|p1b: Solrock\n|-hint|Psychic Terrain doesn't affect Pok\u00e9mon immune to Ground.\n|-supereffective|p1b: Solrock\n|-damage|p1b: Solrock|65\/100\n|-supereffective|p1b: Solrock\n|-damage|p1b: Solrock|31\/100\n|-hitcount|p1b: Solrock|2\n|-damage|p2b: Greninja|61\/100|[from] item: Life Orb\n|move|p2a: Samurott|Ceaseless Edge|p1b: Solrock\n|-supereffective|p1b: Solrock\n|-damage|p1b: Solrock|0 fnt\n|faint|p1b: Solrock\n|\n|win|Bio_Hazz\n|c|\u2606Lux2821|Gg\n|c|\u2606Bio_Hazz|gg\n","uploadtime":1701112878,"views":12,"p1id":"lux2821","p2id":"biohazz","formatid":"gen9nationaldexdoubles","rating":0,"private":0,"password":""}