{"id":"gen9nationaldexdoubles-1962255371","p1":"cinde","p2":"Empress_Anna","format":"[Gen 9] National Dex Doubles","log":"|j|\u2606cinde\n|j|\u2606Empress_Anna\n|t:|1696723373\n|gametype|doubles\n|player|p1|cinde|skierf|\n|player|p2|Empress_Anna|cheryl|\n|teamsize|p1|6\n|teamsize|p2|6\n|gen|9\n|tier|[Gen 9] National Dex Doubles\n|rule|HP Percentage Mod: HP is shown in percentages\n|rule|Endless Battle Clause: Forcing endless battles is banned\n|rule|OHKO Clause: OHKO moves are banned\n|rule|Evasion Moves Clause: Evasion moves are banned\n|rule|Evasion Abilities Clause: Evasion abilities are banned\n|rule|Species Clause: Limit one of each Pok\u00e9mon\n|rule|Gravity Sleep Clause: The combination of sleep-inducing moves with imperfect accuracy and Gravity or Gigantamax Orbeetle are banned\n|clearpoke\n|poke|p1|Tyranitar, F|\n|poke|p1|Indeedee-F, F|\n|poke|p1|Armarouge, F|\n|poke|p1|Torkoal, F|\n|poke|p1|Hatterene, F|\n|poke|p1|Camerupt, M|\n|poke|p2|Noivern, F|\n|poke|p2|Iron Jugulis|\n|poke|p2|Pidgeot, M|\n|poke|p2|Rotom-Fan|\n|poke|p2|Cyclizar, M|\n|poke|p2|Kommo-o, F|\n|teampreview\n|inactive|Battle timer is ON: inactive players will automatically lose when time's up. (requested by cinde)\n|c|\u2606Empress_Anna|gl hf!\n|c|\u2606cinde|ok\n|inactive|Empress_Anna has 270 seconds left.\n|\n|t:|1696723404\n|start\n|switch|p1a: Hatterene|Hatterene, F|100\/100\n|switch|p1b: Tyranitar|Tyranitar, F|100\/100\n|switch|p2a: Iron Jugulis|Iron Jugulis|100\/100\n|switch|p2b: Rotom|Rotom-Fan|100\/100\n|-ability|p1b: Tyranitar|Unnerve\n|-enditem|p2a: Iron Jugulis|Booster Energy\n|-activate|p2a: Iron Jugulis|ability: Quark Drive|[fromitem]\n|-start|p2a: Iron Jugulis|quarkdrivespe\n|turn|1\n|\n|t:|1696723422\n|move|p2a: Iron Jugulis|Earth Power|p1b: Tyranitar\n|-supereffective|p1b: Tyranitar\n|-damage|p1b: Tyranitar|49\/100\n|move|p2b: Rotom|Reflect|p2b: Rotom\n|-sidestart|p2: Empress_Anna|Reflect\n|move|p1b: Tyranitar|Rock Slide|p2a: Iron Jugulis|[spread] p2a,p2b\n|-supereffective|p2a: Iron Jugulis\n|-supereffective|p2b: Rotom\n|-damage|p2a: Iron Jugulis|22\/100\n|-damage|p2b: Rotom|34\/100\n|move|p1a: Hatterene|Trick Room|p1a: Hatterene\n|-fieldstart|move: Trick Room|[of] p1a: Hatterene\n|\n|upkeep\n|turn|2\n|\n|t:|1696723447\n|move|p1a: Hatterene|Dazzling Gleam|p2b: Rotom|[spread] p2a,p2b\n|-supereffective|p2a: Iron Jugulis\n|-damage|p2a: Iron Jugulis|0 fnt\n|-damage|p2b: Rotom|0 fnt\n|faint|p2a: Iron Jugulis\n|-end|p2a: Iron Jugulis|Quark Drive|[silent]\n|faint|p2b: Rotom\n|-damage|p1a: Hatterene|91\/100|[from] item: Life Orb\n|move|p1b: Tyranitar|Rock Slide|p2: Iron Jugulis|[notarget]\n|-fail|p1b: Tyranitar\n|\n|upkeep\n|inactive|Empress_Anna has 270 seconds left.\n|\n|t:|1696723488\n|switch|p2b: Cyclizar|Cyclizar, M|100\/100\n|switch|p2a: Noivern|Noivern, F|100\/100\n|turn|3\n|\n|t:|1696723505\n|move|p1a: Hatterene|Dazzling Gleam|p2a: Noivern|[spread] p2a,p2b\n|-supereffective|p2a: Noivern\n|-supereffective|p2b: Cyclizar\n|-damage|p2a: Noivern|0 fnt\n|-damage|p2b: Cyclizar|0 fnt\n|faint|p2a: Noivern\n|faint|p2b: Cyclizar\n|-damage|p1a: Hatterene|81\/100|[from] item: Life Orb\n|move|p1b: Tyranitar|Rock Slide|p2: Noivern|[notarget]\n|-fail|p1b: Tyranitar\n|\n|upkeep\n|c|\u2606cinde|lol\n|c|\u2606Empress_Anna|meta be crazy\n|inactive|Empress_Anna has 240 seconds left.\n|c|\u2606Empress_Anna|*sigh*\n|-message|Empress_Anna forfeited.\n|\n|win|cinde\n|c|\u2606cinde|dawg u lost to 2 pokemon\n|c|\u2606Empress_Anna|dawg you used meta in a relaxed league\n|c|\u2606Empress_Anna|i used mons i liked\n|c|\u2606Empress_Anna|you used everything desighned to win\n|c|\u2606Empress_Anna|kinda sad\n|c|\u2606cinde|dawg what\n|c|\u2606cinde|this is how i like to play\n|c|\u2606cinde|whats wrong with liking hatterene just as a mon\n|c|\u2606Empress_Anna|fair enough\n|c|\u2606Empress_Anna|just annoying to see peak meta and then get trash talked, ya'know?\n|c|\u2606cinde|this not even meta\n|c|\u2606cinde|thats normal camerupt\n|c|\u2606Empress_Anna|if you say so\n|l|\u2606Empress_Anna\n|j|\u2606Empress_Anna\n|player|p2|Empress_Anna|cheryl\n","uploadtime":1696723667,"views":13,"p1id":"cinde","p2id":"empressanna","formatid":"gen9nationaldexdoubles","rating":0,"private":0,"password":""}