{"id":"gen9nationaldexdoubles-1956354563","p1":"Pioneeringvoyager","p2":"Theadonia","format":"[Gen 9] National Dex Doubles","log":"|j|\u2606Pioneeringvoyager\n|j|\u2606Theadonia\n|t:|1696099733\n|gametype|doubles\n|player|p1|Pioneeringvoyager|emmet|1124\n|player|p2|Theadonia|caitlin|1004\n|teamsize|p1|6\n|teamsize|p2|6\n|gen|9\n|tier|[Gen 9] National Dex Doubles\n|rated|\n|rule|HP Percentage Mod: HP is shown in percentages\n|rule|Endless Battle Clause: Forcing endless battles is banned\n|rule|OHKO Clause: OHKO moves are banned\n|rule|Evasion Moves Clause: Evasion moves are banned\n|rule|Evasion Abilities Clause: Evasion abilities are banned\n|rule|Species Clause: Limit one of each Pok\u00e9mon\n|rule|Gravity Sleep Clause: The combination of sleep-inducing moves with imperfect accuracy and Gravity or Gigantamax Orbeetle are banned\n|clearpoke\n|poke|p1|Charizard, F|\n|poke|p1|Chi-Yu|\n|poke|p1|Great Tusk|\n|poke|p1|Cherrim, M|\n|poke|p1|Flutter Mane|\n|poke|p1|Kommo-o, M|\n|poke|p2|Delphox, M|\n|poke|p2|Oricorio-Sensu, M|\n|poke|p2|Kommo-o, F|\n|poke|p2|Smeargle, M|\n|poke|p2|Comfey, F|\n|poke|p2|Jirachi|\n|teampreview\n|\n|t:|1696099756\n|start\n|switch|p1a: Kommo-o|Kommo-o, M|100\/100\n|switch|p1b: Cherrim|Cherrim, M|100\/100\n|switch|p2a: Delphox|Delphox, M|100\/100\n|switch|p2b: Oricorio|Oricorio-Sensu, M|100\/100\n|turn|1\n|\n|t:|1696099768\n|-terastallize|p1a: Kommo-o|Ghost\n|move|p2a: Delphox|Role Play|p2b: Oricorio\n|-endability|p2a: Delphox|Magician|[from] move: Role Play\n|-ability|p2a: Delphox|Dancer|[from] move: Role Play|[of] p2b: Oricorio\n|move|p1a: Kommo-o|Clangorous Soul|p1a: Kommo-o\n|-boost|p1a: Kommo-o|atk|1\n|-boost|p1a: Kommo-o|def|1\n|-boost|p1a: Kommo-o|spa|1\n|-boost|p1a: Kommo-o|spd|1\n|-boost|p1a: Kommo-o|spe|1\n|-damage|p1a: Kommo-o|68\/100\n|-enditem|p1a: Kommo-o|Throat Spray\n|-boost|p1a: Kommo-o|spa|1|[from] item: Throat Spray\n|-activate|p2b: Oricorio|ability: Dancer\n|move|p2b: Oricorio|Clangorous Soul|p2b: Oricorio|[from]ability: Dancer\n|-boost|p2b: Oricorio|atk|1\n|-boost|p2b: Oricorio|def|1\n|-boost|p2b: Oricorio|spa|1\n|-boost|p2b: Oricorio|spd|1\n|-boost|p2b: Oricorio|spe|1\n|-damage|p2b: Oricorio|68\/100\n|-activate|p2a: Delphox|ability: Dancer\n|move|p2a: Delphox|Clangorous Soul|p2a: Delphox|[from]ability: Dancer\n|-boost|p2a: Delphox|atk|1\n|-boost|p2a: Delphox|def|1\n|-boost|p2a: Delphox|spa|1\n|-boost|p2a: Delphox|spd|1\n|-boost|p2a: Delphox|spe|1\n|-damage|p2a: Delphox|68\/100\n|move|p2b: Oricorio|Quiver Dance|p2b: Oricorio\n|-boost|p2b: Oricorio|spa|1\n|-boost|p2b: Oricorio|spd|1\n|-boost|p2b: Oricorio|spe|1\n|-activate|p2a: Delphox|ability: Dancer\n|move|p2a: Delphox|Quiver Dance|p2a: Delphox|[from]ability: Dancer\n|-boost|p2a: Delphox|spa|1\n|-boost|p2a: Delphox|spd|1\n|-boost|p2a: Delphox|spe|1\n|move|p1b: Cherrim|Sunny Day|p1b: Cherrim\n|-weather|SunnyDay\n|-formechange|p1b: Cherrim|Cherrim-Sunshine|[msg]|[from] ability: Flower Gift\n|\n|-weather|SunnyDay|[upkeep]\n|upkeep\n|turn|2\n|\n|t:|1696099809\n|move|p2a: Delphox|Heat Wave|p1b: Cherrim|[spread] p1a,p1b\n|-supereffective|p1b: Cherrim\n|-damage|p1a: Kommo-o|12\/100\n|-enditem|p1b: Cherrim|Focus Sash\n|-damage|p1b: Cherrim|1\/100\n|-status|p1b: Cherrim|brn\n|move|p2b: Oricorio|Revelation Dance|p1a: Kommo-o\n|-supereffective|p1a: Kommo-o\n|-damage|p1a: Kommo-o|0 fnt\n|faint|p1a: Kommo-o\n|-activate|p2a: Delphox|ability: Dancer\n|move|p2a: Delphox|Revelation Dance|p1b: Cherrim|[from]ability: Dancer\n|-supereffective|p1b: Cherrim\n|-damage|p1b: Cherrim|0 fnt\n|faint|p1b: Cherrim\n|\n|-weather|SunnyDay|[upkeep]\n|upkeep\n|\n|t:|1696099826\n|switch|p1b: Chi-Yu|Chi-Yu|100\/100\n|switch|p1a: Flutter Mane|Flutter Mane|100\/100\n|-activate|p1a: Flutter Mane|ability: Protosynthesis\n|-start|p1a: Flutter Mane|protosynthesisspe\n|-ability|p1b: Chi-Yu|Beads of Ruin\n|turn|3\n|\n|t:|1696099839\n|-terastallize|p2b: Oricorio|Fairy\n|move|p2a: Delphox|Stored Power|p1a: Flutter Mane\n|-damage|p1a: Flutter Mane|0 fnt\n|faint|p1a: Flutter Mane\n|-end|p1a: Flutter Mane|Protosynthesis|[silent]\n|move|p2b: Oricorio|Revelation Dance|p1b: Chi-Yu\n|-damage|p1b: Chi-Yu|28\/100\n|-activate|p2a: Delphox|ability: Dancer\n|move|p2a: Delphox|Revelation Dance|p1b: Chi-Yu|[from]ability: Dancer\n|-resisted|p1b: Chi-Yu\n|-damage|p1b: Chi-Yu|0 fnt\n|faint|p1b: Chi-Yu\n|\n|-weather|SunnyDay|[upkeep]\n|upkeep\n|-message|Pioneeringvoyager forfeited.\n|\n|win|Theadonia\n|raw|Pioneeringvoyager's rating: 1124 &rarr; <strong>1091<\/strong><br \/>(-33 for losing)\n|raw|Theadonia's rating: 1004 &rarr; <strong>1056<\/strong><br \/>(+52 for winning)\n|l|\u2606Pioneeringvoyager\n","uploadtime":1696099855,"views":11,"p1id":"pioneeringvoyager","p2id":"theadonia","formatid":"gen9nationaldexdoubles","rating":1056,"private":0,"password":""}