{"id":"gen9nationaldexdoubles-1967862139","p1":"Potetozrgud","p2":"imjustverybetter","format":"[Gen 9] National Dex Doubles","log":"|j|\u2606Potetozrgud\n|j|\u2606imjustverybetter\n|t:|1697348403\n|gametype|doubles\n|player|p1|Potetozrgud|steven|1131\n|player|p2|imjustverybetter|266|1036\n|teamsize|p1|6\n|teamsize|p2|6\n|gen|9\n|tier|[Gen 9] National Dex Doubles\n|rated|\n|rule|HP Percentage Mod: HP is shown in percentages\n|rule|Endless Battle Clause: Forcing endless battles is banned\n|rule|OHKO Clause: OHKO moves are banned\n|rule|Evasion Moves Clause: Evasion moves are banned\n|rule|Evasion Abilities Clause: Evasion abilities are banned\n|rule|Species Clause: Limit one of each Pok\u00e9mon\n|rule|Gravity Sleep Clause: The combination of sleep-inducing moves with imperfect accuracy and Gravity or Gigantamax Orbeetle are banned\n|clearpoke\n|poke|p1|Cresselia, F|\n|poke|p1|Torkoal, M|\n|poke|p1|Dondozo, M|\n|poke|p1|Brute Bonnet|\n|poke|p1|Scream Tail|\n|poke|p1|Gliscor, M|\n|poke|p2|Kingambit, F|\n|poke|p2|Aegislash, F|\n|poke|p2|Scizor, F|\n|poke|p2|Indeedee, M|\n|poke|p2|Flamigo, M|\n|poke|p2|Cetitan, F|\n|teampreview\n|\n|t:|1697348414\n|start\n|switch|p1a: Cresselia|Cresselia, F|100\/100\n|switch|p1b: Torkoal|Torkoal, M|100\/100\n|switch|p2a: Cetitan|Cetitan, F|100\/100\n|switch|p2b: Aegislash|Aegislash, F, shiny|100\/100\n|-weather|SunnyDay|[from] ability: Drought|[of] p1b: Torkoal\n|turn|1\n|\n|t:|1697348427\n|move|p2b: Aegislash|King's Shield|p2b: Aegislash\n|-singleturn|p2b: Aegislash|Protect\n|move|p1b: Torkoal|Protect|p1b: Torkoal\n|-singleturn|p1b: Torkoal|Protect\n|move|p2a: Cetitan|Belly Drum|p2a: Cetitan\n|-damage|p2a: Cetitan|50\/100\n|-setboost|p2a: Cetitan|atk|6|[from] move: Belly Drum\n|move|p1a: Cresselia|Trick Room|p1a: Cresselia\n|-fieldstart|move: Trick Room|[of] p1a: Cresselia\n|\n|-weather|SunnyDay|[upkeep]\n|-heal|p2a: Cetitan|57\/100|[from] item: Leftovers\n|upkeep\n|turn|2\n|\n|t:|1697348445\n|switch|p2b: Flamigo|Flamigo, M|100\/100\n|-copyboost|p2b: Flamigo|p2a: Cetitan|[from] ability: Costar\n|-terastallize|p1b: Torkoal|Fire\n|move|p1b: Torkoal|Eruption|p2b: Flamigo|[spread] p2a,p2b\n|-supereffective|p2a: Cetitan\n|-damage|p2a: Cetitan|0 fnt\n|-damage|p2b: Flamigo|0 fnt\n|faint|p2a: Cetitan\n|faint|p2b: Flamigo\n|move|p1a: Cresselia|Psyshock|p2: Cetitan|[notarget]\n|-fail|p1a: Cresselia\n|\n|-weather|SunnyDay|[upkeep]\n|upkeep\n|c|\u2606Potetozrgud|lmao\n|\n|t:|1697348460\n|switch|p2a: Aegislash|Aegislash, F, shiny|100\/100\n|switch|p2b: Scizor|Scizor, F|100\/100\n|turn|3\n|\n|t:|1697348472\n|detailschange|p2b: Scizor|Scizor-Mega, F\n|-mega|p2b: Scizor|Scizor|Scizorite\n|move|p1a: Cresselia|Protect|p1a: Cresselia\n|-singleturn|p1a: Cresselia|Protect\n|move|p1b: Torkoal|Eruption|p2a: Aegislash|[spread] p2a,p2b\n|-supereffective|p2a: Aegislash\n|-supereffective|p2b: Scizor\n|-damage|p2a: Aegislash|0 fnt\n|-damage|p2b: Scizor|0 fnt\n|faint|p2a: Aegislash\n|faint|p2b: Scizor\n|\n|-weather|SunnyDay|[upkeep]\n|upkeep\n|\n|t:|1697348482\n|switch|p2a: Indeedee|Indeedee, M|100\/100\n|switch|p2b: Kingambit|Kingambit, F|100\/100\n|-activate|p2b: Kingambit|ability: Supreme Overlord\n|-start|p2b: Kingambit|fallen4|[silent]\n|turn|4\n|c|\u2606Potetozrgud|gg?\n|\n|t:|1697348494\n|-terastallize|p2b: Kingambit|Dark\n|move|p1b: Torkoal|Eruption|p2a: Indeedee|[spread] p2a,p2b\n|-damage|p2a: Indeedee|0 fnt\n|-damage|p2b: Kingambit|0 fnt\n|faint|p2a: Indeedee\n|faint|p2b: Kingambit\n|-end|p2b: Kingambit|fallen4|[silent]\n|\n|win|Potetozrgud\n|raw|Potetozrgud's rating: 1131 &rarr; <strong>1149<\/strong><br \/>(+18 for winning)\n|raw|imjustverybetter's rating: 1036 &rarr; <strong>1025<\/strong><br \/>(-11 for losing)\n|l|\u2606imjustverybetter\n","uploadtime":1697348507,"views":13,"p1id":"potetozrgud","p2id":"imjustverybetter","formatid":"gen9nationaldexdoubles","rating":1025,"private":0,"password":""}