{"id":"gen9nationaldexdoubles-1970676031","p1":"qtip6996","p2":"MoxyyMaroon","format":"[Gen 9] National Dex Doubles","log":"|j|\u2606qtip6996\n|j|\u2606MoxyyMaroon\n|t:|1697657362\n|gametype|doubles\n|player|p1|qtip6996|2|\n|player|p2|MoxyyMaroon|caitlin|\n|teamsize|p1|6\n|teamsize|p2|6\n|gen|9\n|tier|[Gen 9] National Dex Doubles\n|rule|HP Percentage Mod: HP is shown in percentages\n|rule|Endless Battle Clause: Forcing endless battles is banned\n|rule|OHKO Clause: OHKO moves are banned\n|rule|Evasion Moves Clause: Evasion moves are banned\n|rule|Evasion Abilities Clause: Evasion abilities are banned\n|rule|Species Clause: Limit one of each Pok\u00e9mon\n|rule|Gravity Sleep Clause: The combination of sleep-inducing moves with imperfect accuracy and Gravity or Gigantamax Orbeetle are banned\n|clearpoke\n|poke|p1|Gengar, F|\n|poke|p1|Murkrow, F|\n|poke|p1|Amoonguss, F|\n|poke|p1|Torkoal, M|\n|poke|p1|Scizor, M|\n|poke|p1|Garchomp, F|\n|poke|p2|Serperior, F|\n|poke|p2|Azumarill, F|\n|poke|p2|Porygon-Z|\n|poke|p2|Lanturn, F|\n|poke|p2|Ninetales-Alola, F|\n|poke|p2|Arcanine-Hisui, M|\n|teampreview\n|\n|t:|1697657418\n|start\n|switch|p1a: Murkrow|Murkrow, F|100\/100\n|switch|p1b: Gengar|Gengar, F|100\/100\n|switch|p2a: Ninetales|Ninetales-Alola, F|100\/100\n|switch|p2b: Azumarill|Azumarill, F|100\/100\n|-weather|Snow|[from] ability: Snow Warning|[of] p2a: Ninetales\n|turn|1\n|\n|t:|1697657439\n|switch|p2a: Arcanine|Arcanine-Hisui, M|100\/100\n|move|p1a: Murkrow|Tailwind|p1a: Murkrow\n|-sidestart|p1: qtip6996|move: Tailwind\n|move|p1b: Gengar|Sludge Bomb|p2a: Arcanine\n|-resisted|p2a: Arcanine\n|-damage|p2a: Arcanine|60\/100\n|move|p2b: Azumarill|Belly Drum|p2b: Azumarill\n|-damage|p2b: Azumarill|50\/100\n|-setboost|p2b: Azumarill|atk|6|[from] move: Belly Drum\n|-enditem|p2b: Azumarill|Sitrus Berry|[eat]\n|-heal|p2b: Azumarill|75\/100|[from] item: Sitrus Berry\n|\n|-weather|Snow|[upkeep]\n|upkeep\n|turn|2\n|\n|t:|1697657466\n|switch|p1b: Garchomp|Garchomp, F|100\/100\n|move|p2b: Azumarill|Aqua Jet|p1b: Garchomp\n|-crit|p1b: Garchomp\n|-damage|p1b: Garchomp|0 fnt\n|-damage|p2b: Azumarill|63\/100|[from] ability: Rough Skin|[of] p1b: Garchomp\n|faint|p1b: Garchomp\n|move|p1a: Murkrow|U-turn|p2a: Arcanine\n|-resisted|p2a: Arcanine\n|-damage|p2a: Arcanine|50\/100\n|c|\u2606qtip6996|oh\n|\n|t:|1697657482\n|switch|p1a: Torkoal|Torkoal, M|100\/100|[from] U-turn\n|move|p2a: Arcanine|Head Smash|p1a: Torkoal\n|-supereffective|p1a: Torkoal\n|-damage|p1a: Torkoal|0 fnt\n|faint|p1a: Torkoal\n|-damage|p2a: Arcanine|40\/100|[from] item: Life Orb\n|\n|-weather|Snow|[upkeep]\n|upkeep\n|\n|t:|1697657616\n|switch|p1b: Gengar|Gengar, F|100\/100\n|switch|p1a: Murkrow|Murkrow, F|100\/100\n|turn|3\n|\n|t:|1697657663\n|move|p1a: Murkrow|Tailwind||[still]\n|-fail|p1a: Murkrow\n|move|p2b: Azumarill|Aqua Jet|p1b: Gengar\n|-damage|p1b: Gengar|0 fnt\n|-start|p2b: Azumarill|Disable|Aqua Jet|[from] ability: Cursed Body|[of] p1b: Gengar\n|faint|p1b: Gengar\n|move|p2a: Arcanine|Head Smash|p1a: Murkrow\n|-supereffective|p1a: Murkrow\n|-damage|p1a: Murkrow|0 fnt\n|faint|p1a: Murkrow\n|-damage|p2a: Arcanine|30\/100|[from] item: Life Orb\n|\n|-weather|Snow|[upkeep]\n|upkeep\n|-message|qtip6996 forfeited.\n|\n|win|MoxyyMaroon\n|l|\u2606qtip6996\n","uploadtime":1697658464,"views":6,"p1id":"qtip6996","p2id":"moxyymaroon","formatid":"gen9nationaldexdoubles","rating":0,"private":0,"password":""}