{"id":"gen9nationaldexdoubles-1988249846","p1":"yaspistols","p2":"The Ice Age Master","format":"[Gen 9] National Dex Doubles","log":"|j|\u2606yaspistols\n|j|\u2606The Ice Age Master\n|t:|1699694365\n|gametype|doubles\n|player|p1|yaspistols|giovanni|1048\n|player|p2|The Ice Age Master|silver|1012\n|teamsize|p1|6\n|teamsize|p2|2\n|gen|9\n|tier|[Gen 9] National Dex Doubles\n|rated|\n|rule|HP Percentage Mod: HP is shown in percentages\n|rule|Endless Battle Clause: Forcing endless battles is banned\n|rule|OHKO Clause: OHKO moves are banned\n|rule|Evasion Moves Clause: Evasion moves are banned\n|rule|Evasion Abilities Clause: Evasion abilities are banned\n|rule|Species Clause: Limit one of each Pok\u00e9mon\n|rule|Gravity Sleep Clause: The combination of sleep-inducing moves with imperfect accuracy and Gravity or Gigantamax Orbeetle are banned\n|clearpoke\n|poke|p1|Comfey, F|\n|poke|p1|Primarina, F|\n|poke|p1|Metagross|\n|poke|p1|Rillaboom, F|\n|poke|p1|Camerupt, F|\n|poke|p1|Smeargle, F|\n|poke|p2|Regigigas|\n|poke|p2|Lopunny, F|\n|teampreview\n|inactive|Battle timer is ON: inactive players will automatically lose when time's up. (requested by yaspistols)\n|\n|t:|1699694383\n|start\n|switch|p1a: Metagross|Metagross, shiny|100\/100\n|switch|p1b: Smeargle|Smeargle, F|100\/100\n|switch|p2a: Let em Cook|Regigigas|100\/100\n|switch|p2b: Cook what?|Lopunny, F|100\/100\n|-start|p2a: Let em Cook|ability: Slow Start\n|turn|1\n|\n|t:|1699694402\n|detailschange|p2b: Cook what?|Lopunny-Mega, F\n|-mega|p2b: Cook what?|Lopunny|Lopunnite\n|-terastallize|p2a: Let em Cook|Normal\n|move|p1b: Smeargle|Follow Me|p1b: Smeargle\n|-singleturn|p1b: Smeargle|move: Follow Me\n|move|p2b: Cook what?|Entrainment|p1b: Smeargle\n|-endability|p1b: Smeargle|Technician|[from] move: Entrainment\n|-ability|p1b: Smeargle|Scrappy|[from] move: Entrainment\n|move|p2a: Let em Cook|Drain Punch|p1b: Smeargle\n|-supereffective|p1b: Smeargle\n|-enditem|p1b: Smeargle|Focus Sash\n|-damage|p1b: Smeargle|1\/100\n|move|p1a: Metagross|Hammer Arm|p2a: Let em Cook\n|-supereffective|p2a: Let em Cook\n|-damage|p2a: Let em Cook|34\/100\n|-unboost|p1a: Metagross|spe|1\n|\n|upkeep\n|turn|2\n|\n|t:|1699694426\n|move|p1b: Smeargle|Follow Me|p1b: Smeargle\n|-singleturn|p1b: Smeargle|move: Follow Me\n|move|p2b: Cook what?|Entrainment||[still]\n|-fail|p2b: Cook what?\n|move|p2a: Let em Cook|Drain Punch|p1b: Smeargle\n|-supereffective|p1b: Smeargle\n|-crit|p1b: Smeargle\n|-damage|p1b: Smeargle|0 fnt\n|-heal|p2a: Let em Cook|34\/100|[from] drain|[of] p1b: Smeargle\n|faint|p1b: Smeargle\n|move|p1a: Metagross|Hammer Arm|p2a: Let em Cook\n|-supereffective|p2a: Let em Cook\n|-damage|p2a: Let em Cook|0 fnt\n|-unboost|p1a: Metagross|spe|1\n|faint|p2a: Let em Cook\n|-end|p2a: Let em Cook|Slow Start|[silent]\n|\n|upkeep\n|\n|t:|1699694432\n|switch|p1b: Rillaboom|Rillaboom, F, shiny|100\/100\n|-fieldstart|move: Grassy Terrain|[from] ability: Grassy Surge|[of] p1b: Rillaboom\n|turn|3\n|\n|t:|1699694436\n|move|p1b: Rillaboom|Fake Out|p2b: Cook what?\n|-damage|p2b: Cook what?|85\/100\n|cant|p2b: Cook what?|flinch\n|move|p1a: Metagross|Hammer Arm|p2b: Cook what?\n|-supereffective|p2b: Cook what?\n|-damage|p2b: Cook what?|1\/100\n|-unboost|p1a: Metagross|spe|1\n|\n|-heal|p2b: Cook what?|7\/100|[from] Grassy Terrain\n|upkeep\n|turn|4\n|\n|t:|1699694442\n|move|p1b: Rillaboom|Grassy Glide|p2b: Cook what?\n|-damage|p2b: Cook what?|0 fnt\n|faint|p2b: Cook what?\n|\n|win|yaspistols\n|raw|yaspistols's rating: 1048 &rarr; <strong>1077<\/strong><br \/>(+29 for winning)\n|raw|The Ice Age Master's rating: 1012 &rarr; <strong>1001<\/strong><br \/>(-11 for losing)\n","uploadtime":1699694445,"views":11,"p1id":"yaspistols","p2id":"theiceagemaster","formatid":"gen9nationaldexdoubles","rating":1001,"private":0,"password":""}