{"id":"gen9nationaldexdoubles-1967009430","p1":"Junky Dummy","p2":"kitsu-aria","format":"[Gen 9] National Dex Doubles","log":"|j|\u2606Junky Dummy\n|j|\u2606kitsu-aria\n|t:|1697243748\n|gametype|doubles\n|player|p1|Junky Dummy|265|1366\n|player|p2|kitsu-aria|rocketgruntf|1671\n|teamsize|p1|6\n|teamsize|p2|6\n|gen|9\n|tier|[Gen 9] National Dex Doubles\n|rated|\n|rule|HP Percentage Mod: HP is shown in percentages\n|rule|Endless Battle Clause: Forcing endless battles is banned\n|rule|OHKO Clause: OHKO moves are banned\n|rule|Evasion Moves Clause: Evasion moves are banned\n|rule|Evasion Abilities Clause: Evasion abilities are banned\n|rule|Species Clause: Limit one of each Pok\u00e9mon\n|rule|Gravity Sleep Clause: The combination of sleep-inducing moves with imperfect accuracy and Gravity or Gigantamax Orbeetle are banned\n|clearpoke\n|poke|p1|Charizard, M|\n|poke|p1|Chi-Yu|\n|poke|p1|Flutter Mane|\n|poke|p1|Whimsicott, M|\n|poke|p1|Kingambit, F|\n|poke|p1|Landorus-Therian, M|\n|poke|p2|Gothorita, F|\n|poke|p2|Urshifu-*, F|\n|poke|p2|Tornadus, M|\n|poke|p2|Zamazenta-*|\n|poke|p2|Landorus, M|\n|poke|p2|Kingambit, M|\n|teampreview\n|inactive|Battle timer is ON: inactive players will automatically lose when time's up. (requested by Junky Dummy)\n|inactive|kitsu-aria has 120 seconds left.\n|inactive|kitsu-aria has 90 seconds left.\n|\n|t:|1697243833\n|start\n|switch|p1a: Charizard|Charizard, M, shiny|100\/100\n|switch|p1b: Chi-Yu|Chi-Yu|100\/100\n|switch|p2a: Landorus|Landorus, M|100\/100\n|switch|p2b: Gothorita|Gothorita, F|100\/100\n|-ability|p1b: Chi-Yu|Beads of Ruin\n|turn|1\n|\n|t:|1697243845\n|detailschange|p1a: Charizard|Charizard-Mega-Y, M, shiny\n|-mega|p1a: Charizard|Charizard|Charizardite Y\n|-weather|SunnyDay|[from] ability: Drought|[of] p1a: Charizard\n|move|p2b: Gothorita|Fake Out|p1b: Chi-Yu\n|-damage|p1b: Chi-Yu|93\/100\n|move|p2a: Landorus|Rock Slide|p1a: Charizard|[spread] p1a\n|-miss|p2a: Landorus|p1b: Chi-Yu\n|-supereffective|p1a: Charizard\n|-damage|p1a: Charizard|0 fnt\n|faint|p1a: Charizard\n|cant|p1b: Chi-Yu|flinch\n|\n|-weather|SunnyDay|[upkeep]\n|upkeep\n|inactive|Junky Dummy has 120 seconds left.\n|\n|t:|1697243892\n|switch|p1a: Whimsicott|Whimsicott, M, shiny|100\/100\n|turn|2\n|inactive|Junky Dummy has 120 seconds left.\n|\n|t:|1697243919\n|move|p2b: Gothorita|Snatch|p2b: Gothorita\n|-singleturn|p2b: Gothorita|Snatch\n|move|p1a: Whimsicott|Tailwind|p1a: Whimsicott\n|-activate|p2b: Gothorita|move: Snatch|[of] p1a: Whimsicott\n|move|p2b: Gothorita|Tailwind|p2b: Gothorita|[from]Snatch\n|-sidestart|p2: kitsu-aria|move: Tailwind\n|move|p2a: Landorus|Sandsear Storm|p1b: Chi-Yu|[spread] p1a,p1b\n|-resisted|p1a: Whimsicott\n|-supereffective|p1b: Chi-Yu\n|-damage|p1a: Whimsicott|51\/100\n|-damage|p1b: Chi-Yu|0 fnt\n|faint|p1b: Chi-Yu\n|\n|-weather|SunnyDay|[upkeep]\n|upkeep\n|-message|Junky Dummy forfeited.\n|\n|win|kitsu-aria\n|raw|Junky Dummy's rating: 1366 &rarr; <strong>1360<\/strong><br \/>(-6 for losing)\n|raw|kitsu-aria's rating: 1671 &rarr; <strong>1677<\/strong><br \/>(+6 for winning)\n|l|\u2606Junky Dummy\n","uploadtime":1697243937,"views":21,"p1id":"junkydummy","p2id":"kitsuaria","formatid":"gen9nationaldexdoubles","rating":1360,"private":0,"password":""}