{"id":"gen9nationaldexdoubles-2000434437","p1":"lxvliiz","p2":"oby schmoby","format":"[Gen 9] National Dex Doubles","log":"|j|\u2606lxvliiz\n|j|\u2606oby schmoby\n|t:|1701194499\n|gametype|doubles\n|player|p1|lxvliiz|firebreather|1132\n|player|p2|oby schmoby|ingo|1088\n|teamsize|p1|6\n|teamsize|p2|6\n|gen|9\n|tier|[Gen 9] National Dex Doubles\n|rated|\n|rule|HP Percentage Mod: HP is shown in percentages\n|rule|Endless Battle Clause: Forcing endless battles is banned\n|rule|OHKO Clause: OHKO moves are banned\n|rule|Evasion Moves Clause: Evasion moves are banned\n|rule|Evasion Abilities Clause: Evasion abilities are banned\n|rule|Species Clause: Limit one of each Pok\u00e9mon\n|rule|Gravity Sleep Clause: The combination of sleep-inducing moves with imperfect accuracy and Gravity or Gigantamax Orbeetle are banned\n|clearpoke\n|poke|p1|Ninetales-Alola, F|\n|poke|p1|Abomasnow, F|\n|poke|p1|Arctozolt|\n|poke|p1|Chien-Pao|\n|poke|p1|Iron Bundle|\n|poke|p1|Rotom-Frost|\n|poke|p2|Swampert, M|\n|poke|p2|Talonflame, M|\n|poke|p2|Bewear, F|\n|poke|p2|Zoroark-Hisui, M|\n|poke|p2|Arboliva, F|\n|poke|p2|Kommo-o, M|\n|teampreview\n|inactive|Battle timer is ON: inactive players will automatically lose when time's up. (requested by oby schmoby)\n|\n|t:|1701194510\n|start\n|switch|p1a: Ninetales|Ninetales-Alola, F|100\/100\n|switch|p1b: Arctozolt|Arctozolt|100\/100\n|switch|p2a: Zenith|Talonflame, M|100\/100\n|switch|p2b: Goku|Bewear, F|100\/100\n|-weather|Snow|[from] ability: Snow Warning|[of] p1a: Ninetales\n|turn|1\n|\n|t:|1701194539\n|-terastallize|p2a: Zenith|Steel\n|move|p1b: Arctozolt|Bolt Beak|p2a: Zenith\n|-damage|p2a: Zenith|0 fnt\n|faint|p2a: Zenith\n|move|p2b: Goku|Trick|p1b: Arctozolt\n|-activate|p2b: Goku|move: Trick|[of] p1b: Arctozolt\n|-item|p1b: Arctozolt|Choice Specs|[from] move: Trick\n|-item|p2b: Goku|Heavy-Duty Boots|[from] move: Trick\n|move|p1a: Ninetales|Aurora Veil|p1a: Ninetales\n|-sidestart|p1: lxvliiz|move: Aurora Veil\n|\n|-weather|Snow|[upkeep]\n|upkeep\n|inactive|oby schmoby has 120 seconds left.\n|\n|t:|1701194555\n|switch|p2a: Goku|Bewear, F|100\/100\n|turn|2\n|c|\u2606lxvliiz|choice specs is okay\n|c|\u2606lxvliiz|i have blizzard\n|\n|t:|1701194566\n|move|p1b: Arctozolt|Blizzard|p2b: Goku|[spread] p2a,p2b\n|-damage|p2a: Goku|49\/100\n|-damage|p2b: Goku|11\/100\n|replace|p2b: Havoc|Zoroark-Hisui, M, shiny\n|-end|p2b: Havoc|Illusion\n|move|p2b: Havoc|Flamethrower|p1a: Ninetales\n|-supereffective|p1a: Ninetales\n|-damage|p1a: Ninetales|48\/100\n|move|p1a: Ninetales|Blizzard|p2a: Goku|[spread] p2a,p2b\n|-damage|p2a: Goku|16\/100\n|-damage|p2b: Havoc|0 fnt\n|faint|p2b: Havoc\n|move|p2a: Goku|Swords Dance|p2a: Goku\n|-boost|p2a: Goku|atk|2\n|\n|-weather|Snow|[upkeep]\n|upkeep\n|-message|oby schmoby forfeited.\n|\n|win|lxvliiz\n|raw|lxvliiz's rating: 1132 &rarr; <strong>1154<\/strong><br \/>(+22 for winning)\n|raw|oby schmoby's rating: 1088 &rarr; <strong>1068<\/strong><br \/>(-20 for losing)\n|l|\u2606oby schmoby\n","uploadtime":1701194587,"views":0,"p1id":"lxvliiz","p2id":"obyschmoby","formatid":"gen9nationaldexdoubles","rating":1068,"private":0,"password":""}