{"id":"gen9nationaldexdoubles-1954107407","p1":"WinterWait","p2":"skeliton lord","format":"[Gen 9] National Dex Doubles","log":"|j|\u2606WinterWait\n|j|\u2606skeliton lord\n|t:|1695854448\n|gametype|doubles\n|player|p1|WinterWait|clerkf|1000\n|player|p2|skeliton lord|102|1163\n|teamsize|p1|6\n|teamsize|p2|6\n|gen|9\n|tier|[Gen 9] National Dex Doubles\n|rated|\n|rule|HP Percentage Mod: HP is shown in percentages\n|rule|Endless Battle Clause: Forcing endless battles is banned\n|rule|OHKO Clause: OHKO moves are banned\n|rule|Evasion Moves Clause: Evasion moves are banned\n|rule|Evasion Abilities Clause: Evasion abilities are banned\n|rule|Species Clause: Limit one of each Pok\u00e9mon\n|rule|Gravity Sleep Clause: The combination of sleep-inducing moves with imperfect accuracy and Gravity or Gigantamax Orbeetle are banned\n|clearpoke\n|poke|p1|Dipplin, F|\n|poke|p1|Lurantis, F|\n|poke|p1|Persian-Alola, F|\n|poke|p1|Kommo-o, F|\n|poke|p1|Flutter Mane|\n|poke|p1|Flamigo, F|\n|poke|p2|Venusaur, M|\n|poke|p2|Charizard, F|\n|poke|p2|Flutter Mane|\n|poke|p2|Grimmsnarl, M|\n|poke|p2|Gholdengo|\n|poke|p2|Great Tusk|\n|teampreview\n|inactive|Battle timer is ON: inactive players will automatically lose when time's up. (requested by skeliton lord)\n|\n|t:|1695854453\n|start\n|switch|p1a: Flutter Mane|Flutter Mane|100\/100\n|switch|p1b: Kommo-o|Kommo-o, F|100\/100\n|switch|p2a: Charizard|Charizard, F|100\/100\n|switch|p2b: Flutter Mane|Flutter Mane|100\/100\n|turn|1\n|\n|t:|1695854466\n|detailschange|p2a: Charizard|Charizard-Mega-Y, F\n|-mega|p2a: Charizard|Charizard|Charizardite Y\n|-weather|SunnyDay|[from] ability: Drought|[of] p2a: Charizard\n|-activate|p1a: Flutter Mane|ability: Protosynthesis\n|-start|p1a: Flutter Mane|protosynthesisspe\n|-activate|p2b: Flutter Mane|ability: Protosynthesis\n|-start|p2b: Flutter Mane|protosynthesisspe\n|move|p2a: Charizard|Protect|p2a: Charizard\n|-singleturn|p2a: Charizard|Protect\n|move|p1a: Flutter Mane|Perish Song|p1a: Flutter Mane\n|-start|p1a: Flutter Mane|perish3|[silent]\n|-immune|p1b: Kommo-o|[from] ability: Soundproof\n|-start|p2a: Charizard|perish3|[silent]\n|-start|p2b: Flutter Mane|perish3|[silent]\n|-fieldactivate|move: Perish Song\n|move|p2b: Flutter Mane|Dazzling Gleam|p1b: Kommo-o|[spread] p1a,p1b\n|-supereffective|p1b: Kommo-o\n|-damage|p1a: Flutter Mane|48\/100\n|-damage|p1b: Kommo-o|0 fnt\n|-enditem|p1a: Flutter Mane|Sitrus Berry|[eat]\n|-heal|p1a: Flutter Mane|73\/100|[from] item: Sitrus Berry\n|faint|p1b: Kommo-o\n|\n|-weather|SunnyDay|[upkeep]\n|-start|p1a: Flutter Mane|perish3\n|-start|p2b: Flutter Mane|perish3\n|-start|p2a: Charizard|perish3\n|upkeep\n|\n|t:|1695854486\n|switch|p1b: Persian|Persian-Alola, F|100\/100\n|turn|2\n|\n|t:|1695854493\n|-end|p2b: Flutter Mane|Protosynthesis|[silent]\n|switch|p2b: Grimmsnarl|Grimmsnarl, M|100\/100\n|move|p1b: Persian|Fake Out|p2a: Charizard\n|-damage|p2a: Charizard|92\/100\n|move|p1a: Flutter Mane|Memento|p2b: Grimmsnarl\n|-unboost|p2b: Grimmsnarl|atk|2\n|-unboost|p2b: Grimmsnarl|spa|2\n|faint|p1a: Flutter Mane\n|-end|p1a: Flutter Mane|Protosynthesis|[silent]\n|cant|p2a: Charizard|flinch\n|\n|-weather|SunnyDay|[upkeep]\n|-start|p2a: Charizard|perish2\n|upkeep\n|\n|t:|1695854503\n|switch|p1a: Dipplin|Dipplin, F|100\/100\n|-ability|p1a: Dipplin|Supersweet Syrup\n|-ability|p1a: Dipplin|Supersweet Syrup|boost\n|-unboost|p2a: Charizard|evasion|1\n|-unboost|p2b: Grimmsnarl|evasion|1\n|turn|3\n|\n|t:|1695854515\n|switch|p2a: Great Tusk|Great Tusk|100\/100\n|-activate|p2a: Great Tusk|ability: Protosynthesis\n|-start|p2a: Great Tusk|protosynthesisatk\n|switch|p1b: Lurantis|Lurantis, F|100\/100\n|move|p2b: Grimmsnarl|Parting Shot|p1a: Dipplin\n|-unboost|p1a: Dipplin|atk|1\n|-unboost|p1a: Dipplin|spa|1\n|\n|t:|1695854521\n|switch|p2b: Flutter Mane|Flutter Mane|100\/100|[from] Parting Shot\n|-activate|p2b: Flutter Mane|ability: Protosynthesis\n|-start|p2b: Flutter Mane|protosynthesisspe\n|move|p1a: Dipplin|Syrup Bomb|p1b: Lurantis\n|-resisted|p1b: Lurantis\n|-damage|p1b: Lurantis|94\/100\n|-start|p1b: Lurantis|Syrup Bomb\n|\n|-weather|SunnyDay|[upkeep]\n|-boost|p1b: Lurantis|spe|1\n|upkeep\n|turn|4\n|\n|t:|1695854537\n|move|p2b: Flutter Mane|Dazzling Gleam|p1a: Dipplin|[spread] p1a,p1b\n|-supereffective|p1a: Dipplin\n|-damage|p1a: Dipplin|22\/100\n|-damage|p1b: Lurantis|57\/100\n|move|p2a: Great Tusk|Ice Spinner|p1b: Lurantis\n|-supereffective|p1b: Lurantis\n|-damage|p1b: Lurantis|0 fnt\n|faint|p1b: Lurantis\n|move|p1a: Dipplin|Pollen Puff|p1: Lurantis|[notarget]\n|-fail|p1a: Dipplin\n|\n|-weather|SunnyDay|[upkeep]\n|upkeep\n|-message|WinterWait forfeited.\n|\n|win|skeliton lord\n|raw|WinterWait's rating: 1000 &rarr; <strong>1000<\/strong><br \/>(+0 for losing)\n|raw|skeliton lord's rating: 1163 &rarr; <strong>1177<\/strong><br \/>(+14 for winning)\n|l|\u2606WinterWait\n","uploadtime":1695854548,"views":12,"p1id":"winterwait","p2id":"skelitonlord","formatid":"gen9nationaldexdoubles","rating":1000,"private":0,"password":""}