{"id":"gen9nationaldexdoubles-1978288682","p1":"Savant5","p2":"Kronlix","format":"[Gen 9] National Dex Doubles","log":"|j|\u2606Savant5\n|j|\u2606Kronlix\n|t:|1698521277\n|gametype|doubles\n|player|p1|Savant5|2|\n|player|p2|Kronlix|2|\n|teamsize|p1|2\n|teamsize|p2|6\n|gen|9\n|tier|[Gen 9] National Dex Doubles\n|rule|HP Percentage Mod: HP is shown in percentages\n|rule|Endless Battle Clause: Forcing endless battles is banned\n|rule|OHKO Clause: OHKO moves are banned\n|rule|Evasion Moves Clause: Evasion moves are banned\n|rule|Evasion Abilities Clause: Evasion abilities are banned\n|rule|Species Clause: Limit one of each Pok\u00e9mon\n|rule|Gravity Sleep Clause: The combination of sleep-inducing moves with imperfect accuracy and Gravity or Gigantamax Orbeetle are banned\n|clearpoke\n|poke|p1|Aipom, F|\n|poke|p1|Ambipom, M|\n|poke|p2|Scizor, F|\n|poke|p2|Galvantula, F|\n|poke|p2|Manaphy|\n|poke|p2|Shaymin-Sky|\n|poke|p2|Bisharp, F|\n|poke|p2|Togekiss, M|\n|teampreview\n|\n|t:|1698521308\n|start\n|switch|p1a: Aipom|Aipom, F|100\/100\n|switch|p1b: Ambipom|Ambipom, M|100\/100\n|switch|p2a: Shaymin|Shaymin-Sky, shiny|100\/100\n|switch|p2b: Galvantula|Galvantula, F, shiny|100\/100\n|turn|1\n|\n|t:|1698521334\n|move|p2a: Shaymin|Air Slash|p1b: Ambipom\n|-damage|p1b: Ambipom|40\/100\n|cant|p1b: Ambipom|flinch\n|move|p2b: Galvantula|Thunder|p1a: Aipom\n|-damage|p1a: Aipom|2\/100\n|-status|p1a: Aipom|par\n|cant|p1a: Aipom|par\n|\n|upkeep\n|turn|2\n|c|\u2606Savant5|man you just had to be faster\n|c|\u2606Kronlix|Lol\n|c|\u2606Savant5|okay\n|c|\u2606Savant5|gg\n|-message|Savant5 forfeited.\n|\n|win|Kronlix\n|l|\u2606Savant5\n|c|\u2606Kronlix|Gg\n","uploadtime":1698521369,"views":5,"p1id":"savant5","p2id":"kronlix","formatid":"gen9nationaldexdoubles","rating":0,"private":0,"password":""}