{"id":"gen9nationaldexdoubles-1974183894","p1":"Smeargle Artist","p2":"Tarantulara","format":"[Gen 9] National Dex Doubles","log":"|j|\u2606Smeargle Artist\n|j|\u2606Tarantulara\n|t:|1698066071\n|gametype|doubles\n|player|p1|Smeargle Artist|caitlin|1151\n|player|p2|Tarantulara|aaron|1130\n|teamsize|p1|6\n|teamsize|p2|6\n|gen|9\n|tier|[Gen 9] National Dex Doubles\n|rated|\n|rule|HP Percentage Mod: HP is shown in percentages\n|rule|Endless Battle Clause: Forcing endless battles is banned\n|rule|OHKO Clause: OHKO moves are banned\n|rule|Evasion Moves Clause: Evasion moves are banned\n|rule|Evasion Abilities Clause: Evasion abilities are banned\n|rule|Species Clause: Limit one of each Pok\u00e9mon\n|rule|Gravity Sleep Clause: The combination of sleep-inducing moves with imperfect accuracy and Gravity or Gigantamax Orbeetle are banned\n|clearpoke\n|poke|p1|Eevee, M|\n|poke|p1|Smeargle, M|\n|poke|p1|Flamigo, M|\n|poke|p1|Krookodile, M|\n|poke|p1|Espeon, F|\n|poke|p1|Whimsicott, F|\n|poke|p2|Oricorio-Pom-Pom, F|\n|poke|p2|Kommo-o, F|\n|poke|p2|Ribombee, M|\n|poke|p2|Iron Moth|\n|poke|p2|Volcarona, M|\n|poke|p2|Lilligant-Hisui, F|\n|teampreview\n|c|\u2606Tarantulara|Gl hf c:\n|\n|t:|1698066085\n|start\n|switch|p1a: 45 Seconds|Eevee, M, shiny|100\/100\n|switch|p1b: I'm an Artist|Smeargle, M, shiny|100\/100\n|switch|p2a: Shake|Oricorio-Pom-Pom, F, shiny|100\/100\n|switch|p2b: Fwoosh|Volcarona, M|100\/100\n|turn|1\n|\n|t:|1698066101\n|move|p1b: I'm an Artist|Follow Me|p1b: I'm an Artist\n|-singleturn|p1b: I'm an Artist|move: Follow Me\n|move|p2a: Shake|Quiver Dance|p2a: Shake\n|-boost|p2a: Shake|spa|1\n|-boost|p2a: Shake|spd|1\n|-boost|p2a: Shake|spe|1\n|move|p2b: Fwoosh|Quiver Dance|p2b: Fwoosh\n|-boost|p2b: Fwoosh|spa|1\n|-boost|p2b: Fwoosh|spd|1\n|-boost|p2b: Fwoosh|spe|1\n|-activate|p2a: Shake|ability: Dancer\n|move|p2a: Shake|Quiver Dance|p2a: Shake|[from]ability: Dancer\n|-boost|p2a: Shake|spa|1\n|-boost|p2a: Shake|spd|1\n|-boost|p2a: Shake|spe|1\n|-zpower|p1a: 45 Seconds\n|move|p1a: 45 Seconds|Extreme Evoboost|p1a: 45 Seconds\n|-boost|p1a: 45 Seconds|atk|2\n|-boost|p1a: 45 Seconds|def|2\n|-boost|p1a: 45 Seconds|spa|2\n|-boost|p1a: 45 Seconds|spd|2\n|-boost|p1a: 45 Seconds|spe|2\n|\n|upkeep\n|turn|2\n|\n|t:|1698066131\n|move|p1b: I'm an Artist|Follow Me|p1b: I'm an Artist\n|-singleturn|p1b: I'm an Artist|move: Follow Me\n|move|p2a: Shake|Revelation Dance|p1b: I'm an Artist\n|-enditem|p1b: I'm an Artist|Focus Sash\n|-damage|p1b: I'm an Artist|1\/100\n|move|p2b: Fwoosh|Fiery Dance|p1b: I'm an Artist\n|-damage|p1b: I'm an Artist|0 fnt\n|-boost|p2b: Fwoosh|spa|1\n|faint|p1b: I'm an Artist\n|-activate|p2a: Shake|ability: Dancer\n|move|p2a: Shake|Fiery Dance|p1a: 45 Seconds|[from]ability: Dancer\n|-damage|p1a: 45 Seconds|70\/100\n|move|p1a: 45 Seconds|Baton Pass|p1a: 45 Seconds\n|\n|t:|1698066146\n|switch|p1a: 7 Knockouts|Krookodile, M|100\/100|[from] Baton Pass\n|\n|upkeep\n|\n|t:|1698066149\n|switch|p1b: AAAAAAA|Flamigo, M, shiny|100\/100\n|-copyboost|p1b: AAAAAAA|p1a: 7 Knockouts|[from] ability: Costar\n|turn|3\n|\n|t:|1698066188\n|move|p2a: Shake|Revelation Dance|p1b: AAAAAAA\n|-supereffective|p1b: AAAAAAA\n|-damage|p1b: AAAAAAA|0 fnt\n|faint|p1b: AAAAAAA\n|move|p1a: 7 Knockouts|Power Trip|p2b: Fwoosh\n|-damage|p2b: Fwoosh|0 fnt\n|faint|p2b: Fwoosh\n|-ability|p1a: 7 Knockouts|Moxie|boost\n|-boost|p1a: 7 Knockouts|atk|1\n|\n|upkeep\n|\n|t:|1698066218\n|switch|p2b: Shimmer|Ribombee, M, shiny|100\/100\n|switch|p1b: Kitty|Espeon, F|100\/100\n|turn|4\n|\n|t:|1698066233\n|move|p1b: Kitty|Detect|p1b: Kitty\n|-singleturn|p1b: Kitty|Protect\n|move|p2a: Shake|Revelation Dance|p1b: Kitty\n|-activate|p1b: Kitty|move: Protect\n|move|p1a: 7 Knockouts|Power Trip|p2a: Shake\n|-crit|p2a: Shake\n|-damage|p2a: Shake|0 fnt\n|faint|p2a: Shake\n|-ability|p1a: 7 Knockouts|Moxie|boost\n|-boost|p1a: 7 Knockouts|atk|1\n|move|p2b: Shimmer|Moonblast|p1a: 7 Knockouts\n|-supereffective|p1a: 7 Knockouts\n|-crit|p1a: 7 Knockouts\n|-damage|p1a: 7 Knockouts|0 fnt\n|faint|p1a: 7 Knockouts\n|\n|upkeep\n|-message|Smeargle Artist forfeited.\n|\n|win|Tarantulara\n|raw|Smeargle Artist's rating: 1151 &rarr; <strong>1124<\/strong><br \/>(-27 for losing)\n|raw|Tarantulara's rating: 1130 &rarr; <strong>1157<\/strong><br \/>(+27 for winning)\n|l|\u2606Smeargle Artist\n","uploadtime":1698066257,"views":11,"p1id":"smeargleartist","p2id":"tarantulara","formatid":"gen9nationaldexdoubles","rating":1124,"private":0,"password":""}