{"id":"gen9nationaldexdoubles-1953370605","p1":"Astapasta37","p2":"srythatwasu","format":"[Gen 9] National Dex Doubles","log":"|j|\u2606Astapasta37\n|j|\u2606srythatwasu\n|t:|1695779277\n|gametype|doubles\n|player|p1|Astapasta37|170|1198\n|player|p2|srythatwasu|volo|1263\n|teamsize|p1|6\n|teamsize|p2|6\n|gen|9\n|tier|[Gen 9] National Dex Doubles\n|rated|\n|rule|HP Percentage Mod: HP is shown in percentages\n|rule|Endless Battle Clause: Forcing endless battles is banned\n|rule|OHKO Clause: OHKO moves are banned\n|rule|Evasion Moves Clause: Evasion moves are banned\n|rule|Evasion Abilities Clause: Evasion abilities are banned\n|rule|Species Clause: Limit one of each Pok\u00e9mon\n|rule|Gravity Sleep Clause: The combination of sleep-inducing moves with imperfect accuracy and Gravity or Gigantamax Orbeetle are banned\n|clearpoke\n|poke|p1|Scolipede, M|\n|poke|p1|Torterra, M|\n|poke|p1|Morpeko, F|\n|poke|p1|Mawile, F|\n|poke|p1|Zoroark-Hisui, F|\n|poke|p1|Smeargle, M|\n|poke|p2|Vikavolt, M|\n|poke|p2|Dusclops, F|\n|poke|p2|Ursaluna-Bloodmoon, M|\n|poke|p2|Conkeldurr, F|\n|poke|p2|Sinistcha|\n|poke|p2|Braviary-Hisui, M|\n|teampreview\n|c|\u2606srythatwasu|glhf\n|\n|t:|1695779289\n|start\n|switch|p1a: Basquiat|Smeargle, M|100\/100\n|switch|p1b: Brock|Torterra, M|100\/100\n|switch|p2a: Vikavolt|Vikavolt, M, shiny|100\/100\n|switch|p2b: Dusclops|Dusclops, F, shiny|100\/100\n|-ability|p2b: Dusclops|Pressure\n|turn|1\n|\n|t:|1695779304\n|move|p1b: Brock|Nasty Plot|p1b: Brock\n|-boost|p1b: Brock|spa|2\n|move|p1a: Basquiat|Switcheroo|p2b: Dusclops\n|-activate|p1a: Basquiat|move: Trick|[of] p2b: Dusclops\n|-item|p2b: Dusclops|Choice Scarf|[from] move: Switcheroo\n|-item|p1a: Basquiat|Eviolite|[from] move: Switcheroo\n|move|p2a: Vikavolt|Bug Buzz|p1b: Brock\n|-resisted|p1b: Brock\n|-damage|p1b: Brock|42\/100\n|replace|p1b: Hehee|Zoroark-Hisui, F, shiny\n|-end|p1b: Hehee|Illusion\n|move|p2b: Dusclops|Trick Room|p2b: Dusclops\n|-fieldstart|move: Trick Room|[of] p2b: Dusclops\n|\n|-ability|p1a: Basquiat|Moody|boost\n|-boost|p1a: Basquiat|atk|2\n|-unboost|p1a: Basquiat|spd|1\n|upkeep\n|turn|2\n|inactive|Battle timer is ON: inactive players will automatically lose when time's up. (requested by Astapasta37)\n|inactive|Astapasta37 has 120 seconds left.\n|\n|t:|1695779334\n|switch|p2b: Sinistcha|Sinistcha|100\/100\n|move|p2a: Vikavolt|Bug Buzz|p1b: Hehee\n|-resisted|p1b: Hehee\n|-damage|p1b: Hehee|0 fnt\n|faint|p1b: Hehee\n|move|p1a: Basquiat|Instruct|p1: Hehee|[notarget]\n|-fail|p1a: Basquiat\n|\n|-ability|p1a: Basquiat|Moody|boost\n|-boost|p1a: Basquiat|spa|2\n|-unboost|p1a: Basquiat|atk|1\n|upkeep\n|\n|t:|1695779343\n|switch|p1b: Spade|Scolipede, M, shiny|100\/100\n|turn|3\n|\n|t:|1695779369\n|move|p2a: Vikavolt|Thunderbolt|p1b: Spade\n|-damage|p1b: Spade|16\/100\n|move|p2b: Sinistcha|Reflect|p2b: Sinistcha\n|-sidestart|p2: srythatwasu|Reflect\n|move|p1a: Basquiat|Blood Moon|p2a: Vikavolt\n|-damage|p2a: Vikavolt|62\/100\n|move|p1b: Spade|Megahorn|p2b: Sinistcha\n|-damage|p2b: Sinistcha|67\/100\n|-damage|p1b: Spade|7\/100|[from] item: Life Orb\n|\n|-ability|p1a: Basquiat|Moody|boost\n|-boost|p1a: Basquiat|spe|2\n|-unboost|p1a: Basquiat|spa|1\n|-ability|p1b: Spade|Speed Boost|boost\n|-boost|p1b: Spade|spe|1\n|upkeep\n|turn|4\n|inactive|Astapasta37 has 120 seconds left.\n|-message|Astapasta37 forfeited.\n|\n|win|srythatwasu\n|raw|Astapasta37's rating: 1198 &rarr; <strong>1178<\/strong><br \/>(-20 for losing)\n|raw|srythatwasu's rating: 1263 &rarr; <strong>1283<\/strong><br \/>(+20 for winning)\n|l|\u2606Astapasta37\n","uploadtime":1695779422,"views":12,"p1id":"astapasta37","p2id":"srythatwasu","formatid":"gen9nationaldexdoubles","rating":1178,"private":0,"password":""}