{"id":"gen9nationaldexdoubles-1995151401","p1":"MAF1001","p2":"TestBoi06145","format":"[Gen 9] National Dex Doubles","log":"|j|\u2606MAF1001\n|j|\u2606TestBoi06145\n|t:|1700528313\n|gametype|doubles\n|player|p1|MAF1001|unknown|1125\n|player|p2|TestBoi06145|ash-kalos|1127\n|teamsize|p1|6\n|teamsize|p2|6\n|gen|9\n|tier|[Gen 9] National Dex Doubles\n|rated|\n|rule|HP Percentage Mod: HP is shown in percentages\n|rule|Endless Battle Clause: Forcing endless battles is banned\n|rule|OHKO Clause: OHKO moves are banned\n|rule|Evasion Moves Clause: Evasion moves are banned\n|rule|Evasion Abilities Clause: Evasion abilities are banned\n|rule|Species Clause: Limit one of each Pok\u00e9mon\n|rule|Gravity Sleep Clause: The combination of sleep-inducing moves with imperfect accuracy and Gravity or Gigantamax Orbeetle are banned\n|clearpoke\n|poke|p1|Sableye, F|\n|poke|p1|Brute Bonnet|\n|poke|p1|Torkoal, F|\n|poke|p1|Volcanion|\n|poke|p1|Ursaluna, M|\n|poke|p1|Venusaur, M|\n|poke|p2|Dudunsparce-*, F|\n|poke|p2|Farigiraf, M|\n|poke|p2|Cresselia, F|\n|poke|p2|Flamigo, F|\n|poke|p2|Flutter Mane|\n|poke|p2|Chien-Pao|\n|teampreview\n|inactive|Battle timer is ON: inactive players will automatically lose when time's up. (requested by TestBoi06145)\n|\n|t:|1700528342\n|start\n|switch|p1a: Torkoal|Torkoal, F|100\/100\n|switch|p1b: Sableye|Sableye, F|100\/100\n|switch|p2a: Farigiraf|Farigiraf, M|100\/100\n|switch|p2b: Dudunsparce|Dudunsparce-Three-Segment, F, shiny|100\/100\n|-weather|SunnyDay|[from] ability: Drought|[of] p1a: Torkoal\n|-item|p1a: Torkoal|Air Balloon\n|turn|1\n|inactive|MAF1001 has 120 seconds left.\n|inactive|TestBoi06145 has 120 seconds left.\n|\n|t:|1700528390\n|move|p1b: Sableye|Fake Out||[still]\n|cant|p2a: Farigiraf|ability: Armor Tail|Fake Out|[of] p1b: Sableye\n|move|p2b: Dudunsparce|Rage|p1a: Torkoal\n|-damage|p1a: Torkoal|92\/100\n|-singlemove|p2b: Dudunsparce|Rage\n|-enditem|p1a: Torkoal|Air Balloon\n|move|p2a: Farigiraf|Beat Up|p2b: Dudunsparce\n|-damage|p2b: Dudunsparce|97\/100\n|-boost|p2b: Dudunsparce|atk|1\n|-ability|p2b: Dudunsparce|Rattled|boost\n|-boost|p2b: Dudunsparce|spe|1\n|-damage|p2b: Dudunsparce|95\/100\n|-boost|p2b: Dudunsparce|atk|1\n|-ability|p2b: Dudunsparce|Rattled|boost\n|-boost|p2b: Dudunsparce|spe|1\n|-damage|p2b: Dudunsparce|92\/100\n|-boost|p2b: Dudunsparce|atk|1\n|-ability|p2b: Dudunsparce|Rattled|boost\n|-boost|p2b: Dudunsparce|spe|1\n|-damage|p2b: Dudunsparce|89\/100\n|-boost|p2b: Dudunsparce|atk|1\n|-ability|p2b: Dudunsparce|Rattled|boost\n|-boost|p2b: Dudunsparce|spe|1\n|-damage|p2b: Dudunsparce|87\/100\n|-boost|p2b: Dudunsparce|atk|1\n|-ability|p2b: Dudunsparce|Rattled|boost\n|-boost|p2b: Dudunsparce|spe|1\n|-damage|p2b: Dudunsparce|84\/100\n|-boost|p2b: Dudunsparce|atk|1\n|-ability|p2b: Dudunsparce|Rattled|boost\n|-boost|p2b: Dudunsparce|spe|1\n|-hitcount|p2b: Dudunsparce|6\n|move|p1a: Torkoal|Eruption|p2a: Farigiraf|[spread] p2a,p2b\n|-damage|p2a: Farigiraf|60\/100\n|-damage|p2b: Dudunsparce|27\/100\n|-boost|p2b: Dudunsparce|atk|0\n|-enditem|p2b: Dudunsparce|Sitrus Berry|[eat]\n|-heal|p2b: Dudunsparce|52\/100|[from] item: Sitrus Berry\n|\n|-weather|SunnyDay|[upkeep]\n|upkeep\n|turn|2\n|inactive|MAF1001 has 120 seconds left.\n|inactive|TestBoi06145 has 120 seconds left.\n|inactive|MAF1001 has 90 seconds left.\n|inactive|MAF1001 has 60 seconds left.\n|inactive|MAF1001 has 30 seconds left.\n|\n|t:|1700528508\n|switch|p1a: Venusaur|Venusaur, M|100\/100\n|move|p1b: Sableye|Rain Dance|p1b: Sableye\n|-weather|RainDance\n|move|p2b: Dudunsparce|Earthquake|p1b: Sableye|[spread] p2a,p1a,p1b\n|-crit|p1a: Venusaur\n|-damage|p2a: Farigiraf|0 fnt\n|-damage|p1a: Venusaur|0 fnt\n|-damage|p1b: Sableye|0 fnt\n|faint|p2a: Farigiraf\n|faint|p1a: Venusaur\n|faint|p1b: Sableye\n|\n|-weather|RainDance|[upkeep]\n|upkeep\n|inactive|MAF1001 has 30 seconds left.\n|inactive|TestBoi06145 has 90 seconds left.\n|\n|t:|1700528567\n|switch|p1a: Brute Bonnet|Brute Bonnet|100\/100\n|switch|p2a: Flamigo|Flamigo, F|100\/100\n|switch|p1b: Volcanion|Volcanion|100\/100\n|-copyboost|p2a: Flamigo|p2b: Dudunsparce|[from] ability: Costar\n|turn|3\n|inactive|MAF1001 has 30 seconds left.\n|\n|t:|1700528599\n|move|p1b: Volcanion|Protect|p1b: Volcanion\n|-singleturn|p1b: Volcanion|Protect\n|move|p2a: Flamigo|Close Combat|p1a: Brute Bonnet\n|-supereffective|p1a: Brute Bonnet\n|-enditem|p1a: Brute Bonnet|Focus Sash\n|-damage|p1a: Brute Bonnet|1\/100\n|-unboost|p2a: Flamigo|def|1\n|-unboost|p2a: Flamigo|spd|1\n|-damage|p2a: Flamigo|91\/100|[from] item: Life Orb\n|move|p2b: Dudunsparce|Rock Slide|p1b: Volcanion|[spread] p1a\n|-activate|p1b: Volcanion|move: Protect\n|-damage|p1a: Brute Bonnet|0 fnt\n|faint|p1a: Brute Bonnet\n|-end|p1a: Brute Bonnet|Protosynthesis|[silent]\n|\n|-weather|RainDance|[upkeep]\n|upkeep\n|inactive|MAF1001 has 30 seconds left this turn.\n|inactive|MAF1001 has 20 seconds left.\n|inactive|MAF1001 has 15 seconds left.\n|\n|t:|1700528616\n|switch|p1a: Ursaluna|Ursaluna, M|100\/100\n|turn|4\n|inactive|MAF1001 has 30 seconds left.\n|inactive|MAF1001 has 20 seconds left.\n|\n|t:|1700528640\n|move|p1a: Ursaluna|Protect|p1a: Ursaluna\n|-singleturn|p1a: Ursaluna|Protect\n|move|p2a: Flamigo|Close Combat|p1a: Ursaluna\n|-activate|p1a: Ursaluna|move: Protect\n|move|p2b: Dudunsparce|Earthquake|p1b: Volcanion|[spread] p1b\n|-activate|p1a: Ursaluna|move: Protect\n|-immune|p2a: Flamigo\n|-supereffective|p1b: Volcanion\n|-damage|p1b: Volcanion|0 fnt\n|faint|p1b: Volcanion\n|\n|-weather|RainDance|[upkeep]\n|-status|p1a: Ursaluna|brn|[from] item: Flame Orb\n|upkeep\n|inactive|MAF1001 has 25 seconds left this turn.\n|inactive|MAF1001 has 20 seconds left.\n|inactive|MAF1001 has 15 seconds left.\n|-message|MAF1001 forfeited.\n|\n|win|TestBoi06145\n|inactive|MAF1001 has 20 seconds left this turn.\n|raw|MAF1001's rating: 1125 &rarr; <strong>1100<\/strong><br \/>(-25 for losing)\n|raw|TestBoi06145's rating: 1127 &rarr; <strong>1152<\/strong><br \/>(+25 for winning)\n|l|\u2606MAF1001\n","uploadtime":1700528655,"views":1,"p1id":"maf1001","p2id":"testboi06145","formatid":"gen9nationaldexdoubles","rating":1100,"private":0,"password":""}