{"id":"gen9nationaldexdoubles-1993570690","p1":"larsonshark","p2":"nulgatharchfiend","format":"[Gen 9] National Dex Doubles","log":"|j|\u2606larsonshark\n|j|\u2606nulgatharchfiend\n|t:|1700332937\n|gametype|doubles\n|player|p1|larsonshark|caitlin|1385\n|player|p2|nulgatharchfiend|1|1230\n|teamsize|p1|6\n|teamsize|p2|6\n|gen|9\n|tier|[Gen 9] National Dex Doubles\n|rated|\n|rule|HP Percentage Mod: HP is shown in percentages\n|rule|Endless Battle Clause: Forcing endless battles is banned\n|rule|OHKO Clause: OHKO moves are banned\n|rule|Evasion Moves Clause: Evasion moves are banned\n|rule|Evasion Abilities Clause: Evasion abilities are banned\n|rule|Species Clause: Limit one of each Pok\u00e9mon\n|rule|Gravity Sleep Clause: The combination of sleep-inducing moves with imperfect accuracy and Gravity or Gigantamax Orbeetle are banned\n|clearpoke\n|poke|p1|Tornadus, M|\n|poke|p1|Indeedee, M|\n|poke|p1|Chi-Yu|\n|poke|p1|Darmanitan-Galar, F|\n|poke|p1|Gholdengo|\n|poke|p1|Blastoise, F|\n|poke|p2|Rotom-Heat|\n|poke|p2|Ninetales-Alola, F|\n|poke|p2|Tapu Koko|\n|poke|p2|Electivire, M|\n|poke|p2|Raichu-Alola, F|\n|poke|p2|Arctovish|\n|teampreview\n|inactive|Battle timer is ON: inactive players will automatically lose when time's up. (requested by larsonshark)\n|inactive|larsonshark has 120 seconds left.\n|\n|t:|1700332973\n|start\n|switch|p1a: Tornadus|Tornadus, M|100\/100\n|switch|p1b: Darmanitan|Darmanitan-Galar, F|100\/100\n|switch|p2a: Rotom|Rotom-Heat, shiny|100\/100\n|switch|p2b: Electivire|Electivire, M, shiny|100\/100\n|turn|1\n|\n|t:|1700332991\n|-terastallize|p2a: Rotom|Electric\n|move|p2a: Rotom|Discharge|p1b: Darmanitan|[spread] p1a,p1b\n|-ability|p2b: Electivire|Motor Drive|boost\n|-boost|p2b: Electivire|spe|1\n|-supereffective|p1a: Tornadus\n|-damage|p1a: Tornadus|0 fnt\n|-damage|p1b: Darmanitan|49\/100\n|-status|p1b: Darmanitan|par\n|faint|p1a: Tornadus\n|move|p2b: Electivire|Cross Chop|p1b: Darmanitan\n|-supereffective|p1b: Darmanitan\n|-damage|p1b: Darmanitan|0 fnt\n|faint|p1b: Darmanitan\n|-damage|p2b: Electivire|91\/100|[from] item: Life Orb\n|\n|upkeep\n|\n|t:|1700333010\n|switch|p1a: Gholdengo|Gholdengo|100\/100\n|switch|p1b: Indeedee|Indeedee, M|100\/100\n|-fieldstart|move: Psychic Terrain|[from] ability: Psychic Surge|[of] p1b: Indeedee\n|turn|2\n|\n|t:|1700333018\n|move|p2a: Rotom|Discharge|p1a: Gholdengo|[spread] p1a,p1b\n|-ability|p2b: Electivire|Motor Drive|boost\n|-boost|p2b: Electivire|spe|1\n|-damage|p1a: Gholdengo|58\/100\n|-damage|p1b: Indeedee|49\/100\n|move|p2b: Electivire|Earthquake|p1a: Gholdengo|[spread] p1a,p1b\n|-immune|p2a: Rotom|[from] ability: Levitate\n|-supereffective|p1a: Gholdengo\n|-damage|p1a: Gholdengo|0 fnt\n|-damage|p1b: Indeedee|0 fnt\n|faint|p1a: Gholdengo\n|faint|p1b: Indeedee\n|-damage|p2b: Electivire|81\/100|[from] item: Life Orb\n|\n|upkeep\n|-message|larsonshark forfeited.\n|\n|win|nulgatharchfiend\n|raw|larsonshark's rating: 1385 &rarr; <strong>1357<\/strong><br \/>(-28 for losing)\n|raw|nulgatharchfiend's rating: 1230 &rarr; <strong>1265<\/strong><br \/>(+35 for winning)\n|l|\u2606larsonshark\n","uploadtime":1700333060,"views":18,"p1id":"larsonshark","p2id":"nulgatharchfiend","formatid":"gen9nationaldexdoubles","rating":1265,"private":0,"password":""}