{"id":"gen9nationaldexdoubles-1999144730","p1":"astolfo_barusu","p2":"Palden64","format":"[Gen 9] National Dex Doubles","log":"|j|\u2606astolfo_barusu\n|j|\u2606Palden64\n|t:|1701038035\n|gametype|doubles\n|player|p1|astolfo_barusu|ingo|1084\n|player|p2|Palden64|iris|1142\n|teamsize|p1|6\n|teamsize|p2|6\n|gen|9\n|tier|[Gen 9] National Dex Doubles\n|rated|\n|rule|HP Percentage Mod: HP is shown in percentages\n|rule|Endless Battle Clause: Forcing endless battles is banned\n|rule|OHKO Clause: OHKO moves are banned\n|rule|Evasion Moves Clause: Evasion moves are banned\n|rule|Evasion Abilities Clause: Evasion abilities are banned\n|rule|Species Clause: Limit one of each Pok\u00e9mon\n|rule|Gravity Sleep Clause: The combination of sleep-inducing moves with imperfect accuracy and Gravity or Gigantamax Orbeetle are banned\n|clearpoke\n|poke|p1|Parasect, M|\n|poke|p1|Emboar, M|\n|poke|p1|Beheeyem, M|\n|poke|p1|Pachirisu, M|\n|poke|p1|Hitmontop, M|\n|poke|p1|Incineroar, M|\n|poke|p2|Smeargle, M|\n|poke|p2|Comfey, F|\n|poke|p2|Whimsicott, F|\n|poke|p2|Farigiraf, F|\n|poke|p2|Ogerpon-Cornerstone, F|\n|poke|p2|Incineroar, M|\n|teampreview\n|j| S1r.sweepsaLot\n|inactive|Battle timer is ON: inactive players will automatically lose when time's up. (requested by Palden64)\n|\n|t:|1701038055\n|start\n|switch|p1a: Pachirisu|Pachirisu, M|100\/100\n|switch|p1b: Parasect|Parasect, M, shiny|100\/100\n|switch|p2a: Incineroar|Incineroar, M|100\/100\n|switch|p2b: Smeargle|Smeargle, M|100\/100\n|-ability|p2a: Incineroar|Intimidate|boost\n|-unboost|p1a: Pachirisu|atk|1\n|-unboost|p1b: Parasect|atk|1\n|turn|1\n|\n|t:|1701038079\n|move|p2a: Incineroar|Fake Out|p1b: Parasect\n|-damage|p1b: Parasect|89\/100\n|move|p1a: Pachirisu|Nuzzle|p2a: Incineroar\n|-damage|p2a: Incineroar|98\/100\n|-status|p2a: Incineroar|par\n|-damage|p1a: Pachirisu|84\/100|[from] item: Rocky Helmet|[of] p2a: Incineroar\n|move|p2b: Smeargle|Spore|p1a: Pachirisu\n|-status|p1a: Pachirisu|slp|[from] move: Spore\n|cant|p1b: Parasect|flinch\n|\n|-heal|p1a: Pachirisu|90\/100 slp|[from] item: Leftovers\n|-heal|p1b: Parasect|95\/100|[from] item: Leftovers\n|upkeep\n|turn|2\n|inactive|Palden64 has 120 seconds left.\n|\n|t:|1701038112\n|switch|p2a: Ogerpon|Ogerpon-Cornerstone, F|100\/100\n|cant|p1a: Pachirisu|slp\n|move|p2b: Smeargle|Decorate|p2a: Ogerpon\n|-boost|p2a: Ogerpon|atk|2\n|-boost|p2a: Ogerpon|spa|2\n|move|p1b: Parasect|Spore|p2b: Smeargle\n|-status|p2b: Smeargle|slp|[from] move: Spore\n|\n|-heal|p1a: Pachirisu|96\/100 slp|[from] item: Leftovers\n|-heal|p1b: Parasect|100\/100|[from] item: Leftovers\n|upkeep\n|turn|3\n|\n|t:|1701038136\n|cant|p1a: Pachirisu|slp\n|move|p2a: Ogerpon|Ivy Cudgel|p1a: Pachirisu|[anim] Ivy Cudgel Rock\n|-damage|p1a: Pachirisu|0 fnt\n|faint|p1a: Pachirisu\n|cant|p2b: Smeargle|slp\n|move|p1b: Parasect|Sludge Bomb|p2a: Ogerpon\n|-damage|p2a: Ogerpon|89\/100\n|\n|upkeep\n|\n|t:|1701038154\n|switch|p1a: Beheeyem|Beheeyem, M|100\/100\n|turn|4\n|\n|t:|1701038163\n|move|p2a: Ogerpon|Ivy Cudgel|p1b: Parasect|[anim] Ivy Cudgel Rock\n|-supereffective|p1b: Parasect\n|-damage|p1b: Parasect|0 fnt\n|faint|p1b: Parasect\n|-curestatus|p2b: Smeargle|slp|[msg]\n|move|p2b: Smeargle|Spore|p1a: Beheeyem\n|-status|p1a: Beheeyem|slp|[from] move: Spore\n|cant|p1a: Beheeyem|slp\n|\n|upkeep\n|-message|astolfo_barusu forfeited.\n|\n|win|Palden64\n|raw|astolfo_barusu's rating: 1084 &rarr; <strong>1065<\/strong><br \/>(-19 for losing)\n|raw|Palden64's rating: 1142 &rarr; <strong>1163<\/strong><br \/>(+21 for winning)\n|l|\u2606astolfo_barusu\n","uploadtime":1701038181,"views":6,"p1id":"astolfobarusu","p2id":"palden64","formatid":"gen9nationaldexdoubles","rating":1065,"private":0,"password":""}