{"id":"gen9nationaldexdoubles-1947834645","p1":"ShadeDoll","p2":"user58342485","format":"[Gen 9] National Dex Doubles","log":"|j|\u2606ShadeDoll\n|j|\u2606user58342485\n|t:|1695208333\n|gametype|doubles\n|player|p1|ShadeDoll|giovanni|1220\n|player|p2|user58342485|pokemaniac|1553\n|teamsize|p1|6\n|teamsize|p2|6\n|gen|9\n|tier|[Gen 9] National Dex Doubles\n|rated|\n|rule|HP Percentage Mod: HP is shown in percentages\n|rule|Endless Battle Clause: Forcing endless battles is banned\n|rule|OHKO Clause: OHKO moves are banned\n|rule|Evasion Moves Clause: Evasion moves are banned\n|rule|Evasion Abilities Clause: Evasion abilities are banned\n|rule|Species Clause: Limit one of each Pok\u00e9mon\n|rule|Gravity Sleep Clause: The combination of sleep-inducing moves with imperfect accuracy and Gravity or Gigantamax Orbeetle are banned\n|clearpoke\n|poke|p1|Flutter Mane|\n|poke|p1|Aegislash, M|\n|poke|p1|Cofagrigus, M|\n|poke|p1|Mimikyu, F|\n|poke|p1|Zoroark-Hisui, F|\n|poke|p1|Chandelure, F|\n|poke|p2|Rillaboom, M|\n|poke|p2|Salamence, F|\n|poke|p2|Volcanion|\n|poke|p2|Chien-Pao|\n|poke|p2|Flutter Mane|\n|poke|p2|Ogerpon-Cornerstone, F|\n|teampreview\n|inactive|Battle timer is ON: inactive players will automatically lose when time's up. (requested by user58342485)\n|inactive|user58342485 has 120 seconds left.\n|\n|t:|1695208368\n|start\n|switch|p1a: Flutter Mane|Flutter Mane|100\/100\n|switch|p1b: Chandelure|Chandelure, F|100\/100\n|switch|p2a: Chien-Pao|Chien-Pao|100\/100\n|switch|p2b: Rillaboom|Rillaboom, M|100\/100\n|-ability|p2a: Chien-Pao|Sword of Ruin\n|-fieldstart|move: Grassy Terrain|[from] ability: Grassy Surge|[of] p2b: Rillaboom\n|turn|1\n|\n|t:|1695208395\n|-terastallize|p2b: Rillaboom|Rock\n|move|p2a: Chien-Pao|Sucker Punch|p1b: Chandelure\n|-supereffective|p1b: Chandelure\n|-damage|p1b: Chandelure|0 fnt\n|faint|p1b: Chandelure\n|move|p2b: Rillaboom|Grassy Glide|p1a: Flutter Mane\n|-damage|p1a: Flutter Mane|5\/100\n|replace|p1a: Zoroark|Zoroark-Hisui, F\n|-end|p1a: Zoroark|Illusion\n|move|p1a: Zoroark|Hyper Voice|p2b: Rillaboom|[spread] p2a,p2b\n|-resisted|p2b: Rillaboom\n|-damage|p2a: Chien-Pao|49\/100\n|-damage|p2b: Rillaboom|90\/100\n|\n|-heal|p2a: Chien-Pao|55\/100|[from] Grassy Terrain\n|-heal|p1a: Zoroark|11\/100|[from] Grassy Terrain\n|-heal|p2b: Rillaboom|96\/100|[from] Grassy Terrain\n|upkeep\n|inactive|ShadeDoll has 120 seconds left.\n|\n|t:|1695208420\n|switch|p1b: Cofagrigus|Cofagrigus, M|100\/100\n|turn|2\n|\n|t:|1695208435\n|-terastallize|p1b: Cofagrigus|Steel\n|move|p2a: Chien-Pao|Protect|p2a: Chien-Pao\n|-singleturn|p2a: Chien-Pao|Protect\n|move|p1a: Zoroark|Hyper Voice|p2b: Rillaboom|[spread] p2b\n|-activate|p2a: Chien-Pao|move: Protect\n|-resisted|p2b: Rillaboom\n|-damage|p2b: Rillaboom|85\/100\n|move|p2b: Rillaboom|U-turn|p1a: Zoroark\n|-resisted|p1a: Zoroark\n|-damage|p1a: Zoroark|0 fnt\n|faint|p1a: Zoroark\n|\n|t:|1695208450\n|switch|p2b: Volcanion|Volcanion|100\/100|[from] U-turn\n|move|p1b: Cofagrigus|Iron Defense|p1b: Cofagrigus\n|-boost|p1b: Cofagrigus|def|2\n|\n|-heal|p2a: Chien-Pao|61\/100|[from] Grassy Terrain\n|upkeep\n|\n|t:|1695208454\n|switch|p1a: Flutter Mane|Flutter Mane|100\/100\n|turn|3\n|\n|t:|1695208468\n|move|p2a: Chien-Pao|Sucker Punch|p1a: Flutter Mane\n|-damage|p1a: Flutter Mane|0 fnt\n|faint|p1a: Flutter Mane\n|-end|p1a: Flutter Mane|Protosynthesis|[silent]\n|move|p2b: Volcanion|Heat Wave|p1b: Cofagrigus\n|-supereffective|p1b: Cofagrigus\n|-damage|p1b: Cofagrigus|0 fnt\n|faint|p1b: Cofagrigus\n|\n|-heal|p2a: Chien-Pao|67\/100|[from] Grassy Terrain\n|upkeep\n|-message|ShadeDoll forfeited.\n|\n|win|user58342485\n|raw|ShadeDoll's rating: 1220 &rarr; <strong>1214<\/strong><br \/>(-6 for losing)\n|raw|user58342485's rating: 1553 &rarr; <strong>1558<\/strong><br \/>(+5 for winning)\n|l|\u2606ShadeDoll\n","uploadtime":1695208494,"views":41,"p1id":"shadedoll","p2id":"user58342485","formatid":"gen9nationaldexdoubles","rating":1214,"private":0,"password":""}